4328 6232
203 327 266 389 172
757 318 804 373 EX
823 316 1041 372 INNOCEN'I'II
1058 315 1099 371 IV
1117 315 1300 376 REGISTRO

198 498 379 583 apostolica
407 494 485 560 sede
516 514 688 573 concessa,
718 513 760 557 no
788 490 936 555 interdici
960 492 1012 555 vel
1037 495 1318 560 excommunicari
1342 497 1469 582 possint
1490 519 1551 584 per
1572 497 1700 562 litteras
1722 503 1861 585 aposto-

198 602 288 680 licas,
312 622 375 685 que
399 599 439 664 de
464 598 668 684 indulgentia
691 597 762 681 ipsa
785 597 915 681 plenam
940 603 973 658 et
996 617 1190 682 expressam
1214 620 1280 663 non
1305 599 1445 665 fecerint
1467 602 1678 666 mentionem.

307 721 383 784 Dat.
407 719 571 805 Lugduni,
595 717 662 781 XII
685 716 759 782 Kal.
782 715 937 800 Augusti,
960 737 1046 780 nnnc
1069 717 1129 782 IV.

1004 908 1050 972 ΙΙ.

224 1028 229 1041 ’
309 1084 347 1100 ..
376 1027 535 1101 abbati
563 1027 669 1100 Loci
695 1027 856 1100 Sancti
883 1027 1120 1100 Bernardi
1148 1028 1493 1104 Cistcrciensis
1519 1029 1736 1104 ordinis⁸.

309 1160 360 1225 De
389 1161 683 1247 circumspectione
707 1165 767 1223 etc.
798 1156 960 1245 [usquelbz
992 1146 1205 1239 mandamus,
1239 1162 1394 1246 quatinus
1423 1163 1610 1228 vicesimam
1639 1168 1863 1249 proventuum
1932 1212 1934 1220 .

201 1264 343 1326 omnium
368 1265 610 1350 possessionum
635 1270 669 1327 et
692 1263 849 1327 bonorum
872 1262 913 1325 ab
937 1264 1085 1327 ecclesiis
1109 1269 1142 1328 et
1164 1266 1315 1349 personis
1339 1265 1587 1343 ecclesiasticis,
1609 1273 1677 1330 tam
1693 1265 1863 1351 exemptis

200 1386 296 1449 quam
324 1388 389 1431 non
421 1368 597 1453 exemptis,
626 1365 837 1444 Leodiensis,
866 1364 1116 1430 Cameracensis
1140 1374 1174 1430 et
1196 1366 1420 1431 Traiectensis
1444 1367 1611 1433 civitatum
1636 1374 1670 1431 et
1692 1367 1862 1431 diocesum

200 1493 259 1557 per
288 1472 462 1535 triennium
494 1472 551 1535 tibi
581 1454 683 1535 facias
714 1471 874 1554 assignari
905 1477 939 1532 ct
969 1472 1194 1554 consignatam
1224 1471 1256 1533 in
1289 1471 1362 1535 loco
1393 1477 1471 1558 apto
1502 1470 1622 1557 deponi
1647 1476 1708 1534 etc.
1735 1492 1861 1555 usque:

201 1576 409 1640 mentionem.

308 1686 383 1750 Dat.
407 1686 569 1770 Lugduni,
592 1685 678 1748 XIII
700 1684 776 1750 Kal.
801 1684 954 1768 Augusti,
978 1705 1063 1748 anno
1087 1685 1167 1749 IV¹.

984 2156 1071 2229 d33.

303 2252 521 2344 Innocentius
540 2279 562 2344 1
567 2279 598 2343 V
608 2300 698 2363 papa
720 2279 878 2364 [Henrieo
897 2279 956 2363 ΙΙ]
982 2279 1074 2344 eleeto
1100 2279 1248 2360 Spirensi
1277 2281 1448 2346 swnnatlos
1471 2280 1635 2365 Spirensis
1662 2281 1802 2346 civitatis
1830 2284 1858 2345 et

199 2385 341 2462 (licensis,
377 2384 432 2464 qai
455 2383 656 2467 afficeras]
677 2382 833 2464 quondam
863 2383 1047 2465 imperatori
1073 2383 1230 2464 breuesque
1258 2384 1465 2448 edisserentes
1493 2384 1538 2448 ad
1566 2384 1725 2448 canuam
1756 2383 1858 2447 redire

199 2489 304 2564 nolint,
327 2488 383 2551 sul)
405 2486 497 2550 certis
518 2486 746 2572 conditionibus
768 2486 807 2550 ab
830 2487 1145 2551 antoninianicationc
1168 2487 1349 2551 dissolvendi
1368 2487 1552 2568 inusitatas
1575 2487 1721 2551 coneedit.

1519 2593 1613 2668 1246,
1636 2591 1701 2655 lat.
1717 2593 1771 2655 30.

304 2673 369 2727 Inn.
383 2674 431 2727 IV
446 2675 510 2742 Rea.
527 2674 584 2728 Vol.
598 2674 623 2741 I,
642 2680 702 2739 3175
724 2673 783 2726 mo.
799 2673 851 2740 IV,
869 2682 907 2727 60.
1907 2695 1928 2733 rs

305 2761 404 2829 Beroer
421 2768 492 2815 2055.

791 2926 830 2945 ..
862 2871 1014 2944 electo
1042 2871 1270 2964 Spirensi.

310 3004 408 3083 Cum,
438 3006 577 3069 sicutte
601 3008 787 3092 accepimus
811 3006 997 3082 intimante,
1031 3006 1178 3070 nonnulli
1202 3005 1368 3090 Spirensis
1393 3005 1534 3070 civitatis
1558 3010 1592 3068 et
1614 3002 1771 3083 diocesis,
1802 3003 1857 3088 qui

201 3108 237 3172 F.
262 3107 422 3193 quondam
454 3111 644 3195 imperatori
676 3109 904 3186 adheserant&
938 3109 1045 3174 redire
1075 3108 1116 3173 ad
1150 3110 1310 3192 gremium
1343 3108 1484 3173 ecclesie
1512 3108 1758 3194 concupiscant,
1787 3126 1857 3185 nos,

201 3211 383 3279 devotionis
407 3221 462 3279 tue
487 3215 637 3300 precibus
661 3215 817 3289 inclinati,
842 3212 1035 3278 absolvendi
1059 3234 1114 3278 cos
1137 3215 1231 3277 iuxta
1253 3213 1391 3278 formam
1414 3214 1556 3278 ecclesie
1573 3213 1614 3277 ab
1632 3210 1855 3277 exeommuni-
1904 3237 1928 3275 a

200 3318 344 3393 catione.
375 3339 471 3403 quam
502 3318 622 3383 exinde
651 3319 827 3383 incurrisse
856 3324 1043 3391 noscuntur,
1075 3324 1109 3381 et
1138 3316 1236 3382 etiam
1259 3317 1458 3393 iuramento,
1488 3317 1516 3381 ai
1538 3317 1649 3381 forsan
1674 3335 1775 3400 super
1796 3313 1858 3378 hoc

200 3421 330 3505 aliquod
354 3424 583 3509 prestiterunt,
612 3426 743 3510 plenam
767 3423 826 3486 tibi
852 3422 1062 3487 concedimus
1085 3423 1280 3486 auctoritate
1304 3423 1505 3508 presentium
1528 3421 1735 3495 facultatem,
1763 3419 1857 3483 dum·

200 3525 297 3589 modo
320 3527 380 3612 ipsi
404 3535 494 3592 tanto
516 3536 664 3613 ternpore
689 3526 729 3591 ad
754 3527 895 3591 ecclesie
920 3526 1088 3589 servitium
1111 3526 1144 3588 in
1160 3524 1309 3611 partibus
1325 3524 1510 3589 Theotonie
1527 3530 1752 3610 permaneant,
1775 3522 1859 3585 sicut

200 3628 361 3694 deberent
383 3632 475 3696 iuxta
498 3637 656 3695 statutum
679 3638 826 3694 nostrum
851 3650 985 3694 manere
1008 3630 1041 3692 in
1064 3630 1214 3714 partibus
1238 3630 1474 3710 transmarinis,
1498 3634 1621 3714 quanto
1645 3634 1793 3712 tempore
1816 3623 1857 3688 ad

200 3733 340 3817 predicti
365 3734 400 3798 F.
424 3733 616 3818 obsequium
640 3735 863 3819 perstiterunt.
1906 3755 1930 3794 ²³

309 3853 384 3918 Dat.
408 3853 572 3937 Lugduni,
595 3854 649 3917 III
671 3853 747 3919 Kal.
771 3854 922 3938 Augusti,
945 3874 1030 3916 anno
1054 3852 1135 3916 1v2.

990 4324 1077 4398 234.

306 4424 523 4516 Innocentius
538 4448 596 4513 IV
607 4469 698 4533 papa
719 4449 870 4533 episeopis
891 4449 1021 4513 Frisios
1042 4449 1183 4527 maniat,
1205 4453 1242 4513 at
1263 4450 1492 4531 meesipnatos
1512 4447 1641 4514 Frisios
1661 4446 1859 4530 conspeltant,

201 4559 237 4618 nt
251 4576 273 4618 a
284 4555 430 4636 proximo
444 4553 568 4617 Martio
588 4573 686 4634 supra
707 4554 752 4617 ad
772 4574 894 4618 annam
916 4555 977 4618 itcr
998 4553 1169 4636 arripiant,
1192 4555 1226 4617 in
1244 4555 1396 4635 macagio
1416 4573 1484 4616 cara
1499 4551 1683 4637 [Lsrdmoico
1697 4549 1771 4635 IX]
1790 4570 1859 4631 repe

202 4656 363 4723 Francius
385 4655 640 4743 transfretaturi.
1340 4659 1434 4735 1246,
1456 4653 1723 4737 Iai28—Anq.
1739 4655 1770 4717 9.

306 4779 368 4831 Insa.
382 4778 431 4831 IV
446 4777 508 4847 Rsp.
525 4778 578 4832 Vol.
592 4779 615 4847 Ι,
633 4784 696 4846 317;
713 4778 772 4833 Inlr.
786 4779 839 4847 IV,
856 4787 898 4834 59.

306 4865 406 4934 Berpsr
423 4872 498 4919 2054.

312 4992 432 5001 ——.

306 5076 331 5139 ⁸)
349 5076 541 5128 Gammausa
558 5077 666 5127 diocesis
683 5078 748 5128 siesst
764 5095 845 5143 eupm
863 5078 1036 5144 supplendum
1054 5086 1096 5128 est.
1207 5074 1232 5139 l)
1252 5092 1334 5142 usque
1352 5075 1420 5125 deest
1432 5071 1479 5125 1’..·
1489 5075 1607 5140 sortasse
1625 5072 1696 5122 toea
1712 5071 1740 5121 in
1754 5069 1786 5121 a.
1795 5087 1857 5136 per-

201 5164 311 5229 scriptae
328 5172 372 5214 est.
473 5160 497 5215 cl
515 5162 669 5214 adheserunt
683 5162 716 5214 B.

306 5283 331 5347 1)
352 5279 449 5334 Eidem
465 5280 515 5332 ereb
531 5279 615 5333 corten
632 5280 674 5334 dre
692 5281 837 5348 minant,
855 5288 886 5335 at
904 5283 1089 5352 mutones
1106 5289 1129 5336 et
1147 5281 1309 5336 clamatores
1325 5286 1445 5333 intonas
1458 5278 1701 5348 miceammtomrn
1714 5274 1857 5330 curandas

201 5367 339 5420 mutatura
357 5373 380 5420 et
398 5367 549 5435 diocesinss,
567 5369 615 5437 qni
633 5374 690 5421 ruta
710 5386 762 5423 sna
779 5370 874 5437 ereqrri
892 5386 945 5423 noes
960 5377 1077 5439 smmi,
1091 5387 1141 5439 per
1158 5370 1303 5423 trimisium
1320 5367 1372 5421 au
1388 5365 1523 5434 assiam
1537 5370 1561 5417 et
1573 5361 1660 5417 endas
1671 5360 1857 5430 ssododqrosei
1904 5376 1928 5416 st

198 5452 310 5519 soom
328 5454 425 5522 urps
441 5460 517 5509 toti:
534 5455 566 5520 cf.
584 5456 663 5509 darm
681 5461 755 5510 2315.
831 5458 860 5515 2}
880 5456 939 5510 Sal>
954 5457 1040 5511 eodem
1058 5457 1102 5510 die
1118 5456 1249 5511 maan
1269 5454 1418 5522 Spirerssers
1435 5452 1485 5505 art
1498 5451 1658 5520 mutans
1672 5465 1725 5503 ssa
1742 5447 1859 5519 suscepit

200 5538 308 5606 eiusque
327 5540 396 5593 bona
414 5540 579 5607 confirmarit
595 5548 619 5595 et
636 5549 832 5596 minueres
848 5542 931 5595 teins
945 5545 1048 5611 mistiae
1064 5542 1213 5599 missitant.-
1233 5542 1361 5609 russas,
1377 5540 1438 5608 Rea.
1450 5543 1566 5593 temet
1579 5541 1675 5599 mu,-
1687 5550 1759 5605 quae
1774 5549 1814 5605 qs
1827 5534 1858 5589 iss

203 5622 269 5694 aa.
287 5642 341 5679 non
359 5631 459 5681 mant.
