<?xml version="1.0" encoding="UTF-8"?>
<!DOCTYPE html PUBLIC "-//W3C//DTD XHTML 1.0 Transitional//EN"
    "http://www.w3.org/TR/xhtml1/DTD/xhtml1-transitional.dtd">
<html xmlns="http://www.w3.org/1999/xhtml" xml:lang="en" lang="en">
 <head>
  <title>
</title>
<meta http-equiv="Content-Type" content="text/html;charset=utf-8" />
  <meta name='ocr-system' content='tesseract 3.04.00' />
  <meta name='ocr-capabilities' content='ocr_page ocr_carea ocr_par ocr_line ocrx_word'/>
</head>
<body>
  <div class='ocr_page' id='page_1' title='image "./monumentagerman00popegoog_0349.png"; bbox 0 0 4328 6232; ppageno 0'>
   <div class='ocr_carea' id='block_1_1' title="bbox 816 380 1354 445">
    <p class='ocr_par' dir='ltr' id='par_1_1' title="bbox 816 380 1354 445">
     <span class='ocr_line' id='line_1_1' title="bbox 816 380 1354 445; baseline 0 -8"><span class='ocrx_word' id='word_1_1' title='bbox 816 381 863 437; x_wconf 82' lang='lat' dir='ltr'>EX</span> <span class='ocrx_word' id='word_1_2' title='bbox 882 382 1098 445; x_wconf 69' lang='lat' dir='ltr'>innocuum</span> <span class='ocrx_word' id='word_1_3' title='bbox 1117 381 1155 437; x_wconf 86' lang='lat' dir='ltr'>IV</span> <span class='ocrx_word' id='word_1_4' title='bbox 1175 380 1354 438; x_wconf 67' lang='lat' dir='ltr'>anemurio</span> 
     </span>
    </p>
   </div>
   <div class='ocr_carea' id='block_1_2' title="bbox 351 682 1833 898">
    <p class='ocr_par' dir='ltr' id='par_1_2' title="bbox 351 682 1833 898">
     <span class='ocr_line' id='line_1_2' title="bbox 351 682 1833 776; baseline -0.001 -19"><span class='ocrx_word' id='word_1_5' title='bbox 351 684 485 758; x_wconf 89' lang='lat' dir='ltr'>Petro</span> <span class='ocrx_word' id='word_1_6' title='bbox 513 685 667 758; x_wconf 80' lang='lat' dir='ltr'>Sancti</span> <span class='ocrx_word' id='word_1_7' title='bbox 695 684 876 776; x_wconf 86' lang='lat' dir='ltr'>Georgii</span> <span class='ocrx_word' id='word_1_8' title='bbox 903 685 957 757; x_wconf 88' lang='lat' dir='ltr'>ad</span> <span class='ocrx_word' id='word_1_9' title='bbox 976 683 1126 756; x_wconf 89' lang='lat' dir='ltr'>Vclum</span> <span class='ocrx_word' id='word_1_10' title='bbox 1153 683 1350 756; x_wconf 84' lang='lat' dir='ltr'>Aureum</span> <span class='ocrx_word' id='word_1_11' title='bbox 1377 683 1566 757; x_wconf 84' lang='lat' dir='ltr'>diacono</span> <span class='ocrx_word' id='word_1_12' title='bbox 1594 682 1833 770; x_wconf 83' lang='lat' dir='ltr'>cardinali,</span> 
     </span>
     <span class='ocr_line' id='line_1_3' title="bbox 780 805 1403 898; baseline -0.003 -18"><span class='ocrx_word' id='word_1_13' title='bbox 780 805 1035 898; x_wconf 89' lang='lat' dir='ltr'>apostolice</span> <span class='ocrx_word' id='word_1_14' title='bbox 1063 806 1197 880; x_wconf 86' lang='lat' dir='ltr'>sedis</span> <span class='ocrx_word' id='word_1_15' title='bbox 1224 805 1403 897; x_wconf 82' lang='lat' dir='ltr'>legato⁸.</span> 
     </span>
    </p>
   </div>
   <div class='ocr_carea' id='block_1_3' title="bbox 267 953 1970 2286">
    <p class='ocr_par' dir='ltr' id='par_1_3' title="bbox 267 953 1970 2286">
     <span class='ocr_line' id='line_1_4' title="bbox 370 953 1916 1041; baseline -0.001 -21"><span class='ocrx_word' id='word_1_16' title='bbox 370 956 475 1021; x_wconf 88' lang='lat' dir='ltr'>Nemo</span> <span class='ocrx_word' id='word_1_17' title='bbox 499 977 578 1021; x_wconf 88' lang='lat' dir='ltr'>sane</span> <span class='ocrx_word' id='word_1_18' title='bbox 601 957 720 1020; x_wconf 89' lang='lat' dir='ltr'>mentis</span> <span class='ocrx_word' id='word_1_19' title='bbox 743 957 883 1041; x_wconf 88' lang='lat' dir='ltr'>ignorat,</span> <span class='ocrx_word' id='word_1_20' title='bbox 907 954 995 1040; x_wconf 88' lang='lat' dir='ltr'>quod</span> <span class='ocrx_word' id='word_1_21' title='bbox 1018 975 1091 1018; x_wconf 92' lang='lat' dir='ltr'>cum</span> <span class='ocrx_word' id='word_1_22' title='bbox 1112 954 1150 1021; x_wconf 83' lang='lat' dir='ltr'>F.</span> <span class='ocrx_word' id='word_1_23' title='bbox 1174 954 1335 1040; x_wconf 90' lang='lat' dir='ltr'>quondam</span> <span class='ocrx_word' id='word_1_24' title='bbox 1359 954 1550 1040; x_wconf 87' lang='lat' dir='ltr'>imperator,</span> <span class='ocrx_word' id='word_1_25' title='bbox 1579 954 1761 1020; x_wconf 88' lang='lat' dir='ltr'><strong>membrum</strong></span> <span class='ocrx_word' id='word_1_26' title='bbox 1786 953 1916 1033; x_wconf 86' lang='lat' dir='ltr'>diaboli,</span> 
     </span>
     <span class='ocr_line' id='line_1_5' title="bbox 267 1056 1916 1145; baseline -0.001 -21"><span class='ocrx_word' id='word_1_27' title='bbox 267 1061 401 1124; x_wconf 82' lang='lat' dir='ltr'><strong>sathane</strong></span> <span class='ocrx_word' id='word_1_28' title='bbox 429 1061 579 1124; x_wconf 83' lang='lat' dir='ltr'>minister</span> <span class='ocrx_word' id='word_1_29' title='bbox 613 1065 646 1124; x_wconf 88' lang='lat' dir='ltr'>et</span> <span class='ocrx_word' id='word_1_30' title='bbox 679 1059 794 1125; x_wconf 85' lang='lat' dir='ltr'>infelix</span> <span class='ocrx_word' id='word_1_31' title='bbox 825 1060 1017 1145; x_wconf 83' lang='lat' dir='ltr'>pronuntias</span> <span class='ocrx_word' id='word_1_32' title='bbox 1039 1058 1249 1138; x_wconf 86' lang='lat' dir='ltr'>Antichristi,</span> <span class='ocrx_word' id='word_1_33' title='bbox 1277 1057 1319 1137; x_wconf 83' lang='lat' dir='ltr'>ad</span> <span class='ocrx_word' id='word_1_34' title='bbox 1348 1056 1600 1123; x_wconf 80' lang='lat' dir='ltr'>destructionem</span> <span class='ocrx_word' id='word_1_35' title='bbox 1625 1057 1806 1122; x_wconf 83' lang='lat' dir='ltr'>orthodoxe</span> <span class='ocrx_word' id='word_1_36' title='bbox 1829 1057 1916 1135; x_wconf 87' lang='lat' dir='ltr'>fidei,</span> 
     </span>
     <span class='ocr_line' id='line_1_6' title="bbox 268 1160 1970 1228; baseline -0.001 -1"><span class='ocrx_word' id='word_1_37' title='bbox 268 1164 544 1228; x_wconf 80' lang='lat' dir='ltr'>conculcationem</span> <span class='ocrx_word' id='word_1_38' title='bbox 585 1164 743 1228; x_wconf 87' lang='lat' dir='ltr'>nobilium</span> <span class='ocrx_word' id='word_1_39' title='bbox 780 1172 813 1228; x_wconf 89' lang='lat' dir='ltr'>et</span> <span class='ocrx_word' id='word_1_40' title='bbox 852 1164 988 1228; x_wconf 91' lang='lat' dir='ltr'>aliorum</span> <span class='ocrx_word' id='word_1_41' title='bbox 1024 1161 1168 1227; x_wconf 89' lang='lat' dir='ltr'>fidelium</span> <span class='ocrx_word' id='word_1_42' title='bbox 1206 1169 1239 1227; x_wconf 90' lang='lat' dir='ltr'>ct</span> <span class='ocrx_word' id='word_1_43' title='bbox 1277 1160 1493 1226; x_wconf 78' lang='lat' dir='ltr'>omnimodam</span> <span class='ocrx_word' id='word_1_44' title='bbox 1532 1161 1673 1227; x_wconf 89' lang='lat' dir='ltr'>ecclesie</span> <span class='ocrx_word' id='word_1_45' title='bbox 1714 1161 1916 1228; x_wconf 89' lang='lat' dir='ltr'>deletionem</span> <span class='ocrx_word' id='word_1_46' title='bbox 1965 1179 1970 1213; x_wconf 74' lang='lat'>³</span> 
     </span>
     <span class='ocr_line' id='line_1_7' title="bbox 268 1264 1918 1353; baseline -0.001 -24"><span class='ocrx_word' id='word_1_47' title='bbox 268 1267 401 1351; x_wconf 84' lang='lat' dir='ltr'>aspiret,</span> <span class='ocrx_word' id='word_1_48' title='bbox 424 1268 497 1353; x_wconf 92' lang='lat' dir='ltr'>plus</span> <span class='ocrx_word' id='word_1_49' title='bbox 521 1267 677 1353; x_wconf 80' lang='lat' dir='ltr'>cupeditb</span> <span class='ocrx_word' id='word_1_50' title='bbox 700 1276 732 1331; x_wconf 89' lang='lat' dir='ltr'>et</span> <span class='ocrx_word' id='word_1_51' title='bbox 755 1268 922 1352; x_wconf 90' lang='lat' dir='ltr'>acceptius</span> <span class='ocrx_word' id='word_1_52' title='bbox 946 1274 996 1330; x_wconf 91' lang='lat' dir='ltr'>cst</span> <span class='ocrx_word' id='word_1_53' title='bbox 1020 1265 1093 1330; x_wconf 92' lang='lat' dir='ltr'>Deo</span> <span class='ocrx_word' id='word_1_54' title='bbox 1117 1272 1228 1330; x_wconf 90' lang='lat' dir='ltr'>nostro</span> <span class='ocrx_word' id='word_1_55' title='bbox 1264 1273 1296 1331; x_wconf 87' lang='lat' dir='ltr'>ct</span> <span class='ocrx_word' id='word_1_56' title='bbox 1330 1265 1460 1330; x_wconf 88' lang='lat' dir='ltr'>domino</span> <span class='ocrx_word' id='word_1_57' title='bbox 1484 1265 1561 1330; x_wconf 89' lang='lat' dir='ltr'>Iesu</span> <span class='ocrx_word' id='word_1_58' title='bbox 1585 1264 1737 1344; x_wconf 80' lang='lat' dir='ltr'>Christo,</span> <span class='ocrx_word' id='word_1_59' title='bbox 1768 1265 1802 1329; x_wconf 89' lang='lat' dir='ltr'>in</span> <span class='ocrx_word' id='word_1_60' title='bbox 1825 1266 1918 1328; x_wconf 89' lang='lat' dir='ltr'>cuius</span> 
     </span>
     <span class='ocr_line' id='line_1_8' title="bbox 273 1368 1918 1455; baseline -0.001 -23"><span class='ocrx_word' id='word_1_61' title='bbox 273 1370 422 1434; x_wconf 90' lang='lat' dir='ltr'>iniuriam</span> <span class='ocrx_word' id='word_1_62' title='bbox 446 1370 524 1434; x_wconf 89' lang='lat' dir='ltr'>talia</span> <span class='ocrx_word' id='word_1_63' title='bbox 546 1391 735 1455; x_wconf 87' lang='lat' dir='ltr'>presumere</span> <span class='ocrx_word' id='word_1_64' title='bbox 758 1391 824 1434; x_wconf 92' lang='lat' dir='ltr'>non</span> <span class='ocrx_word' id='word_1_65' title='bbox 847 1369 1014 1448; x_wconf 84' lang='lat' dir='ltr'>formidat,</span> <span class='ocrx_word' id='word_1_66' title='bbox 1049 1377 1086 1432; x_wconf 92' lang='lat' dir='ltr'>ut</span> <span class='ocrx_word' id='word_1_67' title='bbox 1114 1376 1227 1433; x_wconf 88' lang='lat' dir='ltr'>contra</span> <span class='ocrx_word' id='word_1_68' title='bbox 1258 1391 1316 1433; x_wconf 91' lang='lat' dir='ltr'>sue</span> <span class='ocrx_word' id='word_1_69' title='bbox 1347 1369 1528 1455; x_wconf 89' lang='lat' dir='ltr'>iniquitatis</span> <span class='ocrx_word' id='word_1_70' title='bbox 1553 1368 1722 1455; x_wconf 89' lang='lat' dir='ltr'>perfidiam</span> <span class='ocrx_word' id='word_1_71' title='bbox 1747 1369 1918 1433; x_wconf 89' lang='lat' dir='ltr'>carissimo</span> 
     </span>
     <span class='ocr_line' id='line_1_9' title="bbox 271 1472 1918 1559; baseline -0.001 -23"><span class='ocrx_word' id='word_1_72' title='bbox 271 1474 305 1536; x_wconf 93' lang='lat' dir='ltr'>in</span> <span class='ocrx_word' id='word_1_73' title='bbox 330 1473 457 1537; x_wconf 82' lang='lat' dir='ltr'>Christo</span> <span class='ocrx_word' id='word_1_74' title='bbox 480 1475 546 1537; x_wconf 88' lang='lat' dir='ltr'>filio</span> <span class='ocrx_word' id='word_1_75' title='bbox 569 1479 681 1538; x_wconf 91' lang='lat' dir='ltr'>nostro</span> <span class='ocrx_word' id='word_1_76' title='bbox 706 1523 739 1539; x_wconf 94' lang='lat'>..</span> <span class='ocrx_word' id='word_1_77' title='bbox 763 1474 832 1558; x_wconf 90' lang='lat' dir='ltr'>regi</span> <span class='ocrx_word' id='word_1_78' title='bbox 848 1472 1067 1538; x_wconf 87' lang='lat' dir='ltr'>Romanorum</span> <span class='ocrx_word' id='word_1_79' title='bbox 1085 1472 1204 1537; x_wconf 89' lang='lat' dir='ltr'>illustri</span> <span class='ocrx_word' id='word_1_80' title='bbox 1221 1480 1428 1537; x_wconf 86' lang='lat' dir='ltr'>succurratur</span> <span class='ocrx_word' id='word_1_81' title='bbox 1451 1472 1492 1536; x_wconf 88' lang='lat' dir='ltr'>ad</span> <span class='ocrx_word' id='word_1_82' title='bbox 1515 1493 1660 1559; x_wconf 85' lang='lat' dir='ltr'>presens,</span> <span class='ocrx_word' id='word_1_83' title='bbox 1678 1482 1795 1557; x_wconf 79' lang='lat' dir='ltr'>qnam⁰</span> <span class='ocrx_word' id='word_1_84' title='bbox 1819 1472 1918 1536; x_wconf 85' lang='lat' dir='ltr'>etism</span> 
     </span>
     <span class='ocr_line' id='line_1_10' title="bbox 273 1573 1918 1662; baseline -0.001 -23"><span class='ocrx_word' id='word_1_85' title='bbox 273 1575 375 1640; x_wconf 85' lang='lat' dir='ltr'>Terre</span> <span class='ocrx_word' id='word_1_86' title='bbox 399 1576 533 1655; x_wconf 82' lang='lat' dir='ltr'>Sancte,</span> <span class='ocrx_word' id='word_1_87' title='bbox 557 1597 630 1640; x_wconf 91' lang='lat' dir='ltr'>cum</span> <span class='ocrx_word' id='word_1_88' title='bbox 653 1577 700 1640; x_wconf 94' lang='lat' dir='ltr'>illi</span> <span class='ocrx_word' id='word_1_89' title='bbox 724 1584 826 1657; x_wconf 89' lang='lat' dir='ltr'>terre,</span> <span class='ocrx_word' id='word_1_90' title='bbox 851 1577 942 1641; x_wconf 89' lang='lat' dir='ltr'>cuius</span> <span class='ocrx_word' id='word_1_91' title='bbox 965 1577 1121 1661; x_wconf 89' lang='lat' dir='ltr'>templum</span> <span class='ocrx_word' id='word_1_92' title='bbox 1154 1575 1241 1641; x_wconf 88' lang='lat' dir='ltr'>idem</span> <span class='ocrx_word' id='word_1_93' title='bbox 1270 1576 1397 1660; x_wconf 91' lang='lat' dir='ltr'>iniquus</span> <span class='ocrx_word' id='word_1_94' title='bbox 1427 1577 1627 1662; x_wconf 91' lang='lat' dir='ltr'>coinquinari</span> <span class='ocrx_word' id='word_1_95' title='bbox 1656 1575 1736 1640; x_wconf 92' lang='lat' dir='ltr'>fecit</span> <span class='ocrx_word' id='word_1_96' title='bbox 1759 1597 1780 1639; x_wconf 88' lang='lat' dir='ltr'>a</span> <span class='ocrx_word' id='word_1_97' title='bbox 1802 1573 1918 1638; x_wconf 85' lang='lat' dir='ltr'>Sarra·</span> 
     </span>
     <span class='ocr_line' id='line_1_11' title="bbox 270 1679 1970 1767; baseline -0.001 -24"><span class='ocrx_word' id='word_1_98' title='bbox 270 1700 422 1744; x_wconf 86' lang='lat' dir='ltr'>cenorum</span> <span class='ocrx_word' id='word_1_99' title='bbox 455 1681 625 1767; x_wconf 89' lang='lat' dir='ltr'>spurcitia,</span> <span class='ocrx_word' id='word_1_100' title='bbox 653 1687 817 1765; x_wconf 88' lang='lat' dir='ltr'>tamquam</span> <span class='ocrx_word' id='word_1_101' title='bbox 847 1702 918 1745; x_wconf 91' lang='lat' dir='ltr'>cum</span> <span class='ocrx_word' id='word_1_102' title='bbox 949 1681 996 1744; x_wconf 91' lang='lat' dir='ltr'>eis</span> <span class='ocrx_word' id='word_1_103' title='bbox 1020 1679 1272 1764; x_wconf 86' lang='lat' dir='ltr'>dampnabiliter</span> <span class='ocrx_word' id='word_1_104' title='bbox 1295 1680 1455 1759; x_wconf 88' lang='lat' dir='ltr'>sentiens,</span> <span class='ocrx_word' id='word_1_105' title='bbox 1486 1679 1561 1744; x_wconf 90' lang='lat' dir='ltr'>hinc</span> <span class='ocrx_word' id='word_1_106' title='bbox 1584 1680 1728 1743; x_wconf 89' lang='lat' dir='ltr'>succurri</span> <span class='ocrx_word' id='word_1_107' title='bbox 1752 1680 1864 1743; x_wconf 84' lang='lat' dir='ltr'>valeat</span> <span class='ocrx_word' id='word_1_108' title='bbox 1887 1686 1920 1742; x_wconf 92' lang='lat' dir='ltr'>et</span> <span class='ocrx_word' id='word_1_109' title='bbox 1969 1700 1970 1707; x_wconf 51' lang='lat'>¹</span> 
     </span>
     <span class='ocr_line' id='line_1_12' title="bbox 271 1772 1970 1870; baseline -0.001 -24"><span class='ocrx_word' id='word_1_110' title='bbox 271 1782 384 1847; x_wconf 92' lang='lat' dir='ltr'>fideles</span> <span class='ocrx_word' id='word_1_111' title='bbox 409 1781 529 1848; x_wconf 87' lang='lat' dir='ltr'>Christi</span> <span class='ocrx_word' id='word_1_112' title='bbox 560 1785 686 1848; x_wconf 93' lang='lat' dir='ltr'>nullum</span> <span class='ocrx_word' id='word_1_113' title='bbox 719 1782 794 1848; x_wconf 90' lang='lat' dir='ltr'>inde</span> <span class='ocrx_word' id='word_1_114' title='bbox 830 1805 962 1869; x_wconf 86' lang='lat' dir='ltr'>sperare</span> <span class='ocrx_word' id='word_1_115' title='bbox 997 1792 1133 1870; x_wconf 87' lang='lat' dir='ltr'>possent</span> <span class='ocrx_word' id='word_1_116' title='bbox 1161 1784 1335 1861; x_wconf 80' lang='lat' dir='ltr'>auxilinm,</span> <span class='ocrx_word' id='word_1_117' title='bbox 1365 1791 1626 1868; x_wconf 88' lang='lat' dir='ltr'>quantacumque</span> <span class='ocrx_word' id='word_1_118' title='bbox 1649 1783 1834 1847; x_wconf 87' lang='lat' dir='ltr'>necessitas</span> <span class='ocrx_word' id='word_1_119' title='bbox 1859 1783 1919 1845; x_wconf 91' lang='lat' dir='ltr'>im·</span> <span class='ocrx_word' id='word_1_120' title='bbox 1966 1772 1970 1784; x_wconf 70' lang='grc'><strong>’</strong></span> 
     </span>
     <span class='ocr_line' id='line_1_13' title="bbox 270 1884 1922 1973; baseline -0.001 -24"><span class='ocrx_word' id='word_1_121' title='bbox 270 1887 420 1951; x_wconf 87' lang='lat' dir='ltr'>minaret.</span> <span class='ocrx_word' id='word_1_122' title='bbox 475 1886 634 1960; x_wconf 84' lang='lat' dir='ltr'>Quocirca</span> <span class='ocrx_word' id='word_1_123' title='bbox 668 1888 875 1964; x_wconf 87' lang='lat' dir='ltr'>mandamus,</span> <span class='ocrx_word' id='word_1_124' title='bbox 908 1886 1082 1973; x_wconf 88' lang='lat' dir='ltr'>quatinusd</span> <span class='ocrx_word' id='word_1_125' title='bbox 1106 1893 1220 1951; x_wconf 91' lang='lat' dir='ltr'>contra</span> <span class='ocrx_word' id='word_1_126' title='bbox 1254 1884 1434 1972; x_wconf 90' lang='lat' dir='ltr'>predictum</span> <span class='ocrx_word' id='word_1_127' title='bbox 1469 1886 1505 1950; x_wconf 83' lang='lat' dir='ltr'>F.</span> <span class='ocrx_word' id='word_1_128' title='bbox 1538 1907 1668 1951; x_wconf 88' lang='lat' dir='ltr'>crucem</span> <span class='ocrx_word' id='word_1_129' title='bbox 1701 1885 1855 1971; x_wconf 89' lang='lat' dir='ltr'>predices</span> <span class='ocrx_word' id='word_1_130' title='bbox 1888 1894 1922 1948; x_wconf 89' lang='lat' dir='ltr'>et</span> 
     </span>
     <span class='ocr_line' id='line_1_14' title="bbox 269 1988 1921 2078; baseline 0.001 -26"><span class='ocrx_word' id='word_1_131' title='bbox 269 1988 371 2053; x_wconf 88' lang='lat' dir='ltr'>facias</span> <span class='ocrx_word' id='word_1_132' title='bbox 395 2012 455 2075; x_wconf 92' lang='lat' dir='ltr'>per</span> <span class='ocrx_word' id='word_1_133' title='bbox 476 1990 693 2056; x_wconf 85' lang='lat' dir='ltr'>Thcutoniam</span> <span class='ocrx_word' id='word_1_134' title='bbox 717 1992 878 2078; x_wconf 87' lang='lat' dir='ltr'>predicari</span> <span class='ocrx_word' id='word_1_135' title='bbox 908 2013 1045 2077; x_wconf 87' lang='lat' dir='ltr'>eamque</span> <span class='ocrx_word' id='word_1_136' title='bbox 1075 1992 1204 2076; x_wconf 90' lang='lat' dir='ltr'>signum</span> <span class='ocrx_word' id='word_1_137' title='bbox 1239 1992 1342 2056; x_wconf 91' lang='lat' dir='ltr'>crucis</span> <span class='ocrx_word' id='word_1_138' title='bbox 1372 1991 1412 2055; x_wconf 94' lang='lat' dir='ltr'>ob</span> <span class='ocrx_word' id='word_1_139' title='bbox 1441 1991 1500 2055; x_wconf 92' lang='lat' dir='ltr'>hoc</span> <span class='ocrx_word' id='word_1_140' title='bbox 1529 1990 1772 2054; x_wconf 84' lang='lat' dir='ltr'>assumentibus</span> <span class='ocrx_word' id='word_1_141' title='bbox 1800 2011 1921 2075; x_wconf 89' lang='lat' dir='ltr'>pecca-</span> 
     </span>
     <span class='ocr_line' id='line_1_15' title="bbox 272 2092 1922 2182; baseline 0 -26"><span class='ocrx_word' id='word_1_142' title='bbox 272 2100 376 2157; x_wconf 91' lang='lat' dir='ltr'>torum</span> <span class='ocrx_word' id='word_1_143' title='bbox 399 2115 530 2159; x_wconf 89' lang='lat' dir='ltr'>suorum</span> <span class='ocrx_word' id='word_1_144' title='bbox 553 2094 790 2181; x_wconf 83' lang='lat' dir='ltr'>indulgentiam</span> <span class='ocrx_word' id='word_1_145' title='bbox 820 2097 985 2182; x_wconf 87' lang='lat' dir='ltr'>largiaris,</span> <span class='ocrx_word' id='word_1_146' title='bbox 1014 2107 1129 2182; x_wconf 80' lang='lat' dir='ltr'>quam⁰</span> <span class='ocrx_word' id='word_1_147' title='bbox 1160 2097 1294 2160; x_wconf 90' lang='lat' dir='ltr'>instanti</span> <span class='ocrx_word' id='word_1_148' title='bbox 1322 2096 1471 2182; x_wconf 90' lang='lat' dir='ltr'>negotio,</span> <span class='ocrx_word' id='word_1_149' title='bbox 1500 2093 1586 2181; x_wconf 90' lang='lat' dir='ltr'>quod</span> <span class='ocrx_word' id='word_1_150' title='bbox 1615 2114 1772 2158; x_wconf 90' lang='lat' dir='ltr'>succursu</span> <span class='ocrx_word' id='word_1_151' title='bbox 1800 2092 1922 2157; x_wconf 89' lang='lat' dir='ltr'>festino</span> 
     </span>
     <span class='ocr_line' id='line_1_16' title="bbox 273 2196 741 2286; baseline 0.006 -26"><span class='ocrx_word' id='word_1_152' title='bbox 273 2196 406 2282; x_wconf 86' lang='lat' dir='ltr'>indiget,</span> <span class='ocrx_word' id='word_1_153' title='bbox 430 2198 549 2262; x_wconf 86' lang='lat' dir='ltr'>videris</span> <span class='ocrx_word' id='word_1_154' title='bbox 573 2199 741 2286; x_wconf 84' lang='lat' dir='ltr'>expedire.</span> 
     </span>
    </p>
   </div>
   <div class='ocr_carea' id='block_1_4' title="bbox 375 2316 1223 2405">
    <p class='ocr_par' dir='ltr' id='par_1_4' title="bbox 375 2316 1223 2405">
     <span class='ocr_line' id='line_1_17' title="bbox 375 2316 1223 2405; baseline 0.005 -24"><span class='ocrx_word' id='word_1_155' title='bbox 375 2316 451 2384; x_wconf 87' lang='lat' dir='ltr'>Dat.</span> <span class='ocrx_word' id='word_1_156' title='bbox 474 2318 637 2405; x_wconf 85' lang='lat' dir='ltr'>Lugduni,</span> <span class='ocrx_word' id='word_1_157' title='bbox 660 2319 747 2386; x_wconf 89' lang='lat' dir='ltr'>XIII</span> <span class='ocrx_word' id='word_1_158' title='bbox 770 2318 845 2386; x_wconf 86' lang='lat' dir='ltr'>Kal.</span> <span class='ocrx_word' id='word_1_159' title='bbox 869 2321 1042 2386; x_wconf 89' lang='lat' dir='ltr'>Deccmbr.</span> <span class='ocrx_word' id='word_1_160' title='bbox 1066 2342 1151 2386; x_wconf 90' lang='lat' dir='ltr'>anno</span> <span class='ocrx_word' id='word_1_161' title='bbox 1167 2320 1223 2385; x_wconf 84' lang='lat' dir='ltr'>V0.</span> 
     </span>
    </p>
   </div>
   <div class='ocr_carea' id='block_1_5' title="bbox 1051 2726 1138 2799">
    <p class='ocr_par' dir='ltr' id='par_1_5' title="bbox 1051 2726 1138 2799">
     <span class='ocr_line' id='line_1_18' title="bbox 1051 2726 1138 2799; baseline 0.023 -2"><span class='ocrx_word' id='word_1_162' title='bbox 1051 2726 1138 2799; x_wconf 83' lang='lat'><strong>457.</strong></span> 
     </span>
    </p>
   </div>
   <div class='ocr_carea' id='block_1_6' title="bbox 274 2833 1931 3154">
    <p class='ocr_par' dir='ltr' id='par_1_6' title="bbox 274 2833 1931 3154">
     <span class='ocr_line' id='line_1_19' title="bbox 379 2833 1930 2949; baseline 0.001 -23"><span class='ocrx_word' id='word_1_163' title='bbox 379 2833 596 2927; x_wconf 75' lang='lat' dir='ltr'>Innocentius</span> <span class='ocrx_word' id='word_1_164' title='bbox 618 2863 677 2927; x_wconf 88' lang='lat' dir='ltr'>IV</span> <span class='ocrx_word' id='word_1_165' title='bbox 688 2885 777 2949; x_wconf 84' lang='lat' dir='ltr'>papa</span> <span class='ocrx_word' id='word_1_166' title='bbox 808 2866 905 2930; x_wconf 81' lang='lat' dir='ltr'>eidem</span> <span class='ocrx_word' id='word_1_167' title='bbox 931 2865 1074 2943; x_wconf 80' lang='lat' dir='ltr'>mandat,</span> <span class='ocrx_word' id='word_1_168' title='bbox 1108 2869 1143 2928; x_wconf 86' lang='lat' dir='ltr'>nt</span> <span class='ocrx_word' id='word_1_169' title='bbox 1175 2864 1219 2929; x_wconf 83' lang='lat' dir='ltr'>ad</span> <span class='ocrx_word' id='word_1_170' title='bbox 1241 2884 1351 2944; x_wconf 83' lang='lat' dir='ltr'>pacem</span> <span class='ocrx_word' id='word_1_171' title='bbox 1379 2864 1463 2927; x_wconf 80' lang='lat' dir='ltr'>inter</span> <span class='ocrx_word' id='word_1_172' title='bbox 1482 2860 1697 2946; x_wconf 72' lang='lat' dir='ltr'>[sigefridum</span> <span class='ocrx_word' id='word_1_173' title='bbox 1721 2862 1800 2947; x_wconf 78' lang='grc' dir='ltr'><em>ΙΙΙ]</em></span> <span class='ocrx_word' id='word_1_174' title='bbox 1822 2863 1930 2928; x_wconf 66' lang='lat' dir='ltr'>arcti-</span> 
     </span>
     <span class='ocr_line' id='line_1_20' title="bbox 274 2965 1931 3053; baseline 0.001 -24"><span class='ocrx_word' id='word_1_175' title='bbox 274 2968 450 3048; x_wconf 80' lang='lat' dir='ltr'>episcopum</span> <span class='ocrx_word' id='word_1_176' title='bbox 482 2965 710 3048; x_wconf 72' lang='lat' dir='ltr'>Magantinnm</span> <span class='ocrx_word' id='word_1_177' title='bbox 743 2972 773 3032; x_wconf 89' lang='lat' dir='ltr'>et</span> <span class='ocrx_word' id='word_1_178' title='bbox 803 2967 996 3052; x_wconf 83' lang='lat' dir='ltr'>[Hearicnm</span> <span class='ocrx_word' id='word_1_179' title='bbox 1017 2967 1078 3053; x_wconf 89' lang='grc' dir='ltr'>ΙΙ]</span> <span class='ocrx_word' id='word_1_180' title='bbox 1110 2968 1216 3032; x_wconf 82' lang='lat' dir='ltr'>dacem</span> <span class='ocrx_word' id='word_1_181' title='bbox 1248 2966 1449 3032; x_wconf 81' lang='lat' dir='ltr'>Brabontt&#39;ac</span> <span class='ocrx_word' id='word_1_182' title='bbox 1470 2965 1707 3050; x_wconf 79' lang='lat' dir='ltr'>reformandum</span> <span class='ocrx_word' id='word_1_183' title='bbox 1735 2965 1773 3029; x_wconf 81' lang='lat' dir='ltr'>dc</span> <span class='ocrx_word' id='word_1_184' title='bbox 1796 2966 1931 3030; x_wconf 80' lang='lat' dir='ltr'>consilio</span> 
     </span>
     <span class='ocr_line' id='line_1_21' title="bbox 275 3067 1837 3154; baseline -0.001 -18"><span class='ocrx_word' id='word_1_185' title='bbox 275 3068 477 3154; x_wconf 68' lang='lat' dir='ltr'>[thtsetmt]</span> <span class='ocrx_word' id='word_1_186' title='bbox 498 3070 581 3152; x_wconf 76' lang='lat' dir='ltr'>repis</span> <span class='ocrx_word' id='word_1_187' title='bbox 603 3071 817 3136; x_wconf 82' lang='lat' dir='ltr'>Rornanorum</span> <span class='ocrx_word' id='word_1_188' title='bbox 833 3077 945 3152; x_wconf 67' lang='lat' dir='ltr'>prartcs</span> <span class='ocrx_word' id='word_1_189' title='bbox 967 3093 1043 3136; x_wconf 84' lang='lat' dir='ltr'>suas</span> <span class='ocrx_word' id='word_1_190' title='bbox 1065 3073 1253 3152; x_wconf 75' lang='lat' dir='ltr'>tntcrpmut.</span> <span class='ocrx_word' id='word_1_191' title='bbox 1563 3071 1656 3145; x_wconf 83' lang='lat'>1247,</span> <span class='ocrx_word' id='word_1_192' title='bbox 1679 3067 1759 3134; x_wconf 84' lang='lat' dir='ltr'>Noa.</span> <span class='ocrx_word' id='word_1_193' title='bbox 1784 3071 1837 3134; x_wconf 80' lang='lat'>19.</span> 
     </span>
    </p>
   </div>
   <div class='ocr_carea' id='block_1_7' title="bbox 270 3188 1930 3344">
    <p class='ocr_par' dir='ltr' id='par_1_7' title="bbox 270 3188 1930 3344">
     <span class='ocr_line' id='line_1_22' title="bbox 378 3188 1930 3260; baseline -0.002 -17"><span class='ocrx_word' id='word_1_194' title='bbox 378 3190 444 3243; x_wconf 87' lang='lat' dir='ltr'>Inn.</span> <span class='ocrx_word' id='word_1_195' title='bbox 463 3189 511 3243; x_wconf 88' lang='lat' dir='ltr'>IV</span> <span class='ocrx_word' id='word_1_196' title='bbox 525 3190 589 3259; x_wconf 71' lang='lat' dir='ltr'>Ray.</span> <span class='ocrx_word' id='word_1_197' title='bbox 608 3190 664 3245; x_wconf 89' lang='lat' dir='ltr'>Vol.</span> <span class='ocrx_word' id='word_1_198' title='bbox 683 3191 706 3259; x_wconf 92' lang='lat' dir='ltr'>I,</span> <span class='ocrx_word' id='word_1_199' title='bbox 727 3198 793 3259; x_wconf 73' lang='lat'>6625</span> <span class='ocrx_word' id='word_1_200' title='bbox 810 3190 868 3245; x_wconf 71' lang='lat' dir='ltr'>Lab.</span> <span class='ocrx_word' id='word_1_201' title='bbox 887 3191 918 3259; x_wconf 83' lang='lat' dir='ltr'>V,</span> <span class='ocrx_word' id='word_1_202' title='bbox 936 3206 992 3244; x_wconf 84' lang='lat' dir='ltr'>cor.</span> <span class='ocrx_word' id='word_1_203' title='bbox 1012 3200 1049 3246; x_wconf 76' lang='grc'>14.</span> <span class='ocrx_word' id='word_1_204' title='bbox 1087 3192 1184 3246; x_wconf 65' lang='lat' dir='ltr'>Parisii</span> <span class='ocrx_word' id='word_1_205' title='bbox 1201 3191 1332 3260; x_wconf 71' lang='lat' dir='ltr'>campus</span> <span class='ocrx_word' id='word_1_206' title='bbox 1348 3188 1508 3245; x_wconf 73' lang='lat' dir='ltr'>contrdbnas</span> <span class='ocrx_word' id='word_1_207' title='bbox 1526 3205 1588 3243; x_wconf 84' lang='lat' dir='ltr'>cnm</span> <span class='ocrx_word' id='word_1_208' title='bbox 1608 3188 1761 3256; x_wconf 66' lang='lat' dir='ltr'>Mamas,</span> <span class='ocrx_word' id='word_1_209' title='bbox 1779 3189 1798 3241; x_wconf 86' lang='lat' dir='ltr'>t.</span> <span class='ocrx_word' id='word_1_210' title='bbox 1816 3205 1838 3241; x_wconf 84' lang='lat' dir='ltr'>a</span> <span class='ocrx_word' id='word_1_211' title='bbox 1856 3195 1876 3242; x_wconf 82' lang='lat' dir='ltr'>t.</span> <span class='ocrx_word' id='word_1_212' title='bbox 1898 3188 1930 3256; x_wconf 83' lang='lat' dir='ltr'>V,</span> 
     </span>
     <span class='ocr_line' id='line_1_23' title="bbox 270 3283 459 3344; baseline 0.011 -14"><span class='ocrx_word' id='word_1_213' title='bbox 270 3283 459 3344; x_wconf 55' lang='lat' dir='ltr'>amam</span> 
     </span>
    </p>
   </div>
   <div class='ocr_carea' id='block_1_8' title="bbox 381 3362 1186 3568">
    <p class='ocr_par' dir='ltr' id='par_1_8' title="bbox 381 3362 1186 3568">
     <span class='ocr_line' id='line_1_24' title="bbox 381 3362 913 3433; baseline 0.004 -17"><span class='ocrx_word' id='word_1_214' title='bbox 381 3362 512 3431; x_wconf 67' lang='lat' dir='ltr'>Parnm,</span> <span class='ocrx_word' id='word_1_215' title='bbox 532 3362 596 3433; x_wconf 65' lang='lat' dir='ltr'>nep.</span> <span class='ocrx_word' id='word_1_216' title='bbox 616 3371 708 3428; x_wconf 74' lang='lat' dir='ltr'>assa</span> <span class='ocrx_word' id='word_1_217' title='bbox 726 3365 823 3433; x_wconf 68' lang='lat' dir='ltr'>norqsr</span> <span class='ocrx_word' id='word_1_218' title='bbox 840 3371 913 3420; x_wconf 80' lang='lat'><strong><em>4063.</em></strong></span> 
     </span>
     <span class='ocr_line' id='line_1_25' title="bbox 1016 3494 1186 3568; baseline 0.012 -2"><span class='ocrx_word' id='word_1_219' title='bbox 1016 3494 1186 3568; x_wconf 82' lang='lat' dir='ltr'>Eidem.</span> 
     </span>
    </p>
   </div>
   <div class='ocr_carea' id='block_1_9' title="bbox 276 3640 1935 4248">
    <p class='ocr_par' dir='ltr' id='par_1_9' title="bbox 276 3640 1935 4248">
     <span class='ocr_line' id='line_1_26' title="bbox 380 3640 1933 3730; baseline 0.001 -25"><span class='ocrx_word' id='word_1_220' title='bbox 380 3640 461 3706; x_wconf 83' lang='lat' dir='ltr'>Oum</span> <span class='ocrx_word' id='word_1_221' title='bbox 484 3642 619 3707; x_wconf 89' lang='lat' dir='ltr'>instanti</span> <span class='ocrx_word' id='word_1_222' title='bbox 642 3642 781 3727; x_wconf 89' lang='lat' dir='ltr'>negotio,</span> <span class='ocrx_word' id='word_1_223' title='bbox 806 3643 892 3728; x_wconf 88' lang='lat' dir='ltr'>quod</span> <span class='ocrx_word' id='word_1_224' title='bbox 916 3666 972 3730; x_wconf 91' lang='lat' dir='ltr'>pre</span> <span class='ocrx_word' id='word_1_225' title='bbox 996 3643 1145 3708; x_wconf 88' lang='lat' dir='ltr'>manibus</span> <span class='ocrx_word' id='word_1_226' title='bbox 1161 3645 1279 3728; x_wconf 85' lang='lat' dir='ltr'>agitur,</span> <span class='ocrx_word' id='word_1_227' title='bbox 1302 3645 1437 3707; x_wconf 91' lang='lat' dir='ltr'>multum</span> <span class='ocrx_word' id='word_1_228' title='bbox 1459 3643 1625 3730; x_wconf 83' lang='lat' dir='ltr'>expediat,</span> <span class='ocrx_word' id='word_1_229' title='bbox 1648 3651 1684 3707; x_wconf 92' lang='lat' dir='ltr'>ut</span> <span class='ocrx_word' id='word_1_230' title='bbox 1703 3642 1790 3706; x_wconf 89' lang='lat' dir='ltr'>inter</span> <span class='ocrx_word' id='word_1_231' title='bbox 1811 3642 1933 3707; x_wconf 86' lang='lat' dir='ltr'>fideles</span> 
     </span>
     <span class='ocr_line' id='line_1_27' title="bbox 276 3745 1932 3832; baseline 0.001 -24"><span class='ocrx_word' id='word_1_232' title='bbox 276 3745 405 3832; x_wconf 91' lang='lat' dir='ltr'>imperii</span> <span class='ocrx_word' id='word_1_233' title='bbox 437 3768 503 3832; x_wconf 84' lang='lat' dir='ltr'>pax</span> <span class='ocrx_word' id='word_1_234' title='bbox 537 3752 569 3809; x_wconf 91' lang='lat' dir='ltr'>et</span> <span class='ocrx_word' id='word_1_235' title='bbox 602 3745 775 3811; x_wconf 88' lang='lat' dir='ltr'>concordia</span> <span class='ocrx_word' id='word_1_236' title='bbox 803 3747 1012 3825; x_wconf 89' lang='lat' dir='ltr'>reformetur,</span> <span class='ocrx_word' id='word_1_237' title='bbox 1042 3745 1249 3826; x_wconf 90' lang='lat' dir='ltr'>mandamus,</span> <span class='ocrx_word' id='word_1_238' title='bbox 1281 3747 1432 3832; x_wconf 90' lang='lat' dir='ltr'>quatinus</span> <span class='ocrx_word' id='word_1_239' title='bbox 1462 3746 1503 3810; x_wconf 88' lang='lat' dir='ltr'>ad</span> <span class='ocrx_word' id='word_1_240' title='bbox 1534 3746 1799 3811; x_wconf 83' lang='lat' dir='ltr'>reformationem</span> <span class='ocrx_word' id='word_1_241' title='bbox 1834 3747 1932 3832; x_wconf 85' lang='lat' dir='ltr'>pacis</span> 
     </span>
     <span class='ocr_line' id='line_1_28' title="bbox 276 3849 1934 3938; baseline 0.002 -27"><span class='ocrx_word' id='word_1_242' title='bbox 276 3849 361 3912; x_wconf 92' lang='lat' dir='ltr'>inter</span> <span class='ocrx_word' id='word_1_243' title='bbox 382 3850 602 3914; x_wconf 86' lang='lat' dir='ltr'>venerabilem</span> <span class='ocrx_word' id='word_1_244' title='bbox 634 3849 765 3915; x_wconf 88' lang='lat' dir='ltr'>fratrem</span> <span class='ocrx_word' id='word_1_245' title='bbox 795 3858 942 3916; x_wconf 90' lang='lat' dir='ltr'>nostrum</span> <span class='ocrx_word' id='word_1_246' title='bbox 966 3901 999 3916; x_wconf 88' lang='lat'>..</span> <span class='ocrx_word' id='word_1_247' title='bbox 1023 3851 1305 3938; x_wconf 89' lang='lat' dir='ltr'>archiepiscopum</span> <span class='ocrx_word' id='word_1_248' title='bbox 1329 3850 1559 3936; x_wconf 86' lang='lat' dir='ltr'>Maguntinum</span> <span class='ocrx_word' id='word_1_249' title='bbox 1589 3857 1622 3915; x_wconf 91' lang='lat' dir='ltr'>et</span> <span class='ocrx_word' id='word_1_250' title='bbox 1649 3849 1795 3914; x_wconf 88' lang='lat' dir='ltr'>nobilem</span> <span class='ocrx_word' id='word_1_251' title='bbox 1819 3851 1934 3914; x_wconf 80' lang='lat' dir='ltr'>uirum</span> 
     </span>
     <span class='ocr_line' id='line_1_29' title="bbox 278 3948 1934 4041; baseline -0.001 -22"><span class='ocrx_word' id='word_1_252' title='bbox 278 3951 449 4019; x_wconf 88' lang='lat' dir='ltr'>..ducem</span> <span class='ocrx_word' id='word_1_253' title='bbox 478 3952 655 4018; x_wconf 88' lang='lat' dir='ltr'>Brabantic</span> <span class='ocrx_word' id='word_1_254' title='bbox 686 3948 872 4041; x_wconf 85' lang='lat' dir='ltr'>interponas</span> <span class='ocrx_word' id='word_1_255' title='bbox 906 3955 945 4018; x_wconf 88' lang='lat' dir='ltr'>dc</span> <span class='ocrx_word' id='word_1_256' title='bbox 977 3955 1112 4020; x_wconf 89' lang='lat' dir='ltr'>consilio</span> <span class='ocrx_word' id='word_1_257' title='bbox 1146 3955 1304 4019; x_wconf 87' lang='lat' dir='ltr'>carissimi</span> <span class='ocrx_word' id='word_1_258' title='bbox 1336 3955 1369 4018; x_wconf 91' lang='lat' dir='ltr'>in</span> <span class='ocrx_word' id='word_1_259' title='bbox 1398 3954 1529 4019; x_wconf 81' lang='lat' dir='ltr'>Christo</span> <span class='ocrx_word' id='word_1_260' title='bbox 1560 3953 1617 4017; x_wconf 89' lang='lat' dir='ltr'>filii</span> <span class='ocrx_word' id='word_1_261' title='bbox 1645 3952 1748 4017; x_wconf 88' lang='lat' dir='ltr'>nostri</span> <span class='ocrx_word' id='word_1_262' title='bbox 1777 3955 1934 4039; x_wconf 89' lang='lat' dir='ltr'>..regis</span> 
     </span>
     <span class='ocr_line' id='line_1_30' title="bbox 277 4055 1935 4144; baseline 0 -23"><span class='ocrx_word' id='word_1_263' title='bbox 277 4056 497 4121; x_wconf 88' lang='lat' dir='ltr'>Romanorum</span> <span class='ocrx_word' id='word_1_264' title='bbox 529 4057 679 4136; x_wconf 89' lang='lat' dir='ltr'>illustris,</span> <span class='ocrx_word' id='word_1_265' title='bbox 709 4059 802 4122; x_wconf 90' lang='lat' dir='ltr'>cuius</span> <span class='ocrx_word' id='word_1_266' title='bbox 830 4060 980 4136; x_wconf 86' lang='lat' dir='ltr'>interest,</span> <span class='ocrx_word' id='word_1_267' title='bbox 1011 4059 1187 4124; x_wconf 88' lang='lat' dir='ltr'>efficaciter</span> <span class='ocrx_word' id='word_1_268' title='bbox 1214 4066 1325 4144; x_wconf 89' lang='lat' dir='ltr'>partes</span> <span class='ocrx_word' id='word_1_269' title='bbox 1358 4065 1446 4134; x_wconf 86' lang='lat' dir='ltr'>tuas,</span> <span class='ocrx_word' id='word_1_270' title='bbox 1470 4058 1515 4121; x_wconf 89' lang='lat' dir='ltr'>ita</span> <span class='ocrx_word' id='word_1_271' title='bbox 1539 4055 1624 4142; x_wconf 90' lang='lat' dir='ltr'>quod</span> <span class='ocrx_word' id='word_1_272' title='bbox 1651 4062 1744 4121; x_wconf 91' lang='lat' dir='ltr'>tuum</span> <span class='ocrx_word' id='word_1_273' title='bbox 1768 4056 1935 4138; x_wconf 82' lang='lat' dir='ltr'>studium,</span> 
     </span>
     <span class='ocr_line' id='line_1_31' title="bbox 278 4159 1488 4248; baseline 0.001 -23"><span class='ocrx_word' id='word_1_274' title='bbox 278 4167 311 4225; x_wconf 90' lang='lat' dir='ltr'>et</span> <span class='ocrx_word' id='word_1_275' title='bbox 333 4159 582 4225; x_wconf 90' lang='lat' dir='ltr'>sollicitudinem</span> <span class='ocrx_word' id='word_1_276' title='bbox 605 4162 768 4246; x_wconf 90' lang='lat' dir='ltr'>possimus</span> <span class='ocrx_word' id='word_1_277' title='bbox 791 4163 927 4248; x_wconf 89' lang='lat' dir='ltr'>proinde</span> <span class='ocrx_word' id='word_1_278' title='bbox 953 4185 1017 4226; x_wconf 92' lang='lat' dir='ltr'>non</span> <span class='ocrx_word' id='word_1_279' title='bbox 1040 4164 1201 4227; x_wconf 91' lang='lat' dir='ltr'>immerito</span> <span class='ocrx_word' id='word_1_280' title='bbox 1225 4160 1452 4227; x_wconf 86' lang='lat' dir='ltr'>commendare</span> <span class='ocrx_word' id='word_1_281' title='bbox 1469 4165 1488 4226; x_wconf 86' lang='lat'>¹.</span> 
     </span>
    </p>
   </div>
   <div class='ocr_carea' id='block_1_10' title="bbox 380 4281 647 4367">
    <p class='ocr_par' dir='ltr' id='par_1_10' title="bbox 380 4281 647 4367">
     <span class='ocr_line' id='line_1_32' title="bbox 380 4281 647 4367; baseline 0.007 -22"><span class='ocrx_word' id='word_1_282' title='bbox 380 4281 456 4346; x_wconf 91' lang='lat' dir='ltr'>Dat.</span> <span class='ocrx_word' id='word_1_283' title='bbox 480 4288 516 4345; x_wconf 89' lang='lat' dir='ltr'>ut</span> <span class='ocrx_word' id='word_1_284' title='bbox 539 4303 647 4367; x_wconf 88' lang='lat' dir='ltr'>supra.</span> 
     </span>
    </p>
   </div>
   <div class='ocr_carea' id='block_1_11' title="bbox 899 4405 1306 4417">
    <p class='ocr_par' dir='ltr' id='par_1_11' title="bbox 899 4405 1306 4417">
     <span class='ocr_line' id='line_1_33' title="bbox 899 4405 1306 4417; baseline 0.007 -4"><span class='ocrx_word' id='word_1_285' title='bbox 899 4405 1306 4417; x_wconf 69' lang='lat'>——-——-—--——..—-</span> 
     </span>
    </p>
   </div>
   <div class='ocr_carea' id='block_1_12' title="bbox 1057 4634 1145 4707">
    <p class='ocr_par' dir='ltr' id='par_1_12' title="bbox 1057 4634 1145 4707">
     <span class='ocr_line' id='line_1_34' title="bbox 1057 4634 1145 4707; baseline 0.023 -2"><span class='ocrx_word' id='word_1_286' title='bbox 1057 4634 1145 4707; x_wconf 83' lang='lat'><strong>458.</strong></span> 
     </span>
    </p>
   </div>
   <div class='ocr_carea' id='block_1_13' title="bbox 279 4748 1937 5154">
    <p class='ocr_par' dir='ltr' id='par_1_13' title="bbox 279 4748 1937 5154">
     <span class='ocr_line' id='line_1_35' title="bbox 383 4748 1937 4860; baseline -0.001 -19"><span class='ocrx_word' id='word_1_287' title='bbox 383 4748 600 4841; x_wconf 81' lang='lat' dir='ltr'>Innocentius</span> <span class='ocrx_word' id='word_1_288' title='bbox 621 4773 677 4838; x_wconf 88' lang='lat' dir='ltr'>IV</span> <span class='ocrx_word' id='word_1_289' title='bbox 695 4794 785 4857; x_wconf 81' lang='lat' dir='ltr'>popo</span> <span class='ocrx_word' id='word_1_290' title='bbox 807 4773 904 4838; x_wconf 73' lang='lat' dir='ltr'>etitem</span> <span class='ocrx_word' id='word_1_291' title='bbox 932 4774 975 4837; x_wconf 85' lang='lat' dir='ltr'>ad</span> <span class='ocrx_word' id='word_1_292' title='bbox 996 4795 1103 4857; x_wconf 80' lang='lat' dir='ltr'>pacem</span> <span class='ocrx_word' id='word_1_293' title='bbox 1130 4776 1213 4838; x_wconf 83' lang='lat' dir='ltr'>inter</span> <span class='ocrx_word' id='word_1_294' title='bbox 1234 4774 1455 4860; x_wconf 81' lang='lat' dir='ltr'>[Conrudnm]</span> <span class='ocrx_word' id='word_1_295' title='bbox 1475 4773 1738 4857; x_wconf 72' lang='lat' dir='ltr'>ardiepscopun</span> <span class='ocrx_word' id='word_1_296' title='bbox 1762 4772 1937 4839; x_wconf 55' lang='lat' dir='ltr'>monos</span> 
     </span>
     <span class='ocr_line' id='line_1_36' title="bbox 279 4876 1935 4968; baseline 0 -24"><span class='ocrx_word' id='word_1_297' title='bbox 279 4902 342 4944; x_wconf 87' lang='lat' dir='ltr'>sem</span> <span class='ocrx_word' id='word_1_298' title='bbox 364 4883 393 4943; x_wconf 85' lang='lat' dir='ltr'>ct</span> <span class='ocrx_word' id='word_1_299' title='bbox 413 4880 610 4945; x_wconf 82' lang='lat' dir='ltr'>Gotaronnm</span> <span class='ocrx_word' id='word_1_300' title='bbox 628 4879 766 4962; x_wconf 82' lang='lat' dir='ltr'>fratrem</span> <span class='ocrx_word' id='word_1_301' title='bbox 786 4877 809 4961; x_wconf 91' lang='lat'><em>[</em></span> <span class='ocrx_word' id='word_1_302' title='bbox 811 4877 962 4943; x_wconf 79' lang='lat' dir='ltr'>thtetmt</span> <span class='ocrx_word' id='word_1_303' title='bbox 979 4877 1004 4941; x_wconf 88' lang='lat' dir='ltr'>I</span> <span class='ocrx_word' id='word_1_304' title='bbox 1008 4877 1050 4960; x_wconf 82' lang='lat' dir='ltr'>V]</span> <span class='ocrx_word' id='word_1_305' title='bbox 1072 4879 1191 4943; x_wconf 84' lang='lat' dir='ltr'>comitis</span> <span class='ocrx_word' id='word_1_306' title='bbox 1214 4878 1403 4968; x_wconf 77' lang='lat' dir='ltr'>Iutioccnsis</span> <span class='ocrx_word' id='word_1_307' title='bbox 1425 4878 1659 4958; x_wconf 81' lang='lat' dir='ltr'>reformandam</span> <span class='ocrx_word' id='word_1_308' title='bbox 1681 4876 1762 4940; x_wconf 39' lang='lat' dir='ltr'>&#39;idem</span> <span class='ocrx_word' id='word_1_309' title='bbox 1785 4879 1935 4944; x_wconf 80' lang='lat' dir='ltr'>mundat.</span> 
     </span>
     <span class='ocr_line' id='line_1_37' title="bbox 383 4981 1935 5154; baseline -0.001 -14"><span class='ocrx_word' id='word_1_310' title='bbox 383 5089 446 5140; x_wconf 71' lang='lat' dir='ltr'>rsa.</span> <span class='ocrx_word' id='word_1_311' title='bbox 460 5086 510 5140; x_wconf 80' lang='lat' dir='ltr'>rr</span> <span class='ocrx_word' id='word_1_312' title='bbox 525 5085 588 5154; x_wconf 62' lang='lat' dir='ltr'>aa.</span> <span class='ocrx_word' id='word_1_313' title='bbox 606 5084 661 5139; x_wconf 79' lang='lat' dir='ltr'>ror.</span> <span class='ocrx_word' id='word_1_314' title='bbox 674 5084 699 5150; x_wconf 90' lang='lat' dir='ltr'>r,</span> <span class='ocrx_word' id='word_1_315' title='bbox 712 5091 774 5150; x_wconf 72' lang='lat' dir='ltr'>ssa·</span> <span class='ocrx_word' id='word_1_316' title='bbox 791 5083 853 5137; x_wconf 78' lang='lat' dir='ltr'>no.</span> <span class='ocrx_word' id='word_1_317' title='bbox 871 5083 900 5150; x_wconf 82' lang='grc' dir='ltr'>ν,</span> <span class='ocrx_word' id='word_1_318' title='bbox 919 5101 975 5137; x_wconf 68' lang='lat' dir='ltr'>aa.</span> <span class='ocrx_word' id='word_1_319' title='bbox 994 5092 1033 5137; x_wconf 83' lang='lat'>15.</span> <span class='ocrx_word' id='word_1_320' title='bbox 1071 5084 1170 5138; x_wconf 63' lang='lat' dir='ltr'>raras</span> <span class='ocrx_word' id='word_1_321' title='bbox 1186 5085 1320 5152; x_wconf 62' lang='lat' dir='ltr'>sempor</span> <span class='ocrx_word' id='word_1_322' title='bbox 1342 5083 1501 5137; x_wconf 66' lang='lat' dir='ltr'>musmo</span> <span class='ocrx_word' id='word_1_323' title='bbox 1523 4981 1764 5150; x_wconf 35' lang='lat' dir='ltr'>asim?</span> <span class='ocrx_word' id='word_1_324' title='bbox 1776 4983 1842 5138; x_wconf 47' lang='lat' dir='ltr'>cl}</span> <span class='ocrx_word' id='word_1_325' title='bbox 1857 5090 1877 5138; x_wconf 80' lang='lat' dir='ltr'>c</span> <span class='ocrx_word' id='word_1_326' title='bbox 1904 5084 1935 5152; x_wconf 81' lang='lat' dir='ltr'>r,</span> 
     </span>
    </p>
   </div>
   <div class='ocr_carea' id='block_1_14' title="bbox 275 5182 918 5328">
    <p class='ocr_par' dir='ltr' id='par_1_14' title="bbox 275 5182 918 5328">
     <span class='ocr_line' id='line_1_38' title="bbox 298 5182 487 5229; baseline -0.011 0"><span class='ocrx_word' id='word_1_327' title='bbox 298 5217 304 5229; x_wconf 90' lang='lat'>.</span> <span class='ocrx_word' id='word_1_328' title='bbox 325 5182 341 5228; x_wconf 78' lang='lat'><em>2</em></span> <span class='ocrx_word' id='word_1_329' title='bbox 384 5192 411 5228; x_wconf 90' lang='lat' dir='ltr'>n.</span> <span class='ocrx_word' id='word_1_330' title='bbox 431 5182 468 5228; x_wconf 83' lang='lat'>17.</span> <span class='ocrx_word' id='word_1_331' title='bbox 485 5205 487 5211; x_wconf 70' lang='lat'>,</span> 
     </span>
     <span class='ocr_line' id='line_1_39' title="bbox 275 5184 918 5328; baseline -0.008 -13"><span class='ocrx_word' id='word_1_332' title='bbox 275 5193 297 5243; x_wconf 68' lang='grc' dir='ltr'><em>Ρ</em></span> <span class='ocrx_word' id='word_1_333' title='bbox 342 5184 366 5244; x_wconf 47' lang='lat' dir='ltr'>O,</span> <span class='ocrx_word' id='word_1_334' title='bbox 384 5260 513 5328; x_wconf 73' lang='lat' dir='ltr'>Potitust,</span> <span class='ocrx_word' id='word_1_335' title='bbox 532 5259 596 5327; x_wconf 73' lang='lat' dir='ltr'>Req.</span> <span class='ocrx_word' id='word_1_336' title='bbox 616 5264 710 5325; x_wconf 74' lang='lat'><em>127545</em></span> <span class='ocrx_word' id='word_1_337' title='bbox 728 5258 825 5326; x_wconf 77' lang='lat' dir='ltr'>Berger</span> <span class='ocrx_word' id='word_1_338' title='bbox 842 5265 918 5313; x_wconf 72' lang='lat'><em>4064.</em></span> 
     </span>
    </p>
   </div>
   <div class='ocr_carea' id='block_1_15' title="bbox 280 5464 1936 5626">
    <p class='ocr_par' dir='ltr' id='par_1_15' title="bbox 280 5464 1936 5626">
     <span class='ocr_line' id='line_1_40' title="bbox 383 5464 1936 5538; baseline -0.001 -14"><span class='ocrx_word' id='word_1_339' title='bbox 383 5473 408 5538; x_wconf 78' lang='lat'>⁸)</span> <span class='ocrx_word' id='word_1_340' title='bbox 427 5474 515 5525; x_wconf 84' lang='lat' dir='ltr'>Eidem</span> <span class='ocrx_word' id='word_1_341' title='bbox 534 5472 581 5536; x_wconf 83' lang='lat' dir='ltr'>R.;</span> <span class='ocrx_word' id='word_1_342' title='bbox 609 5471 734 5523; x_wconf 60' lang='lat' dir='ltr'>commit</span> <span class='ocrx_word' id='word_1_343' title='bbox 759 5488 784 5520; x_wconf 87' lang='lat' dir='ltr'>n.</span> <span class='ocrx_word' id='word_1_344' title='bbox 802 5473 860 5520; x_wconf 72' lang='lat'><em>466.</em></span> <span class='ocrx_word' id='word_1_345' title='bbox 983 5467 1007 5533; x_wconf 83' lang='lat' dir='ltr'>b)</span> <span class='ocrx_word' id='word_1_346' title='bbox 1026 5470 1146 5537; x_wconf 85' lang='lat' dir='ltr'>expediat</span> <span class='ocrx_word' id='word_1_347' title='bbox 1164 5470 1196 5520; x_wconf 79' lang='lat' dir='ltr'>n.</span> <span class='ocrx_word' id='word_1_348' title='bbox 1317 5471 1340 5535; x_wconf 74' lang='grc' dir='ltr'>ο)</span> <span class='ocrx_word' id='word_1_349' title='bbox 1359 5487 1435 5538; x_wconf 84' lang='lat' dir='ltr'>quern</span> <span class='ocrx_word' id='word_1_350' title='bbox 1456 5468 1485 5519; x_wconf 81' lang='lat' dir='ltr'>R.</span> <span class='ocrx_word' id='word_1_351' title='bbox 1615 5464 1640 5531; x_wconf 78' lang='lat' dir='ltr'>d)</span> <span class='ocrx_word' id='word_1_352' title='bbox 1659 5468 1784 5534; x_wconf 76' lang='lat' dir='ltr'>quatinus</span> <span class='ocrx_word' id='word_1_353' title='bbox 1810 5469 1884 5523; x_wconf 73' lang='lat' dir='ltr'>deest</span> <span class='ocrx_word' id='word_1_354' title='bbox 1903 5471 1936 5522; x_wconf 80' lang='lat' dir='ltr'>B.</span> 
     </span>
     <span class='ocr_line' id='line_1_41' title="bbox 280 5558 449 5626; baseline -0.024 -14"><span class='ocrx_word' id='word_1_355' title='bbox 280 5565 303 5622; x_wconf 68' lang='grc' dir='ltr'>ο)</span> <span class='ocrx_word' id='word_1_356' title='bbox 322 5577 399 5626; x_wconf 87' lang='lat' dir='ltr'>quem</span> <span class='ocrx_word' id='word_1_357' title='bbox 417 5558 449 5609; x_wconf 83' lang='lat' dir='ltr'>R.</span> 
     </span>
    </p>
   </div>
   <div class='ocr_carea' id='block_1_16' title="bbox 385 5676 590 5744">
    <p class='ocr_par' dir='ltr' id='par_1_16' title="bbox 385 5676 590 5744">
     <span class='ocr_line' id='line_1_42' title="bbox 385 5676 590 5744; baseline -0.005 -14"><span class='ocrx_word' id='word_1_358' title='bbox 385 5676 590 5744; x_wconf 66' lang='lat' dir='ltr'>ltdtnlot.</span> 
     </span>
    </p>
   </div>
   <div class='ocr_carea' id='block_1_17' title="bbox 0 0 2193 6228">
    <p class='ocr_par' dir='ltr' id='par_1_17' title="bbox 0 0 2193 6228">
     <span class='ocr_line' id='line_1_43' title="bbox 0 0 2193 6228; baseline 0 0"><span class='ocrx_word' id='word_1_359' title='bbox 0 0 2193 6228; x_wconf 95' lang='lat' dir='ltr'> </span> 
     </span>
    </p>
   </div>
  </div>
 </body>
</html>
