4328 6232
265 350 307 415 48
822 345 870 400 EX
888 343 1106 400 INNOCENTII
1124 344 1164 399 lv
1183 342 1363 399 REGIS'I'RO

266 520 477 606 Maguntina,
501 520 648 607 Spirensi
672 520 796 585 diocesi
818 519 988 584 dumtaxat
1011 525 1168 605 excepta,
1199 518 1356 604 colligere
1379 517 1508 595 valeas,
1539 514 1736 582 auctoritate
1759 514 1821 580 tibi
1844 533 1919 600 pre·

267 624 408 689 sentium
432 623 655 709 indulgemus;
680 623 937 688 contradictores
961 628 1024 687 etc.
1082 690 1085 695 ,

373 743 451 808 Dat.
473 744 628 810 Lateran.
652 744 705 809 III
727 745 812 809 Nou.
835 743 926 822 Maii,
950 765 1035 809 anno
1060 745 1177 830 primo.

375 864 413 930 In
437 867 577 932 eundem
601 867 731 931 modurn
759 915 792 930 ..
817 865 1063 951 archiepiscopo
1087 863 1299 929 Coloniensi¹
1321 865 1355 927 in
1378 863 1547 949 provincia
1568 884 1638 927 sua.

374 970 413 1034 In
437 970 578 1036 eundem
601 970 731 1035 modum
756 1019 789 1035 ..
815 973 972 1057 episcopo
997 968 1171 1056 Spirensi²
1195 969 1228 1034 in
1252 969 1384 1034 civitate
1408 973 1441 1033 et
1464 967 1584 1033 diocesi
1606 987 1675 1032 sua.

1062 1425 1124 1497 66.

372 1518 590 1610 Innocentius
605 1546 662 1611 IV
677 1558 766 1628 papa
793 1549 944 1632 episcopis
973 1553 1002 1612 et
1029 1547 1187 1612 riniucrsis
1208 1546 1365 1627 praelatis
1387 1549 1416 1609 et
1437 1544 1559 1609 clericis
1574 1544 1758 1625 prouinciae
1780 1542 1924 1625 Μαρανι-

267 1648 352 1711 tinae
374 1648 512 1727 mundat,
536 1654 571 1713 ut
585 1649 765 1736 [Sr'pefrido
780 1650 860 1736 ΙΙΙ]
875 1651 1103 1734 archiepiscopo
1119 1669 1182 1731 pro
1197 1649 1324 1714 ecclesie
1338 1647 1485 1712 Romanu
1499 1647 1608 1712 multis
1622 1647 1767 1730 expensis
1783 1646 1925 1710 inuoluto

266 1751 410 1831 quintum
433 1754 570 1817 orrsnium
591 1754 770 1819 reddituum
792 1755 1066 1820 ecclesiasticorum
1088 1754 1169 1818 anni
1186 1753 1329 1837 proximi
1349 1751 1454 1832 futuri
1475 1751 1645 1833 ussipncnt.
1687 1749 1738 1835 Of.
1762 1769 1794 1815 n.
1812 1750 1867 1812 65.

1465 1888 1467 1893 <
1583 1855 1677 1933 1244,
1698 1852 1785 1921 Mai.
1802 1855 1833 1917 6.

370 1940 434 1994 lnn.
448 1940 498 1995 IV
513 1941 575 2011 ch.
595 1943 687 2011 Votl,
706 1951 849 2010 Iol-toz·
866 1942 927 1997 Lit.
941 1943 966 2010 1,
982 1950 1038 1997 654.

371 2028 470 2095 Berper
480 2035 532 2084 655.
988 2052 990 2056 “

337 2205 604 2300 EpiscopiS,
632 2208 903 2298 abbatibus,
931 2208 1178 2301 prioribus
1206 2212 1250 2281 et
1275 2205 1523 2280 universis
1551 2203 1858 2278 eeclesiarum

268 2327 467 2417 prelatis
502 2333 545 2401 et
575 2329 788 2402 clericis·
821 2324 925 2422 perb
953 2329 1271 2420 Magantinam
1306 2327 1599 2420 provinciam
1634 2323 1922 2399 constitutis.

375 2474 494 2561 Dignis
517 2478 551 2541 in
567 2476 708 2543 Domino
732 2479 884 2544 laudibus
907 2478 1117 2565 prudentiam
1141 2479 1337 2544 venerabilis
1360 2477 1470 2542 fratris
1494 2475 1598 2539 nostri
1623 2525 1657 2540 ..
1682 2474 1921 2561 archiepiscopi

268 2579 452 2664 Magantini
475 2581 640 2646 efferimus
663 2589 725 2648 eto.
749 2604 868 2669 usque:
893 2584 1104 2648 voluntatem.
1143 2581 1230 2648 Sane
1254 2603 1326 2647 oum
1350 2587 1412 2646 etc.
1435 2598 1552 2665 usque:
1577 2579 1735 2653 relevere,
1757 2579 1922 2643 universi·

269 2688 370 2747 tatem
386 2690 530 2748 vestram
552 2684 731 2770 rogandam
748 2685 902 2751 duximus
919 2693 953 2752 et
968 2687 1175 2767 monendam,
1198 2708 1259 2772 per
1274 2685 1455 2773 apostolica
1471 2684 1563 2748 vobis
1579 2683 1703 2768 scripta
1718 2681 1923 2763 mandantes,

269 2787 421 2871 quatinus
445 2786 606 2853 habentes
629 2788 670 2853 ad
694 2789 815 2854 dictum
839 2791 1133 2876 archiepiscopum,
1157 2811 1215 2876 pro
1239 2789 1383 2855 ecclesia
1403 2787 1553 2851 Romana
1576 2786 1731 2872 expensis
1754 2785 1867 2850 multis
1891 2791 1926 2852 ct

268 2889 436 2954 laboribus
466 2892 662 2972 involutum,
694 2893 839 2959 debitum
869 2896 1102 2980 compassionis
1133 2894 1303 2971 affectum,
1336 2894 1366 2958 ei
1391 2892 1536 2978 quintam
1565 2889 1708 2955 omnium
1737 2888 1925 2954 reddituum

269 2994 568 3059 ecclesiasticorum
601 2997 676 3060 anni
711 2998 850 3083 proximi
884 2998 985 3061 futuri
1019 2998 1200 3062 liberaliter
1234 2996 1422 3081 assignetis.
1473 2993 1627 3079 Alioquin
1662 2991 1770 3057 eidem
1804 2994 1925 3057 nostris

269 3096 384 3161 damus
414 3098 532 3163 litteris
562 3099 595 3162 in
622 3100 799 3180 mandatis,
831 3108 867 3165 ut
889 3122 946 3165 vos
975 3100 1016 3166 ad
1049 3101 1081 3165 id
1111 3101 1291 3166 monitione
1322 3101 1483 3186 premissa
1513 3098 1665 3162 submoto
1687 3097 1923 3184 appellationis

269 3200 459 3266 obstaculo⁰
481 3204 675 3269 auctoritate
699 3210 811 3270 nostra
835 3205 1021 3291 compellat.
1874 3207 1879 3215 ’

377 3322 453 3388 Dat.
477 3323 631 3389 Laterau.
654 3324 709 3388 ΙΙΙ
731 3325 816 3390 Non.
839 3325 931 3405 Maii,
955 3346 1040 3390 anno
1064 3324 1179 3411 primo.

374 3440 413 3505 In
438 3442 578 3508 eundem
601 3443 734 3507 modum
757 3444 882 3509 eisdem
905 3466 964 3531 per
987 3444 1306 3530 archiepiscopatum
1331 3442 1596 3509 Coloniensemd.

376 3544 415 3608 In
443 3546 584 3611 cundem
613 3546 745 3611 modum
774 3548 948 3613 abbatibus
973 3556 1035 3614 etc.
1066 3553 1103 3612 ut
1131 3569 1230 3633 supra
1252 3570 1312 3634 pro
1337 3597 1370 3613 ..
1395 3549 1550 3634 episcopo
1575 3545 1722 3633 Spirensi
1743 3545 1777 3610 in
1800 3543 1924 3611 diocesi

269 3667 308 3711 ac
332 3647 463 3714 civitate
487 3648 732 3735 Spirensibus⁸.

1067 4017 1129 4091 67.

373 4110 591 4202 Innocentius
607 4136 662 4201 IV
679 4159 771 4220 pcpu
791 4140 973 4224 [Friderico
989 4139 1049 4225 Il]
1070 4141 1144 4205 duci
1165 4141 1318 4205 Austriuc
1347 4139 1497 4217 cmmodit,
1531 4145 1564 4203 ut
1589 4137 1828 4204 matrimonium
1857 4158 1928 4204 con·

269 4239 392 4303 trultcre
408 4241 509 4320 possit
531 4261 599 4304 cum
621 4244 699 4306 nutu
713 4241 856 4326 [Ottonis
872 4242 930 4327 ll]
953 4243 1041 4307 ducis
1055 4244 1229 4322 Bacurius,
1251 4264 1331 4325 quoe
1352 4243 1414 4308 sili
1436 4246 1500 4306 tum
1522 4240 1810 4323 conscnpuinitutis
1831 4262 1928 4324 quam

268 4341 443 4427 affinitatis
465 4344 559 4422 lineo,
582 4366 621 4409 ex
642 4345 745 4410 ultera
766 4348 916 4427 partein
938 4352 1051 4428 quarto
1071 4347 1175 4430 prado
1197 4368 1236 4412 cc
1257 4348 1359 4411 alteru
1381 4348 1417 4411 in
1439 4347 1557 4429 quinto,
1582 4346 1716 4410 attinere
1739 4345 1877 4414 dicutur.

1588 4451 1683 4529 1244,
1704 4448 1789 4516 Mai.
1806 4452 1837 4515 6.

374 4531 437 4584 Inn,
451 4530 498 4584 IV
512 4532 575 4600 qu.
594 4530 685 4598 Votl,
706 4533 954 4602 1025Lib.1,662.

376 4617 506 4684 Pottltast,
527 4617 591 4687 lisy.
605 4625 693 4684 11371;
711 4619 810 4690 Berpcr
827 4627 884 4676 663.

742 4798 897 4872 Nobili
924 4800 1025 4872 viro
1055 4856 1094 4873 ..
1123 4797 1228 4872 duci
1254 4797 1459 4874 Austris.

378 4927 431 4993 Ex
458 4934 552 5014 parte
581 4935 637 4992 tua
666 4928 728 4992 fuit
757 4928 850 4993 nobis
877 4930 1045 4995 humiliter
1073 4931 1309 5018 supplicatum,
1340 4938 1377 4995 ut
1406 4953 1479 4995 cum
1501 4930 1670 4996 desideres
1694 4931 1780 4997 sicut
1803 4933 1927 4998 macris

270 5031 424 5096 dilectam
447 5032 480 5095 in
502 5031 632 5096 Christo
656 5032 756 5095 filiam
779 5033 923 5097 nobilem
946 5034 1118 5098 mulierem
1142 5083 1175 5097 ..
1199 5040 1311 5098 natam
1334 5033 1445 5098 dilecti
1467 5033 1525 5097 filii
1547 5034 1667 5099 nobilis
1691 5034 1752 5099 viri
1775 5083 1808 5099 ..
1831 5035 1927 5101 ducis

375 5174 946 5181 ———----——-———.....-.-
960 5176 992 5181 .-.
1006 5176 1063 5182 -..-
1255 5178 1310 5183 -—-
1332 5178 1516 5184 -——-.—.

375 5256 399 5321 ⁸)
418 5263 444 5307 at
460 5257 561 5308 clericis
578 5255 690 5307 deestB.
778 5254 862 5322 1))Β.;
879 5259 948 5311 stP.
1036 5257 1059 5324 0)
1071 5257 1117 5321 B.,·
1135 5260 1185 5311 sub
1205 5260 1347 5326 apostoliea
1364 5261 1510 5313 obedientia
1522 5260 1554 5312 P.
1559 5279 1569 5322 ,·
1590 5262 1624 5328 cs.
1643 5260 1698 5325 al,
1710 5279 1741 5328 p.
1755 5266 1813 5326 475,
1829 5271 1883 5314 not.
1901 5281 1927 5315 a.

270 5339 354 5407 d)1³.,·
371 5360 418 5411 pro
435 5343 627 5411 archiepiscopo
645 5343 793 5395 Coloniensi
806 5343 840 5396 B.

373 5478 399 5545 1)
414 5476 554 5545 Comodo;
570 5477 712 5534 suchbr.
725 5487 741 5534 5
753 5494 830 5549 papo
843 5481 960 5549 pollimn
976 5480 1000 5534 ei
1017 5479 1213 5549 msipncndum
1230 5482 1423 5553 ordricpiscopo
1436 5484 1597 5553 Mopmstino
1607 5484 1807 5552 munimem
1823 5485 1929 5555 supa

268 5568 320 5617 435
338 5568 438 5618 urse.
516 5563 544 5632 2)
563 5563 690 5619 Oormado
707 5565 736 5620 V.
815 5567 842 5633 3)
863 5566 999 5634 SnbApr.
1014 5574 1045 5620 17
1060 5566 1157 5620 eisdem
1173 5567 1360 5638 umidarum,
1384 5574 1414 5623 ut
1432 5570 1550 5639 episeopo
1566 5569 1838 5628 armentum
1855 5573 1929 5629 ‘oon-

267 5663 367 5717 prumn
383 5648 540 5704 madium
558 5650 716 5720 imbuerem
733 5651 832 5723 Bupcr
850 5659 907 5709 613.
