4328 6232
198 128 260 191 350
750 124 795 178 ux
815 123 1034 178 lNNOOEN'l'll
1054 123 1092 178 lV
1110 123 1291 179 asolsrno

197 321 310 363 norum
345 301 447 384 regis.
482 323 554 364 eum
590 322 652 364 non
688 301 731 363 sit
765 300 818 385 qui
854 320 911 363 eos
943 299 1050 363 valeat
1083 300 1277 379 cohercere,
1311 299 1343 364 in
1370 304 1495 363 tantum
1525 298 1691 384 prevaluit
1721 299 1846 363 malitia

198 402 391 479 eorundem,
425 405 511 489 quod
546 425 605 468 nec
637 403 744 468 Deum
773 404 926 467 timentes
956 424 1017 468 nec
1049 403 1233 470 hominem·
1256 410 1459 483 reverentes,
1483 409 1576 468 tauta
1598 402 1631 466 in
1655 402 1845 467 libertatern

197 508 453 571 eeclesiasticam
493 507 665 591 tyrannide
701 507 952 591 degrassantnr.
988 506 1071 591 quod
1102 529 1185 572 ausu
1215 507 1376 572 diabolice
1409 506 1569 572 eeclesias
1605 528 1666 595 per
1694 505 1848 573 incendia

197 608 384 685 devastant,
409 612 544 675 elericos
568 611 710 697 spoliant
734 620 767 676 et
790 611 956 696 captivant
979 620 1011 674 et
1034 611 1157 676 tamdiu
1181 610 1330 695 affligunt
1354 632 1524 697 corporum
1555 612 1718 687 cruciatu,
1741 609 1847 677 douae

197 736 355 799 personas
393 737 469 779 suas
504 717 642 801 pecnnia
677 712 835 780 redimere
870 716 1124 802 compelluntur:
1159 722 1293 802 propter
1326 714 1413 801 quod
1449 735 1523 779 cum
1551 715 1664 781 cleriei
1692 724 1785 779 metu
1812 726 1847 781 et
1897 736 1908 769 ⁵
1983 778 2021 805 ,-

197 819 344 903 periculo
368 819 530 884 antedicto
556 843 618 885 nrm
651 820 793 886 audeant
824 821 886 884 nisi
914 821 946 884 in
977 821 1057 885 locis
1081 820 1213 885 munitis
1237 841 1273 884 se
1296 821 1443 905 recipere
1466 817 1508 884 ad
1529 817 1744 893 manendum,
1768 838 1847 883 cou-

197 923 293 1005 tingit
316 924 457 1008 plurium
482 925 624 989 locorum
649 924 807 988 ecclesias
831 923 995 987 desolatas
1020 924 1160 1009 relinqui
1184 916 1352 988 et'euram
1367 923 1489 1009 negligi
1503 924 1697 989 animarum.
1735 922 1846 997 Quare

198 1033 233 1088 tu
263 1025 527 1109 predecessoris¹¹
551 1028 596 1091 tui
626 1027 778 1091 inherens
808 1027 956 1111 vestigiis
987 1027 1020 1090 in
1051 1027 1240 1113 provinciali
1271 1032 1327 1091 tua
1350 1025 1474 1111 synodo
1497 1024 1539 1090 de
1563 1028 1846 1113 suffraganeorum

198 1137 326 1192 tuorum
356 1131 488 1193 consilio
518 1137 550 1194 et
574 1152 709 1194 assensu
737 1152 794 1215 pro
821 1130 1017 1195 refrenanda
1046 1130 1205 1195 dictorum
1229 1129 1478 1194 malefacterum
1508 1129 1599 1195 rabie
1623 1130 1786 1203 statuisti,
1810 1139 1845 1194 ut

199 1234 306 1296 omnia
330 1232 409 1303 loca.
434 1234 474 1297 od
499 1256 560 1319 que
585 1234 783 1299 ducerentur
807 1235 912 1320 spolia
935 1233 1127 1298 elericorum
1144 1234 1195 1298 vel
1219 1233 1274 1298 ubi
1299 1233 1408 1298 clerici
1433 1240 1623 1299 tenerentur
1643 1234 1768 1320 captivi
1790 1246 1846 1297 aut

198 1336 229 1398 in
264 1337 379 1420 quibus
419 1338 609 1422 spoliatores
644 1339 887 1424 receptaculum
925 1338 1128 1415 obtinerent,
1164 1337 1190 1401 si
1219 1337 1334 1401 moniti
1363 1337 1555 1422 resipiscere
1585 1357 1647 1401 non
1681 1348 1846 1411 curarent,

199 1439 369 1503 interdicto
394 1441 602 1509 subiaceant.
626 1441 730 1505 donec
762 1441 867 1526 passis
895 1440 1044 1504 iniuriam
1074 1439 1255 1504 satisfactio
1278 1459 1423 1524 congrua
1444 1440 1630 1525 prebeatur.
1678 1440 1746 1505 Sed
1769 1441 1845 1526 quia

198 1541 326 1626 quidam
358 1544 485 1607 nobiles
518 1545 664 1610 eiusdem
694 1545 832 1609 diocesis
862 1554 1013 1610 asserunt
1040 1543 1101 1608 sibi
1127 1543 1169 1609 ab
1200 1543 1379 1630 apostolica
1408 1543 1486 1609 sede
1517 1564 1730 1625 eoncessum,
1753 1551 1789 1609 ut
1814 1546 1846 1609 in

199 1646 288 1730 ipsos
313 1646 363 1710 vel
388 1655 493 1711 terras
518 1670 630 1712 eorum
654 1647 1001 1713 excommunicationis
1026 1650 1075 1710 vel
1107 1646 1332 1734 suspensionis
1363 1648 1526 1713 sententie
1554 1646 1679 1733 absque
1708 1648 1845 1734 speciali

199 1749 350 1813 mandato
374 1758 485 1814 nostro
509 1761 673 1838 nequeant
692 1752 900 1837 promulgari,
924 1749 1092 1836 peridem
1117 1756 1273 1816 statutum
1297 1750 1471 1816 occasione
1489 1750 1674 1816 huiusmodi
1697 1752 1731 1817 in
1754 1752 1844 1817 nulle

199 1852 248 1915 vel
272 1853 399 1917 modico
423 1856 533 1919 elerici
558 1858 754 1920 relevantur.
800 1856 910 1929 Quare
934 1854 1029 1918 nobis
1053 1855 1217 1920 humiliter
1240 1855 1442 1941 supplicasti,
1458 1863 1494 1919 ut
1510 1854 1642 1919 salubre
1665 1876 1767 1942 super
1787 1854 1846 1919 hoe

197 1956 374 2020 remedium
398 1959 553 2023 adhibere
578 1967 714 2045 paterno
738 1957 959 2023 sollicitudine
984 1980 1184 2024 curaremus.
1230 1957 1390 2023 Noleutcs
1415 1958 1514 2043 igitur
1535 1965 1573 2024 ut
1595 1958 1657 2025 bae
1673 1960 1846 2023 occasione

196 2059 342 2146 predicto
375 2070 497 2126 statuto
534 2063 641 2127 valeat
678 2063 844 2148 derogari.
878 2064 1083 2128 universitati
1117 2071 1227 2127 vestre
1262 2062 1470 2137 mandamus,
1505 2062 1659 2148 quatinus
1689 2069 1847 2128 statutum

196 2165 302 2251 ipsum
326 2203 367 2212 —
391 2187 455 2229 non
484 2166 693 2231 obstantibus
723 2168 859 2253 prelatis
888 2166 1099 2252 indulgentiis
1123 2204 1165 2213 -
1188 2166 1315 2230 faciatis
1344 2167 1540 2231 auctoritate
1573 2172 1686 2231 uestra
1708 2166 1846 2232 inviola-

198 2266 306 2332 biliter
330 2269 512 2343 observari;
537 2270 793 2335 contradictores
817 2277 879 2336 ele.
926 2272 1079 2335 (lotorum
1104 2270 1145 2335 ad
1169 2268 1387 2355 predictorum
1416 2270 1664 2335 irralefactorum
1686 2268 1846 2335 malitium

198 2370 412 2436 edomandam
437 2374 602 2438 statuendi
625 2375 658 2438 in
683 2383 739 2439 tua
762 2375 937 2461 provincio,
962 2380 997 2438 nt
1019 2374 1077 2437 filii
1101 2395 1229 2451 eorum,
1252 2374 1305 2459 qui
1330 2374 1466 2439 elericos
1497 2395 1579 2459 quos
1601 2373 1850 2460 captivaverant

198 2476 260 2540 nisi
299 2483 428 2541 extorta
461 2478 502 2543 ab
538 2480 586 2543 eis
621 2480 763 2566 pecunia
787 2480 838 2544 vel
868 2479 1089 2564 resignatione
1120 2477 1271 2543 beneficii
1302 2486 1359 2541 aut
1382 2478 1492 2563 aliqua
1514 2484 1610 2564 parte
1632 2486 1850 2564 proventuum

199 2601 262 2643 rron
286 2579 462 2662 dimittunt,
486 2582 527 2646 ad
553 2583 743 2648 clericatum
768 2590 801 2647 et
824 2583 985 2648 beneficia
1008 2582 1233 2647 ecclesiastica
1260 2580 1301 2645 de
1325 2587 1435 2646 cetero
1458 2580 1648 2647 nullatenus
1670 2578 1849 2646 admittan-

197 2691 265 2752 tur.
289 2684 374 2767 quod
398 2686 423 2749 si
449 2686 489 2750 ad
513 2687 704 2751 clericatum
731 2688 794 2751 iam
823 2688 920 2752 etad
944 2687 1104 2752 beneficia
1127 2692 1203 2750 sunt
1225 2684 1373 2765 admissi,
1397 2685 1439 2749 ad
1462 2690 1657 2771 personatus
1679 2692 1794 2749 tamen
1817 2694 1850 2749 et

195 2788 276 2851 alias
300 2787 476 2872 dignitates
501 2792 742 2856 ecclesiasticas
767 2814 831 2856 non
854 2792 1043 2871 ascendant,
1068 2793 1199 2876 plenam
1215 2790 1286 2869 tibi,
1303 2790 1405 2855 irater
1421 2788 1680 2876 archiepiscope,
1703 2787 1846 2855 auctori·

197 2898 266 2955 tate
290 2894 493 2978 presentium
517 2895 725 2961 concedimus
748 2896 947 2961 facultatem.

302 3012 377 3079 Dat.
401 3014 564 3100 Lugduni,
588 3015 639 3079 ΙΙΙ
664 3016 711 3082 ld.
736 3016 834 3082 Febr.
860 3039 945 3082 anno
962 3016 1018 3080 V0.

981 3539 1070 3614 496.

301 3651 519 3745 Innocentius
540 3678 596 3743 IV
620 3700 709 3764 propo
730 3679 1009 3767 H[crlmcnnnm]
1029 3681 1181 3746 seriorem
1203 3684 1232 3743 ot
1254 3678 1532 3767 H[urtmnnnnnt]
1552 3681 1708 3747 iuniorem
1730 3681 1854 3747 nmine
1965 3681 2043 3725 9⁵

198 3782 235 3846 sle
258 3782 382 3864 Kiborp
405 3782 524 3859 ἰαιαῑιιέ,
548 3782 630 3863 qnod
650 3784 838 3848 rorantium
853 3783 1048 3869 F[rideriei]
1062 3783 1218 3865 qnotrdnm
1240 3783 1438 3864 imperatoris
1459 3786 1489 3848 cl
1506 3782 1683 3871 O[onrodr']
1698 3784 1768 3867 filii
1786 3784 1854 3849 eius
1954 3782 2047 3829 ’θ’-9

198 3886 360 3963 declinent,
382 3905 490 3968 cosqrtc
511 3887 551 3950 nb
574 3888 659 3951 ottoni
677 3886 740 3969 rislo
761 3892 791 3952 cl
811 3887 1005 3970 obligatione,
1028 3887 1141 3968 (sitibus
1166 3886 1275 3951 iisrlcnr
1297 3890 1472 3967 tencantur,
1495 3887 1636 3952 obsolvit.

302 4006 365 4060 loo.
381 4005 428 4059 IV
443 4006 507 4075 Rq.
529 4007 582 4061 Vol.
603 4007 699 4074 snm·
716 4008 777 4062 Lab.
795 4008 824 4076 V,
843 4017 901 4063 ars.
1479 3993 1572 4070 1248,
1593 3990 1689 4057 Febr.
1714 3995 1767 4058 11.

303 4094 401 4160 Benper
418 4100 490 4147 361⁸.

2097 3874 2119 3905 3!

224 4254 458 4328 Nobilibus
485 4257 597 4329 viris
625 4258 670 4330 H.
702 4257 871 4330 seniori
899 4263 942 4329 et
969 4258 1015 4330 H.
1046 4257 1225 4330 iuniori
1252 4256 1491 4330 comitibus
1517 4256 1571 4329 de
1597 4254 1829 4329 Kiburoh¹.

303 4403 355 4466 Ex
378 4404 455 4467 fidei
479 4405 619 4490 puritate
648 4412 681 4470 et
708 4407 895 4492 integritate
924 4406 1125 4489 devotionis,
1159 4408 1277 4495 quibus
1306 4407 1438 4473 honeris
1466 4406 1568 4471 nostri
1590 4406 1852 4493 comprobamini
1954 4386 1990 4451 Ῑ
2016 4376 2051 4440 'i

200 4507 376 4585 nsrlotores,
414 4507 450 4570 F.
480 4507 643 4592 quondam
678 4510 883 4596 imperatoris
918 4518 951 4574 et
986 4510 1022 4575 O.
1045 4512 1113 4575 nati
1147 4513 1218 4575 eius
1248 4508 1444 4576 declinando
1470 4509 1669 4575 consortium
1701 4518 1736 4573 et
1767 4510 1854 4596 porti
1948 4489 1985 4553 ff
2005 4492 2047 4541 Ἦ

200 4612 337 4674 ecclesie
361 4610 559 4679 adherendo.
583 4611 718 4696 dignum
735 4612 946 4699 providimus,
961 4614 1059 4677 immo
1076 4613 1222 4678 debitum
1242 4614 1448 4691 arbitramur,
1471 4619 1507 4677 ut
1529 4633 1587 4677 ves
1610 4614 1727 4698 quavis
1749 4614 1888 4697 gratie·
1937 4602 2042 4652 ’99

200 4723 233 4777 et
256 4716 390 4778 honeris
415 4714 615 4780 excellentia
641 4723 807 4802 tamquam
842 4718 1004 4803 speciales
1041 4718 1180 4784 ecclesie
1214 4718 1298 4782 filios
1324 4718 1510 4782 efferamus.
1560 4712 1607 4779 Ut
1632 4714 1735 4800 igitur
1761 4716 1893 4779 lirmer
1939 4706 2030 4757 5³2

199 4817 374 4902 stabilique
398 4820 578 4883 constantio
602 4827 635 4884 et
664 4821 830 4905 proposito
855 4822 1049 4885 inconcusso
1071 4822 1256 4908 persistatis
1286 4822 1319 4885 in
1343 4819 1487 4885 ecclesie
1509 4816 1659 4884 Romane
1681 4818 1882 4905 obsequie..
1946 4840 2014 4865 ..-

199 4922 298 4985 immo
333 4922 441 4985 verius
477 4922 554 4986 lesu
589 4921 724 5004 Christi,
759 4925 876 4988 vestris
911 4925 1203 5010 supplicationibus
1237 4946 1301 4989 non
1331 4922 1474 5009 indignis
1504 4922 1613 5007 gratia
1647 4942 1711 4987 nec
1739 4922 1878 4987 lavore*
1963 4918 1998 4945 ’

201 5027 310 5089 vacuis
346 5024 517 5108 benignius
553 5027 715 5108 inclinati,
746 5049 803 5092 ves
837 5028 878 5092 ab
915 5029 1001 5093 omni
1035 5028 1114 5109 fide,
1144 5028 1302 5094 fidelitate
1330 5033 1364 5092 et
1393 5026 1596 5111 obligatione
1622 5024 1771 5110 generali
1800 5022 1871 5089 vel
2020 5036 2043 5075 n

1207 5190 1229 5195 ..
1243 5188 1445 5195 —-—-..-——.
1461 5186 1677 5195 m-a———
1693 5188 1701 5193 .
1717 5186 1748 5193 ι...

305 5292 329 5333 ⁸l
350 5288 465 5337 liorniues
483 5288 513 5339 Il.
617 5288 642 5353 b)
660 5290 851 5357 predecessores
870 5288 900 5339 Il.

306 5403 331 5457 lt
351 5406 388 5471 (lli
406 5424 434 5458 n.
452 5413 508 5460 493.
