4328 6232
253 332 274 396 6
803 316 1342 379 sxmuocnvrnrvnaersrao

251 502 376 588 absque
398 502 535 589 speciali
558 497 711 565 mandato
734 498 822 564 sedis
845 499 1023 585 apostolice
1047 519 1111 562 non
1134 518 1316 584 presumas,
1340 498 1449 562 sciens
1474 495 1560 583 quod
1582 494 1734 584 quicquid
1755 495 1900 562 deterre

253 606 387 670 Pruscie
411 606 463 669 vel
488 612 575 668 terra
599 602 767 667 Culmensi
790 609 848 667 aut
870 602 972 687 ipsius
996 602 1150 666 alienasti
1172 600 1396 688 proventibus,
1426 603 1459 665 in
1482 602 1610 666 irritum
1634 624 1843 683 revocamus,
1867 608 1900 667 et

254 730 384 772 exnunc
421 708 517 771 inane
550 705 775 787 decernimus,
808 706 835 770 si
863 704 941 791 quid
976 711 1088 769 contra
1119 705 1348 770 inhibitionem
1377 711 1521 768 nostram
1551 725 1651 791 super
1679 704 1899 791 predictorum

253 812 450 876 alienatione
474 808 514 874 de
539 814 649 875 cetero
673 808 893 895 attemptatis.
936 807 971 872 Si
994 830 1070 874 vero
1094 809 1249 875 diocesim
1273 808 1484 874 Culmensem
1507 809 1658 894 elegeris,
1681 809 1739 873 tibi
1762 810 1804 875 de
1828 811 1900 897 ipsa

253 922 341 979 terra
364 913 533 979 Culmensi
557 912 713 994 sufficiat,
745 912 832 999 quod
860 912 894 977 in
917 913 1020 978 forma
1042 914 1286 999 compositionis
1310 913 1396 978 lacte
1420 933 1517 998 super
1539 918 1627 977 terra
1651 912 1820 978 Culmensi
1842 933 1903 1000 per

253 1024 287 1082 te
310 1039 348 1083 ac
371 1019 516 1103 legatum
540 1015 678 1082 eundem
703 1021 737 1081 et
759 1014 865 1080 dictos
888 1016 1005 1081 fratres
1029 1038 1156 1082 necnon
1176 1017 1279 1104 ipsius
1294 1022 1381 1082 terre
1398 1017 1522 1081 incolas
1539 1016 1669 1103 plenius
1685 1019 1871 1085 continetur
1880 1021 1902 1088 ¹.

255 1121 408 1187 Ceterum
431 1121 640 1207 temporalia,
671 1141 734 1206 que
764 1119 824 1184 tibi
847 1121 1053 1207 episcopatus
1077 1120 1146 1185 iure
1170 1126 1376 1205 competunt,
1408 1121 1538 1184 nomine
1561 1128 1673 1185 nostro
1696 1128 1730 1187 et
1751 1123 1902 1192 Romane

254 1226 395 1290 ecclesie
418 1224 459 1290 de
483 1225 583 1309 ipsius
606 1223 709 1309 legati
731 1244 828 1287 manu
852 1224 1001 1309 recipias,
1025 1231 1057 1288 tc
1081 1224 1191 1304 talem,
1217 1223 1301 1288 sicut
1323 1223 1517 1311 pontificalis
1534 1224 1677 1310 dignitas
1698 1234 1733 1292 et
1749 1229 1904 1314 religiosa

254 1330 389 1415 requirit
412 1329 583 1409 honestas,
614 1329 648 1392 in
670 1327 819 1392 omnibus
844 1326 1045 1410 redditurus,
1077 1327 1161 1414 quod
1184 1327 1257 1393 Deo
1288 1334 1321 1393 et
1349 1327 1489 1393 ecclesie
1519 1329 1562 1393 sit
1591 1328 1632 1392 ad
1658 1331 1812 1413 gloriam,
1843 1333 1904 1397 tibi

254 1431 415 1497 redundet
438 1431 479 1496 ad
502 1433 653 1496 meritum
677 1437 710 1495 ct
732 1429 852 1495 Christi
874 1429 1026 1495 fidelibus
1050 1429 1091 1495 de
1114 1430 1250 1495 Prnscia
1274 1432 1384 1495 veniat
1405 1430 1447 1495 ad
1471 1431 1665 1516 proiectum.

361 1552 435 1616 Dat.
458 1551 621 1636 Anagnie,
644 1551 697 1616 ΙΙΙ
719 1550 795 1616 Kal.
820 1550 905 1634 Aug.
929 1571 1014 1614 anno
1037 1549 1065 1614 I.

1062 2093 1098 2165 6.

358 2203 575 2296 Innocentius
590 2229 645 2295 IV
655 2251 746 2312 papa
760 2230 930 2317 [lieberto]
946 2231 1152 2314 patriarchae
1168 2230 1464 2314 Hierosolymitano,
1485 2234 1671 2313 apostolieae
1693 2234 1775 2300 salia
1797 2237 1905 2320 lenate

254 2336 433 2399 intimatae
458 2334 693 2401 Ultronrorinos
720 2335 878 2400 hortotnm
905 2357 983 2416 esse,
1014 2341 1049 2400 ut
1069 2336 1114 2400 ad
1134 2336 1364 2417 reparationem
1384 2357 1545 2400 moerorum
1567 2336 1704 2402 civitatis
1725 2338 1906 2424 Hierosoly-

253 2441 392 2504 rnitanae
413 2439 552 2520 cendiqne
574 2438 762 2518 dirutorum,
784 2439 839 2504 boe
861 2444 994 2530 tempore
1016 2444 1124 2504 exortu
1146 2441 1230 2504 inter·
1250 2439 1397 2504 soldanus
1418 2438 1584 2516 discordia,
1606 2439 1698 2505 irrata
1713 2445 1904 2509 taxationem

253 2543 356 2624 ipsisne
377 2561 546 2625 congraum
568 2543 743 2607 antemium
765 2543 955 2626 largiantur,
978 2544 1066 2626 eique
1089 2541 1229 2619 manunt,
1251 2544 1288 2605 nt
1307 2542 1343 2605 id
1364 2542 1520 2606 instanter
1541 2543 1655 2625 erigat.

1574 2649 1667 2724 1243,
1689 2647 1770 2730 Altp.
1789 2649 1818 2713 5.

359 2766 421 2820 lnrr.
435 2766 483 2820 IV
499 2766 565 2836 Περ.
583 2767 674 2835 Voti,
695 2774 726 2834 8,·
744 2767 842 2834 Lini,
861 2774 899 2822 53.
931 2766 1038 2820 Domni}
1057 2783 1090 2821 er
1110 2767 1200 2836 Rupe.
1213 2767 1288 2820 Ann.
1308 2767 1368 2819 ecel.
1388 2773 1500 2833 n.1243,
1518 2772 1586 2831 §62

359 2853 488 2920 Potttnet,
507 2853 570 2922 Rep.
585 2859 676 2917 1110&
694 2854 795 2923 Berper
805 2861 844 2909 53.
1352 2890 1355 2897 -

350 3051 692 3144 ..patriarche
724 3052 1119 3141 lerosolimitano‚
1154 3051 1420 3144 apostolice
1455 3051 1581 3125 sedis
1612 3045 1806 3143 legaret

363 3202 402 3267 In
426 3224 618 3268 succursum
633 3201 734 3268 Terre
751 3202 871 3268 Sancte
889 3202 1025 3268 accendi
1041 3203 1165 3269 debent
1188 3203 1286 3268 corda
1309 3202 1464 3284 fidelium,
1489 3203 1530 3268 ad
1553 3203 1779 3269 liberationem
1805 3206 1907 3291 ipsius

254 3329 318 3393 qua
341 3314 476 3394 possunt
499 3307 716 3373 subventione
739 3307 863 3373 debent
886 3328 1060 3393 assurgere
1085 3305 1278 3388 Christiani,
1311 3329 1353 3372 ex
1386 3328 1425 3372 eo
1455 3305 1577 3370 inducti
1606 3309 1791 3393 potissime,
1824 3308 1909 3392 quod

255 3412 287 3475 in
311 3412 367 3476 illa
389 3412 579 3498 specialiter
601 3410 665 3476 Dei
688 3412 774 3476 lilius
798 3412 999 3498 unigenitus,
1021 3412 1117 3478 iesus
1136 3411 1299 3491 Christus,
1323 3418 1400 3476 tunc
1425 3412 1529 3477 hostis
1552 3412 1678 3496 antiqui
1700 3411 1776 3497 iugo
1800 3412 1908 3477 inces-

256 3521 367 3580 santer
390 3516 557 3602 oppressis
581 3517 682 3581 voluit
704 3517 961 3583 misericorditer
985 3517 1161 3582 subvenire
1192 3516 1346 3602 ipsosque
1369 3517 1515 3602 pretioso
1539 3515 1589 3578 sui
1613 3515 1779 3600 sanguinis
1801 3517 1909 3602 pretio

256 3618 297 3683 de
320 3626 481 3707 perpetuo
506 3622 671 3686 servitutis
695 3643 827 3688 earcere
851 3622 1005 3688 liberare.
1044 3620 1127 3686 Cum
1150 3622 1262 3706 itaque
1286 3621 1429 3685 civitatis
1454 3619 1713 3684 Ierosolirnitane
1737 3622 1818 3684 muri
1843 3620 1909 3685 sint

256 3722 399 3808 undiquc
429 3723 543 3804 diruti,
576 3724 766 3790 extantibus
796 3733 922 3790 tantum
952 3725 1176 3790 fundamentis
1208 3725 1369 3811 ipsorum,
1401 3728 1435 3787 et
1462 3721 1595 3807 dignum
1618 3723 1800 3787 existatac
1823 3723 1908 3789 inter

257 3827 323 3891 alia
346 3826 501 3912 suffragia
523 3828 699 3913 plurimum
723 3829 905 3916 expediens
934 3830 999 3916 ipsi
1026 3837 1129 3910 terre,
1160 3836 1196 3893 ut
1225 3838 1293 3893 tarn
1316 3825 1504 3892 veneranda
1527 3827 1656 3908 civitas,
1688 3827 1809 3892 Christi
1833 3848 1909 3892 con-

257 3951 372 4015 spersa
387 3931 558 4017 sanguine,
581 3933 727 3996 menium
742 3931 931 3998 fortitudine
947 3934 1122 4012 muniatur,
1145 3932 1353 3998 venerabiles
1368 3931 1488 3995 fratres
1502 3938 1633 3995 nostros
1645 3930 1910 4017 archiepiscopos

258 4040 291 4097 et
314 4034 487 4119 episcopos
515 4042 549 4099 et
575 4034 715 4101 dilectos
744 4037 829 4100 filios
862 4036 944 4100 alios
975 4038 1191 4102 ecelesiarum
1225 4038 1371 4124 prelatos
1400 4043 1434 4099 et
1462 4056 1576 4099 eorum
1600 4034 1742 4120 capitula
1764 4055 1824 4099 nee
1847 4056 1911 4099 non

258 4135 374 4201 domus
391 4138 505 4203 militie
521 4138 660 4226 Templi,
677 4138 861 4226 Hospitalis
874 4139 1132 4205 lerosolimitani
1148 4147 1182 4205 ct
1198 4147 1310 4205 sancte
1324 4138 1429 4204 Mario
1442 4138 1718 4202 Theutonioorum
1736 4139 1911 4223 magistros

259 4248 292 4305 et
313 4240 432 4305 fratres
456 4242 602 4327 aliosque
626 4242 800 4327 religiosos
823 4264 862 4307 ac
886 4241 1011 4308 nobiles
1035 4243 1123 4307 viros
1145 4242 1286 4309 barones
1311 4249 1344 4308 et
1367 4243 1449 4306 alios
1468 4240 1590 4306 Christi
1612 4241 1726 4306 tideles
1750 4242 1783 4305 in
1799 4241 1909 4306 Ultra·

258 4345 394 4410 marinis
417 4346 566 4432 partibus
597 4348 791 4412 constitutos
819 4347 1017 4430 monendos,
1049 4347 1214 4432 rogandos
1237 4347 1390 4412 duximus
1415 4356 1448 4411 et
1471 4343 1650 4410 hortandos
1674 4345 1846 4422 attentius,
1878 4345 1911 4408 in

258 4449 480 4514 remissionem
503 4451 552 4516 eis
573 4451 801 4537 peccaminum
824 4451 1049 4536 iniungentes,
1084 4450 1236 4537 quatinus
1260 4451 1301 4516 ad
1324 4450 1564 4536 reparationem
1587 4468 1753 4513 murorum
1773 4448 1914 4512 civitatis

260 4552 416 4628 eiusdem,
439 4575 537 4641 quam
552 4555 687 4621 liberius
703 4562 737 4621 et
751 4557 871 4622 melius
888 4556 958 4622 fieri
975 4563 1095 4642 potest,
1120 4556 1182 4620 hoe
1198 4563 1347 4641 ternpore
1365 4560 1479 4617 exorta
1495 4552 1656 4618 discordia
1673 4551 1880 4617 soldanorum
1889 4551 1913 4632 ⁸,

259 4677 319 4741 per
348 4678 445 4743 quam
472 4657 559 4724 dicte
590 4666 678 4724 terre
700 4658 830 4725 ridetur
853 4659 1014 4724 Dominus
1045 4659 1232 4743 specialiter
1262 4655 1461 4743 providisse,
1497 4678 1571 4721 cum
1602 4657 1701 4722 etiam
1732 4654 1913 4719 catholicos

261 4760 372 4824 mundi
395 4761 561 4848 principes
584 4769 619 4827 et
640 4763 812 4828 universos
837 4761 1044 4828 Christianos
1068 4762 1167 4840 alios,
1197 4761 1284 4847 quod
1307 4760 1349 4825 ad
1372 4760 1433 4824 boc
1456 4760 1631 4825 honorifice
1654 4780 1783 4824 manum
1807 4760 1911 4845 porri-

260 4868 340 4946 gant
362 4864 522 4945 caritatis,
551 4864 673 4929 nostris
705 4865 825 4930 litteris
855 4864 1011 4931 inducere
1043 4865 1200 4929 attentius
1225 4863 1449 4944 intendamus,
1480 4862 1559 4929 dent
1590 4883 1684 4949 opem
1715 4868 1750 4928 et
1779 4882 1913 4948 operam

262 4966 446 5048 efficacem,
479 4975 513 5033 et
542 4967 584 5032 ad
615 4969 811 5055 principium
844 4969 1014 5055 potissime
1044 4975 1112 5033 tarn
1142 4969 1186 5055 pii
1219 4974 1252 5033 et
1282 4968 1371 5032 utilis
1399 4967 1507 5053 operis
1531 4987 1710 5052 congruum
1734 4965 1913 5031 subsidium

262 5069 355 5134 iuxta
377 5072 589 5149 taxationem,
614 5093 713 5158 quam
736 5078 782 5152 tu,
806 5073 859 5136 oui
877 5094 976 5160 super
991 5074 1052 5137 hcc
1068 5071 1239 5157 dirigimus
1255 5075 1376 5159 scripta
1398 5079 1540 5152 nostra⁸,
1563 5071 1698 5136 duxeris
1721 5069 1914 5151 faciendam,

263 5180 385 5237 certam
409 5175 547 5259 singulis
572 5195 682 5238 eorum
707 5175 959 5240 subventionem
983 5175 1106 5240 tamin
1130 5175 1286 5240 militibus
1318 5183 1352 5240 et
1380 5175 1537 5261 operariis
1566 5194 1662 5259 quarn
1692 5174 1763 5237 aliis
1787 5172 1915 5238 eidemb

602 5335 1003 5343 --—-.—..—.——
1019 5336 1213 5343 —-.---..-.-
1226 5338 1317 5344 -.--
1341 5338 1371 5343 --
1385 5337 1419 5343 -
1432 5336 1733 5343 .—----—>-...-.-——
1746 5337 1756 5343 .
1769 5338 1810 5344 .-

366 5433 390 5498 ⁸)
408 5435 445 5486 ito
457 5434 489 5487 R.
502 5435 558 5486 MA
565 5435 592 5487 U
590 5454 599 5497 ,⁶
616 5453 696 5503 quam
713 5436 761 5490 tibi
777 5452 855 5504 super
873 5464 906 5474 -
924 5438 1026 5506 seriptis
1043 5436 1138 5489 noenu
1150 5436 1236 5503 noyn.
1324 5434 1350 5501 t)
1368 5436 1482 5488 eiusdem
1494 5435 1580 5504 Royn.

368 5553 394 5618 l)
415 5551 456 5618 Cf.
471 5552 606 5622 Pensm,
628 5554 735 5610 Prenm.
750 5554 813 5624 Ray.
830 5571 857 5608 n.
871 5561 917 5609 192
934 5559 959 5609 et
975 5554 1054 5622 infra
1071 5551 1121 5608 ereb
1137 5569 1165 5605 n.
1177 5558 1216 5608 31.
1285 5552 1496 5622 2)Snblnt16
1514 5553 1539 5607 ei
1555 5551 1696 5623 wionis
1711 5549 1831 5620 atiicisan
1845 5566 1916 5608 m

263 5636 372 5693 miseren
390 5645 440 5703 est;
458 5639 602 5710 Berper12
618 5646 642 5696 et
660 5648 698 5697 nt
768 5642 796 5710 3)
818 5640 859 5710 Cf.
879 5641 993 5711 warren,
1012 5639 1105 5696 Geseb
1124 5638 1149 5694 d.
1168 5638 1323 5710 Krenrssiqe
1340 5644 1359 5693 t.
1375 5637 1424 5707 VI,
1438 5656 1467 5709 p.
1479 5646 1529 5695 62?
1543 5645 1569 5695 et
1584 5654 1655 5710 aequ
