4734 6334
858 369 1058 426 urlsuousu
1076 367 1270 426 SELEGTAE.
1306 371 1382 426 1249.
1887 379 1951 440 547

298 547 460 634 exemplo,
484 547 541 632 qui
563 544 735 611 duodecim
759 544 926 632 apostolos
950 544 1088 628 eligens,
1112 542 1246 610 eosdem
1270 544 1359 608 misit
1381 565 1440 629 per
1461 544 1651 610 universum
1673 545 1830 611 mundum
1851 567 1951 612 svan-

297 651 422 737 gslium
450 647 632 736 predicare.
681 646 734 712 Ab
763 648 834 734 ipso
863 647 967 726 enim,
1003 646 1089 710 sicut
1118 651 1340 732 unguentum·
1369 646 1402 711 in
1438 648 1564 733 sepite,
1599 647 1684 733 quod
1720 648 1891 715 descendit
1919 651 1953 715 in

298 753 435 819 barbam
458 757 492 816 et
514 751 557 818 ad
579 750 715 817 horaml’
742 751 842 816 etiam
865 750 1066 831 vestimenti,
1097 749 1193 835 panis
1220 748 1408 840 intellectus
1439 755 1472 814 et
1494 751 1559 815 vite
1589 750 1631 816 ad
1660 752 1743 818 alios
1774 773 1846 818 cum
1878 751 1953 818 fidei

298 856 465 922 doctrina⁰
488 853 638 941 procedit
661 859 694 919 et
715 875 800 939 aque
823 853 984 940 sapientie
1008 853 1171 917 saluteris.
1215 851 1303 916 Hinc
1327 858 1393 933 est,
1424 852 1509 938 quod
1533 875 1605 933 nos,
1635 855 1843 921 attendentes
1867 855 1953 943 quod

300 957 451 1025 Sardinia
483 957 591 1023 insule
604 957 625 1037 ¹,
657 978 720 1043 que
752 957 967 1044 spiritualiter
996 962 1030 1024 et
1060 957 1284 1043 temporaliter
1311 955 1354 1021 ad
1383 956 1560 1022 ecclesiam
1587 958 1771 1025 Romanam
1801 967 1952 1046 spectare

297 1067 485 1139 noscuntur,
508 1082 528 1126 a
550 1059 645 1125 nobis
668 1061 767 1145 longo
791 1065 899 1125 tractu
917 1060 1015 1124 maris
1038 1066 1071 1124 et
1091 1061 1300 1147 tempestatis
1321 1059 1447 1146 impetu
1464 1059 1694 1146 distinguntur,
1718 1064 1953 1151 propterquod

298 1171 332 1231 et
361 1164 439 1251 quia
468 1162 707 1251 persecutionis
738 1163 824 1228 olla‘l
854 1183 1013 1228 suscense
1046 1163 1109 1228 fuit
1135 1162 1295 1228 hactenus
1327 1164 1428 1228 flente
1464 1163 1554 1230 rabis
1585 1165 1677 1252 impii
1705 1164 1786 1248 Fr.²,
1820 1175 1953 1232 mutuus

296 1267 410 1334 matris
433 1267 475 1332 sd
497 1267 581 1333 filios
605 1271 638 1331 et
659 1266 798 1332 filiorum
821 1265 863 1331 ad
885 1272 1025 1331 matrem
1048 1266 1193 1332 caritatis
1216 1266 1356 1332 affectus
1372 1265 1502 1333 videtur
1526 1268 1765 1353 quodammodo
1788 1269 1951 1354 friguisse,

297 1377 335 1436 ut
357 1371 406 1435 sis
430 1376 523 1455 grate
546 1369 743 1435 visitationis
766 1369 909 1434 cilicium
932 1369 1171 1455 impendamus,
1200 1375 1233 1435 te
1257 1369 1298 1435 ad
1321 1375 1435 1456 partes
1457 1371 1543 1450 illas,
1574 1371 1615 1436 de
1639 1372 1732 1437 cuius
1754 1372 1953 1438 discretione

298 1495 336 1538 ao
359 1473 533 1560 prudentia
555 1473 681 1537 firmam
706 1478 739 1538 et
761 1471 978 1537 indubitatem
1002 1471 1155 1537 fiduciam
1185 1473 1389 1555 obtinemus,
1421 1473 1461 1539 de
1490 1474 1627 1539 fratrum
1658 1482 1844 1541 nostrorum
1875 1496 1953 1540 con-

298 1577 373 1641 silio
398 1575 551 1640 duximus
575 1575 815 1653 destinandum,
840 1575 1013 1660 legationis
1029 1576 1090 1641 tibi
1105 1575 1202 1662 plene
1220 1576 1362 1642 officium
1380 1575 1634 1657 committentes,
1657 1583 1694 1642 ut
1708 1578 1801 1642 iuxta
1815 1578 1953 1644 verbum

297 1679 525 1766 propheticum
555 1679 680 1744 evellas
716 1685 750 1744 et
781 1678 948 1758 destrues,
983 1677 1123 1765 dissipes
1153 1686 1187 1745 et
1217 1678 1406 1766 disperdas,
1442 1679 1576 1745 edifices
1609 1686 1644 1745 et
1674 1681 1822 1766 plantes,
1856 1687 2107 1767 promisissem.

297 1782 477 1850 secundum
499 1781 609 1846 Deum
631 1780 751 1846 videris
779 1781 949 1868 expedire.
992 1779 1155 1855 Quocirca
1184 1782 1415 1848 discretionem
1439 1789 1529 1846 tuem
1552 1804 1706 1868 rogamus
1729 1790 1763 1848 et
1785 1784 1954 1849 hortamur

299 1892 441 1967 attente,
471 1884 665 1950 mandantes
696 1886 849 1971 quatinus
879 1906 952 1950 cum
980 1883 1146 1971 predictas
1175 1886 1299 1951 insulas
1326 1887 1413 1950 inter
1428 1886 1523 1952 'alias
1552 1887 1639 1952 orbis
1661 1893 1773 1973 partes
1797 1893 1952 1972 tanquam

299 1991 440 2055 ecclesie
455 1987 603 2053 Romane
619 1987 848 2074 patrimonium
865 1989 1009 2074 speciale
1026 1989 1213 2074 specialiter
1229 1989 1412 2074 diligamus,
1437 1989 1484 2054 sio
1505 1989 1639 2055 studeas
1659 1990 1692 2054 in
1715 1991 1780 2054 illis
1804 1991 1952 2076 partibus

298 2093 495 2178 legationem
519 2092 625 2177 ipsam
648 2092 827 2156 secundum
850 2090 1090 2177 providentiam
1112 2093 1172 2156 tibi
1189 2092 1296 2157 aDeo
1319 2092 1429 2158 datam
1445 2093 1655 2159 laudabiliter
1673 2114 1841 2174 exercere,
1865 2093 1953 2180 quod

298 2195 468 2274 affectum,
503 2215 599 2279 quom
634 2193 676 2258 ad
708 2195 839 2259 illarum
874 2194 1055 2258 insularum
1090 2195 1213 2260 clerum
1250 2200 1284 2259 et
1319 2195 1476 2280 populum
1510 2196 1684 2268 habuimus
1718 2201 1752 2260 et
1780 2195 1952 2277 habemus,

297 2304 497 2384 cognoscant
526 2303 583 2362 tuo
612 2297 778 2363 mediante
801 2296 909 2362 studio
940 2318 999 2383 per
1027 2297 1197 2378 effectum,
1228 2319 1355 2383 nosque
1383 2306 1494 2384 preter
1520 2299 1687 2381 meritum,
1717 2299 1803 2386 quod
1826 2321 1846 2365 a
1868 2300 1951 2381 Deo,

298 2409 332 2467 et
354 2404 475 2467 famem
496 2401 626 2485 bonam,
651 2423 748 2488 quem
772 2402 812 2467 ab
834 2401 1021 2467 hominibus
1046 2403 1269 2487 consequeris,
1292 2401 1496 2487 diligentiam
1519 2408 1609 2467 tuem
1633 2403 1740 2488 dignis
1763 2404 1796 2467 in
1812 2403 1952 2468 Domino

298 2505 451 2571 laudibus
475 2505 769 2572 commendemus⁸.

408 2625 484 2693 Dat.
507 2625 670 2712 Lugduni,
694 2625 765 2690 ΠΙΙ
785 2626 834 2691 Id.
859 2624 956 2706 Iunii,
980 2623 1156 2691 annoV10.

406 2747 446 2810 In
469 2745 608 2811 eundem
631 2745 763 2810 modum
787 2747 905 2810 eidem.
951 2745 990 2809 In
1014 2746 1140 2810 insulas
1164 2745 1310 2810 Oorsice.

924 3005 1329 3012 ——.————--——-

1083 3267 1169 3342 749.

402 3381 620 3474 Irrnccentius
644 3406 668 3470 Ι
671 3405 699 3471 V
713 3428 805 3491 papa
826 3407 1079 3490 archiepiscopis,
1109 3408 1261 3492 episcopis
1288 3411 1318 3471 et
1343 3407 1420 3472 aliis
1437 3407 1595 3486 praelatis
1616 3407 1790 3473 Sardiniae
1812 3406 1952 3486 maudut,

296 3510 446 3574 catalecto
471 3510 659 3589 Tomitana,
688 3531 779 3593 quom
799 3511 843 3575 od
861 3516 970 3593 partes
991 3531 1098 3575 sorum
1120 3530 1190 3575 cum
1208 3511 1323 3591 plenae
1345 3511 1511 3594 legationis
1539 3511 1642 3591 officio
1668 3510 1814 3589 destinet,
1838 3509 1954 3590 morsis

297 3613 453 3678 mentibus
474 3613 652 3680 intendant.
1603 3615 1697 3691 1249,
1720 3613 1796 3678 Iun.
1814 3615 1866 3677 10.

401 3732 466 3786 Ima
480 3733 530 3787 IV
544 3733 606 3803 Ray.
626 3733 686 3787 uu.
705 3733 751 3800 VL
768 3734 789 3800 s.
804 3742 842 3804 74,
860 3749 917 3788 aar.
935 3751 963 3789 a.
975 3741 1016 3788 69.

402 3819 534 3888 Pottlsast,
553 3819 723 3887 ch.13397;
742 3820 840 3889 Bcrper
856 3826 930 3876 4730.
952 3846 957 3852 -

336 4013 577 4086 Universis
605 4016 957 4108 archiepiscopis
984 4021 1029 4089 st
1055 4017 1299 4108 episcopia,
1328 4013 1587 4101 abbatibus
1616 4013 1847 4104 prioribus
1874 4018 1913 4084 et

458 4135 560 4207 aliis
589 4137 886 4211 ecclesiarum
914 4138 1104 4228 prelatis
1132 4157 1210 4228 per
1237 4135 1489 4210 Sardiniam
1519 4132 1792 4206 constitutis

406 4281 487 4348 (lum
510 4283 605 4349 iuxta
627 4284 764 4350 verbum
788 4287 1016 4373 propheticum
1039 4287 1208 4352 constituti
1232 4306 1333 4371 super
1355 4289 1472 4368 gentes
1496 4287 1529 4346 et
1551 4302 1654 4365 regns
1676 4281 1829 4345 universe
1853 4285 2107 4360 terraneam.

294 4385 351 4450 ubi
375 4385 535 4451 Dominus
557 4387 739 4468 invocatur,
768 4410 880 4454 curam
903 4397 1077 4455 teneamur
1099 4409 1216 4473 gerere
1240 4387 1441 4472 generalem,
1465 4406 1504 4449 eo
1529 4390 1640 4448 tamen
1664 4404 1744 4468 arga
1767 4381 1952 4447 Sardiniam

296 4494 406 4553 nostre
434 4489 663 4555 sollicitudinis
692 4493 797 4556 aciem
826 4492 966 4578 quodam
990 4493 1130 4556 naturali
1153 4491 1265 4556 debito
1295 4489 1522 4576 compellimur
1551 4485 1693 4572 dirigere
1723 4507 1762 4550 ao
1791 4492 1952 4565 tenemur,

296 4614 359 4678 quo
375 4593 417 4658 ed
432 4592 614 4659 Romanam
638 4597 812 4660 eeclesiam
835 4598 1002 4683 pertinere
1025 4595 1215 4682 specialiter
1237 4593 1424 4659 dinoscitur.
1458 4591 1583 4656 Verum
1606 4591 1684 4676 quia
1705 4588 1849 4654 humens
1872 4609 1951 4653 con-

296 4696 427 4760 ditionis
456 4702 574 4763 natura
605 4720 670 4764 non
703 4701 836 4784 patitur,
869 4708 907 4766 ut
939 4721 1004 4766 uno
1040 4699 1221 4785 eodemque
1255 4705 1402 4782 tempore
1438 4695 1518 4760 locis
1552 4694 1701 4779 pluribus
1736 4692 1952 4779 personaliter

297 4799 492 4887 capiamur‘,
520 4822 562 4866 ne
586 4801 691 4866 minus
715 4803 917 4869 sufficienter
941 4811 1128 4891 susceptum
1152 4803 1354 4889 apostolatus
1382 4800 1575 4885 impleamus
1602 4797 1761 4878 officinm,
1795 4796 1953 4880 cogimur,

297 4904 387 4970 Ietro
410 4905 469 4968 'usi
500 4907 652 4988 consilio,
684 4908 774 4972 viros
805 4908 1006 4994 prudentes⁸
1034 4909 1175 4993 eligere,
1206 4907 1356 4972 timentes
1385 4904 1508 4984 Deum,
1540 4908 1689 4967 amantes
1718 4900 1891 4964 veritatem
1919 4903 1952 4962 et
1964 4913 2035 4957 uxos.
2049 4919 2082 4958 rs.

298 5008 467 5073 avaritiam
492 5008 711 5090 detestantes,
744 5012 798 5097 qni
820 5017 967 5076 nostrum
991 5018 1025 5076 et
1049 5011 1191 5076 ecclesie
1214 5009 1363 5074 Romane
1386 5007 1537 5072 zelantur
1557 5004 1730 5083 honorem,
1763 5009 1800 5067 ut
1827 5022 1882 5066 eos
1910 4999 1952 5064 ad

1708 5143 1849 5150 ...ω-..-

533 5155 648 5160 —----
678 5156 698 5160 -
715 5156 744 5161 -.
763 5156 841 5161 .-—.
1000 5151 1334 5160 ————--...-—-—-

400 5231 424 5293 ὓ)
443 5233 606 5299 unigenitum
619 5231 668 5289 R·.·
686 5234 719 5300 cs.
733 5233 776 5284 Ps.
790 5235 844 5296 132,
856 5237 879 5284 2.
975 5231 1000 5295 b)
1020 5233 1067 5298 lep.
1080 5249 1158 5284 oram.
1255 5232 1280 5298 ⁰)
1298 5232 1358 5284 fidei
1376 5231 1491 5282 doctrina
1507 5230 1641 5296 repetitam
1658 5237 1682 5279 st
1696 5229 1799 5294 peuces
1816 5226 1953 5293 suppositis

297 5318 406 5368 deletam
424 5327 467 5371 est.
572 5315 597 5383 d)
616 5319 667 5370 olla
684 5319 769 5380 etR.‚·
786 5323 820 5386 cs.
836 5321 963 5384 Iereml,
977 5324 1013 5372 13.
1119 5320 1142 5385 8)
1162 5337 1277 5372 commen
1293 5323 1298 5385 Ι
1314 5316 1350 5387 [s.
1366 5316 1418 5384 Μ’]
1438 5317 1588 5369 mandamus
1601 5313 1633 5365 R.
1738 5311 1759 5379 s)
1777 5313 1909 5380 capiemur
1926 5312 1953 5362 iss

219 5409 246 5448 ⁴0
298 5404 352 5454 loco
371 5421 433 5456 roso
450 5406 535 5456 altera
552 5423 632 5456 mauu
649 5415 672 5458 st
690 5407 746 5457 elia
764 5408 883 5459 tincasre.
988 5408 1013 5472 8)
1033 5409 1102 5459 viros
1119 5425 1168 5475 pru
1186 5408 1272 5458 itidem
1289 5416 1317 5457 ist
1334 5415 1386 5457 scot.
1393 5408 1420 5474 s.

404 5542 430 5608 1)
450 5537 491 5606 Of·
509 5540 586 5605 iufra
605 5539 718 5594 ‘esum
733 5539 869 5595 cesam.
950 5543 978 5610 a)
999 5541 1076 5610 abac
1088 5541 1224 5596 uenam
1240 5557 1288 5595 m
1301 5539 1446 5595 Sardiniae
1466 5539 1535 5593 ms.
1547 5543 1579 5592 ss
1596 5554 1615 5590 a
1627 5533 1842 5590 aasumensi
1860 5537 1953 5600 aava

297 5632 362 5695 mut,
380 5625 417 5680 ad
434 5625 504 5680 baec
520 5643 558 5695 cp.
576 5633 600 5680 st
617 5633 750 5695 sepum
766 5627 916 5682 scribendos
933 5646 1031 5683 meam
1049 5628 1150 5683 decem
1165 5627 1279 5683 Meter.

1697 5714 1751 5770 sa*
