4784 6332
861 411 1060 468 EPISTULAE
1078 411 1269 468 senseras.
1307 412 1382 468 1247.
1889 418 1953 480 219

299 594 460 669 omnibus,
485 592 540 679 qui
565 592 595 655 ai
619 591 802 656 iuramento
819 587 983 653 fidelitatis
1007 608 1063 652 seu
1088 607 1293 672 quacumque
1317 587 1381 652 alio
1406 587 1501 652 titulo
1523 588 1729 670 tenebantur,
1752 591 1952 674 generaliter

299 698 475 762 absolutis:
499 703 544 774 te,
560 714 656 778 quem
673 700 709 757 ut
724 693 927 758 carissimum
943 691 1045 755 lilium
1063 691 1259 756 sinceritatis
1277 691 1419 755 brachiis
1436 692 1671 776 amplexamur,
1688 692 1870 758 devotionis
1896 700 1951 759 tue

298 802 444 867 inclinati
469 799 629 887 precibus,
654 819 673 861 a
696 799 880 862 iuramento
905 795 1060 882 quolibet,
1084 817 1147 881 quo
1170 794 1339 860 Fridcrico
1364 795 1532 860 tenebaris
1556 793 1674 871 cidem,
1699 795 1851 860 duximus
1875 818 1951 883 spe·

299 903 426 968 cialiter
456 901 707 978 absolvendum,
741 907 775 964 et
805 919 979 985 personam
1014 905 1102 962 tuam
1142 919 1215 962 cum
1249 921 1348 984 regno
1378 898 1467 984 (lipri
1498 897 1584 984 quod
1613 899 1741 964 obtines
1772 899 1832 964 sub
1863 899 1952 964 sedis

231 1032 242 1067 n
299 1006 480 1092 apostolice
509 1005 713 1091 protectione
743 1003 938 1088 suscipimus
973 1007 1070 1087 atque
1106 1009 1232 1080 nostra,
1269 1004 1321 1066 cui
1358 1009 1484 1066 tantam
1519 1001 1725 1067 decernimus
1758 1004 1952 1068 auctoritate

297 1111 501 1197 presentium
524 1108 564 1173 de
580 1113 690 1173 cetero
707 1115 740 1171 te
757 1106 904 1184 subesse,
921 1105 1094 1190 presertim
1118 1125 1191 1170 cum
1208 1107 1298 1190 regni
1317 1107 1442 1171 ratione
1461 1104 1599 1191 predicti
1615 1105 1867 1192 predecessores
1890 1108 1948 1182 tui,

297 1221 334 1278 ut
361 1213 498 1292 asseris,
534 1211 614 1276 nulli
643 1210 783 1275 seculari
817 1208 1000 1273 subluerint
1030 1210 1194 1294 potestati.
1248 1209 1337 1272 Nulli
1371 1229 1448 1294 ergo
1484 1215 1546 1275 etc.
1580 1215 1689 1274 nostre
1722 1209 1949 1291 absolutionis,

297 1315 509 1402 protectionis
532 1323 565 1379 et
590 1314 829 1379 constitutionis
854 1320 916 1377 etc.
961 1311 1090 1396 Siquis
1115 1319 1176 1376 etc.

405 1435 482 1501 Dat.
505 1434 667 1520 Lugduni,
692 1433 745 1498 III
767 1433 881 1498 Nonas
905 1433 1025 1511 Martii,
1049 1453 1135 1498 auno
1159 1439 1286 1516 quarto.

1007 1661 1151 1668 -—.-.
1161 1661 1328 1673 ,.--.-....,.,

1082 1887 1169 1960 aaa.

400 1981 620 2076 Innocentius
634 2009 691 2076 IV
702 2031 793 2094 papa
817 2009 1026 2094 O[ctaviano]
1052 2011 1189 2078 Sanctae
1210 2011 1341 2076 Mariae
1370 2011 1407 2074 iu
1435 2010 1494 2076 Via
1517 2011 1602 2078 Lata
1628 2011 1759 2077 diacono
1780 2011 1950 2091 cardinali,

293 2114 480 2199 apostolicae
508 2113 592 2178 sedis
617 2115 716 2198 legato
743 2115 779 2178 in
806 2113 1029 2180 Lcmbardr'am
1061 2115 1229 2194 destinato,
1263 2117 1421 2199 brryicndr'
1456 2117 1667 2182 militantibus
1706 2135 1806 2182 semem
1840 2121 1949 2182 contra

294 2217 494 2283 Fridcricum
521 2217 680 2298 qnondam
702 2219 919 2302 imperatorem
946 2219 1074 2284 caudam
1094 2224 1291 2299 peccatorum
1313 2220 1437 2284 uariam
1463 2241 1501 2284 ac
1527 2221 1642 2285 Terrae
1665 2219 1801 2286 Sanctae
1822 2239 1949 2284 sucurr-

294 2320 435 2385 rentibus
455 2320 640 2402 facultatem
662 2320 807 2386 concedit.
1596 2326 1690 2402 1247,
1713 2322 1815 2389 Mart.
1831 2324 1862 2387 8.

399 2441 463 2495 Ian.
476 2441 526 2494 IV
541 2441 605 2510 Ray.
624 2441 677 2496 Vol.
691 2441 716 2508 Ι,
734 2447 802 2508 425,·
819 2441 880 2497 La.
893 2442 947 2511 IV,
965 2459 1021 2496 cnr.
1042 2448 1084 2498 86.

399 2528 498 2596 Berpsr
510 2533 586 2584 3002.

514 2689 558 2762 Ο.
586 2689 747 2763 Sancte
774 2689 913 2764 Marie
939 2689 983 2762 in
1011 2689 1091 2764 Via
1118 2691 1226 2764 Lata
1255 2687 1446 2764 diacono
1475 2689 1723 2780 cardinali,

807 2811 1065 2904 apostolice
1093 2811 1218 2885 sedis
1245 2811 1429 2903 legarat

404 2963 487 3027 Cum
517 2969 550 3026 te
581 2962 614 3026 in
644 2959 891 3042 Lombardiam,
919 2960 1092 3024 commisso
1122 2959 1202 3024 tibi·
1233 2962 1328 3046 plene
1362 2961 1536 3047 legationis
1572 2961 1696 3040 officio,
1733 2961 1946 3042 destinemus,

295 3067 480 3131 discretioni
504 3074 559 3130 tue
583 3063 781 3129 concedendi
804 3063 963 3128 militibus
994 3069 1028 3127 et
1055 3063 1143 3144 aliis,
1172 3065 1226 3149 qui
1250 3070 1359 3128 tecum
1386 3086 1445 3149 pro
1476 3065 1608 3129 servitio
1636 3064 1775 3130 ecclesie
1797 3064 1947 3130 venerint

294 3171 348 3234 rel
374 3170 436 3256 ipsi
470 3175 584 3234 contra
611 3168 811 3233 Fridericum
842 3167 1005 3253 quondam
1033 3165 1253 3231 Romanorum
1282 3168 1513 3254 imperatorem
1543 3171 1575 3232 iu
1608 3169 1755 3234 exercitu
1783 3188 1840 3231 seu
1863 3168 1945 3232 aliae

294 3273 474 3353 astiterint,
507 3273 596 3337 illam
624 3278 831 3358 peccatorum
869 3271 1013 3349 veniam,
1052 3291 1114 3354 que
1144 3269 1244 3334 Terre
1274 3270 1395 3334 Sancte
1426 3272 1691 3338 succurrentibus
1728 3273 1762 3336 in
1796 3271 1944 3356 generali

294 3376 430 3440 concilio
454 3382 505 3440 est
528 3397 694 3453 concessa,
718 3375 848 3462 plenam
872 3373 1066 3437 auctoritate
1090 3374 1292 3457 presentium
1316 3374 1526 3438 concedimus
1549 3379 1755 3462 potestatem.

401 3496 478 3560 Dat.
500 3497 663 3581 Lugduni,
686 3495 769 3559 VIII
793 3495 871 3559 Idus
894 3493 1014 3576 Martii,
1038 3513 1123 3558 anno
1148 3492 1206 3557 lv.

920 3723 1023 3728 .---..
1048 3722 1064 3728 --
1086 3721 1200 3728 ——-—

1078 3949 1165 4023 293.

395 4048 614 4142 Iranoccntins
641 4071 697 4138 IV
723 4093 811 4157 papa
848 4072 944 4136 cidem
981 4073 1190 4137 cornmittmdi
1225 4072 1530 4138 adntinistroticncm
1567 4073 1710 4138 ecclcsiae
1742 4073 1946 4138 Tridmtr'nac

292 4179 472 4265 [Epcnoni]
493 4179 633 4264 episcopo
654 4177 849 4242 Briaincnsr'
871 4178 918 4241 ccl
940 4177 1001 4241 alii
1017 4180 1200 4258 potestatem
1223 4178 1366 4242 concedit.
1584 4180 1676 4256 1247,
1699 4171 1801 4244 Mart.
1825 4179 1856 4242 8.

394 4299 457 4353 Iun
472 4297 519 4353 IV
535 4298 599 4368 Rep.
618 4297 711 4366 Votr,
730 4305 794 4365 42ῦ,·
812 4295 872 4350 Ina.
888 4295 909 4348 I
913 4295 941 4364 V,
960 4311 1016 4351 cur.
1035 4303 1075 4352 81.

395 4385 492 4454 Berper
504 4391 578 4441 3003.

1027 4511 1199 4588 Eidem.

400 4645 621 4712 Discretionib
636 4653 691 4712 tue
707 4645 931 4712 committendi
947 4647 1270 4712 amministrationem
1288 4646 1430 4712 ecclesie
1446 4639 1655 4709 Tridentine²
1670 4640 1703 4704 in
1719 4638 1942 4726 spiritualibus

292 4757 325 4816 ct
353 4751 590 4838 temporalibus
621 4771 724 4838 usque
754 4751 793 4816 ad
825 4757 935 4814 nostre
964 4751 1207 4836 beneplacitum
1240 4751 1416 4816 voluntatis
1446 4745 1627 4814 vonerabili
1650 4743 1741 4808 fratri
1764 4750 1876 4808 nostro
1911 4791 1942 4806 ..

291 4855 444 4940 episcopo
475 4853 515 4918 dc
545 4853 751 4918 Prissincto³
784 4854 834 4916 vel
867 4853 939 4934 alii,
969 4860 1066 4938 prout
1095 4853 1252 4940 expedire
1276 4854 1413 4936 rideris,
1437 4889 1479 4900 -
1502 4849 1740 4916 nonobstante
1772 4846 1859 4933 quod
1882 4847 1943 4932 ipsi

291 4960 432 5025 ecclesie
461 4958 502 5022 de
531 4963 665 5044 pastore
694 4959 799 5022 minus
830 4957 986 5022 canonice
1016 4958 1101 5021 sicut
1123 4957 1242 5022 dicitur
1271 4957 1530 5044 estprorisum,
1554 4973 1740 5040 superque
1770 4950 1942 5015 veritatem

291 5070 323 5127 te
347 5064 511 5148 inquirere
534 5064 683 5128 volumus
707 5083 745 5126 ac
770 5069 929 5140 statuere,
960 5061 1046 5146 quod
1074 5061 1114 5126 de
1145 5063 1215 5126 iure
1245 5062 1376 5126 noveris
1401 5058 1620 5133 statuendum,
1644 5093 1685 5105 -
1709 5057 1840 5141 plenam
1864 5074 1941 5118 auc-

292 5167 425 5231 toritate
448 5167 649 5253 presentium
673 5165 883 5232 concedimus
906 5171 1119 5252 potestatem.

400 5268 477 5336 Dat.
499 5277 535 5334 ut
558 5270 686 5358 supra4.

400 5413 665 5423 n—-——-
678 5417 683 5422 .
716 5416 743 5422 --.
1048 5413 1179 5419 ——-—--.
1406 5405 1797 5416 ...-—.-..-.-—-——-—-—-—
1803 5403 1839 5412 -0-

393 5497 417 5561 “l
436 5497 482 5548 tibi
500 5498 567 5549 deest
586 5497 617 5549 B.
723 5494 748 5556 ¹¹)
768 5496 904 5547 Deuotioni
922 5493 954 5545 B.
960 5512 968 5554 ;
985 5512 1007 5544 n.
1027 5513 1052 5548 n.
1074 5497 1124 5546 292
1142 5503 1165 5545 et
1183 5497 1240 5546 303.

395 5633 419 5698 1)
440 5630 572 5700 Minuta,
591 5649 645 5701 arra
664 5632 687 5684 ei
705 5630 844 5700 lepatrbnis
862 5629 982 5696 officinm
998 5621 1162 5683 commissalia
1179 5635 1228 5698 est,
1247 5645 1302 5682 narr.
1320 5631 1450 5694 eriperem,-
1467 5625 1498 5691 σί
1515 5641 1542 5692 p.
1562 5627 1689 5691 2211101.
1708 5627 1830 5690 111225,
1849 5629 1901 5677 not.
1922 5633 1942 5680 1.

291 5719 318 5788 2)
338 5719 374 5788 071
393 5737 419 5774 n.
439 5728 492 5774 179.
597 5723 624 5788 3)
645 5719 684 5786 Oti
702 5735 729 5772 n.
750 5726 797 5772 1118
814 5723 879 5786 etp.
900 5725 955 5786 153,
973 5723 1028 5772 nat.
1049 5725 1072 5786 2,
1178 5717 1205 5784 4)
1225 5716 1268 5770 Dc
1286 5719 1350 5769 ncta
1368 5713 1456 5767 canoa
1476 5713 1508 5778 cf.
1524 5727 1552 5780 p.
1571 5719 1626 5778 221,
1645 5714 1698 5763 nat
1718 5719 1740 5764 1.

1683 5805 1738 5858 211*
