4784 6332
870 399 1071 458 urlsrouss
1089 401 1280 460 SELEOTAE.
1318 405 1392 464 1247.
1902 417 1964 480 199

309 592 422 636 eorum
446 573 696 670 episcopatuum
719 575 763 640 sit
786 581 857 640 orta
879 575 1016 641 materia
1039 577 1220 662 questionis
1233 579 1254 660 ¹,
1278 580 1482 662 mandamus,
1506 583 1658 667 quatinus
1680 585 1760 652 visis
1782 587 1963 674 privilegiis

309 675 488 742 eorundem
512 683 545 742 et
566 677 713 764 ipsorum
737 678 929 760 renonibus,
952 679 1068 764 quibus
1091 687 1203 766 partes
1225 703 1323 769 super
1345 684 1408 750 hoc
1431 685 1480 750 uti
1496 683 1580 752 forte
1596 689 1768 768 voluerint,
1792 690 1965 775 diligenter

309 777 440 860 auditis,
464 801 596 844 causam
620 781 724 868 ipsam
741 781 916 848 concordia
931 784 983 847 vel
1005 781 1130 848 iustitia
1153 785 1316 854 mediante
1333 786 1478 870 decidas,
1501 789 1635 870 faciens,
1660 792 1746 876 quod
1765 792 1964 874 decreveris,

310 883 507 948 auctoritate
529 889 641 950 nostra
664 886 800 951 tinniter
823 886 1009 959 observari:
1033 893 1136 954 testes
1159 895 1269 956 autem
1294 895 1357 958 eto.

413 1002 490 1070 Dat.
514 1003 679 1092 Lugduni,
702 1007 734 1074 X
757 1007 832 1076 Kal.
854 1007 926 1076 Ian.
949 1029 1035 1076 auno
1059 1009 1207 1095 quartat

934 1246 1345 1256 ------—-——·--—-—-—-.

1095 1491 1182 1565 268.

413 1605 553 1700 Raima
569 1637 641 1702 Ara
656 1638 825 1704 catholicae
839 1640 1011 1704 Armeniae
1023 1638 1207 1705 Innocentio
1220 1641 1244 1705 Ι
1251 1639 1275 1704 V
1291 1661 1397 1722 popae
1406 1662 1468 1723 pro
1489 1644 1619 1724 epistola
1633 1645 1695 1710 siti
1709 1647 1806 1712 missa
1826 1667 1965 1714 ennarrans

307 1739 433 1820 gratias
458 1741 525 1822 anit
547 1763 676 1823 carraque
698 1746 799 1824 rapat,
826 1746 862 1806 nt
889 1744 1074 1826 imperatori
1092 1748 1266 1824 peccatam,
1296 1743 1333 1808 de
1363 1765 1423 1826 qno
1444 1746 1729 1813 anathematizatas
1755 1751 1809 1828 sit,
1834 1749 1965 1835 propter

309 1845 444 1924 stragem
470 1849 499 1910 et
526 1845 764 1928 captivationem
789 1844 1044 1911 Otr-aetianorum
1068 1846 1219 1926 Orientis,
1247 1848 1485 1914 destructionem
1507 1851 1645 1916 cinitotis
1666 1858 1793 1919 sanctae
1815 1859 1844 1918 et
1866 1860 1965 1921 tenta·

231 2003 234 2008 .
311 1947 433 2026 tionem,
455 1970 535 2030 qnae
556 1949 705 2014 acciderit
726 1951 763 2012 in
784 1951 1043 2016 concinnationem
1067 1953 1204 2034 sepulcri
1223 1950 1393 2030 Dominici,
1416 1953 1562 2018 dimittat.

228 2059 255 2100 10

230 2523 255 2561 15

231 3167 258 3207 20

1240 2055 1297 2120 aaa
1316 2057 1381 2137 tine
1402 2079 1433 2121 a.
1451 2060 1536 2122 1246
1559 2097 1597 2106 —
1621 2059 1714 2123 indic
1736 2063 1877 2124 att-17.

413 2173 476 2225 Inn.
490 2173 510 2225 Ι
514 2172 538 2224 V
553 2129 617 2240 dien.
635 2174 689 2229 Vol.
703 2175 726 2242 I,
740 2181 803 2240 4315
821 2173 880 2228 Ino.
894 2174 944 2242 IV,
957 2191 1013 2228 aar.
1027 2184 1078 2229 119.
1119 2175 1226 2230 mam
1237 2175 1370 2244 φίαοῑαηι
1393 2191 1426 2231 en
1440 2177 1530 2248 Royan.
1544 2179 1619 2234 Ama.
1632 2179 1689 2232 eccl.
1701 2197 1726 2232 a.
1740 2185 1809 2246 1217,
1828 2185 1962 2248 §ee-35,

308 2258 434 2312 collatam
450 2275 510 2312 cnm
534 2259 680 2330 Woddinp,
694 2262 769 2315 Ann.
784 2261 855 2316 Min.
872 2261 911 2315 ed.
929 2277 977 2316 aec.
996 2267 1012 2316 t.
1031 2261 1090 2329 III,
1103 2278 1133 2330 μ
1147 2269 1199 2328 177,
1217 2265 1283 2326 §¹3-
1320 2262 1443 2317 Prienam
1458 2263 1571 2329 totamm
1588 2281 1626 2332 ep.
1645 2283 1701 2319 non
1713 2265 1813 2320 Latine
1824 2272 1964 2320 sacratam

307 2343 390 2408 tisiam
407 2359 439 2398 ca
450 2345 554 2398 ratione
565 2346 697 2414 lannasdi,
715 2363 796 2415 msam
813 2346 845 2400 in
862 2363 900 2414 ep.
913 2348 1064 2416 cenninus,
1078 2355 1195 2417 apparet.
1233 2349 1372 2404 Ρνοὸαὺίῐε
1385 2355 1476 2404 antem
1487 2350 1562 2405 nolu
1579 2358 1623 2420 est,
1642 2370 1699 2406 mm
1716 2353 1772 2406 iam
1788 2353 1820 2406 in
1831 2352 1963 2408 Ammaia

309 2431 510 2581 pppaquapnmmqt
521 2432 619 2486 [actim
632 2449 721 2502 pansae
732 2433 915 2488 nomentanam
927 2450 986 2502 esse,
1004 2450 1072 2502 mm,
1090 2434 1157 2490 sient
1169 2434 1304 2502 eneam,
1324 2437 1354 2490 in
1365 2437 1442 2492 mnia
1455 2437 1581 2492 nomm
1594 2439 1742 2493 nonnullae
1753 2455 1796 2494 res
1808 2439 1870 2494 otiis
1881 2439 1964 2496 verns

414 2559 518 2673 neraei
534 2611 609 2660 aona.

353 2781 525 2857 Littera
558 2787 829 2859 transmisse
865 2786 919 2859 ad
952 2788 1182 2861 dominum
1218 2809 1377 2880 papam
1412 2813 1464 2863 ex
1497 2796 1623 2880 parte
1657 2793 1930 2876 catholicon.

418 2931 470 2997 Ad
494 2935 694 3020 presentiam
726 2956 811 3022 pape
835 2937 1002 3022 magnifici
1029 2959 1071 3002 ex
1101 2944 1195 3024 parte
1218 2938 1324 3020 illius,
1356 2940 1411 3024 qui
1435 2940 1517 3026 petit
1541 2941 1707 3008 orationes
1731 2942 1801 3007 eius
1825 2943 1858 3006 in
1883 2943 1962 3008 sub-

312 3035 429 3100 sidium
454 3036 632 3103 debilitatis
656 3058 725 3118 sue,
748 3037 864 3102 Raben
886 3039 971 3119 Are,
996 3041 1107 3104 vinarii
1131 3039 1291 3122 Orientis,
1316 3042 1483 3108 adorantis
1511 3043 1596 3108 inter
1626 3065 1740 3108 manus
1772 3045 1854 3126 eius,
1879 3046 1964 3131 patri

310 3146 450 3224 patrum,
475 3139 587 3205 decori
610 3149 789 3228 pastorum,
814 3144 1053 3224 misericordie,
1078 3145 1161 3224 vite,
1189 3146 1270 3209 fonti
1293 3148 1425 3232 pietatis
1449 3153 1482 3212 ot
1505 3147 1720 3232 indulgentie,
1744 3147 1965 3214 intercedenti

310 3263 368 3327 pro
392 3245 513 3330 populo
536 3243 685 3326 Domini,
708 3245 855 3333 perfecto
879 3248 912 3311 in
936 3246 1070 3326 divinis,
1094 3249 1274 3314 excellenti
1298 3250 1331 3312 iu
1356 3249 1591 3335 spiritualibus,
1616 3250 1676 3314 soli
1699 3250 1838 3329 iustitie,
1869 3250 1962 3315 cuius

309 3347 367 3412 lux
390 3349 493 3414 oritur
523 3370 622 3435 super
645 3357 785 3436 quatuor
807 3350 920 3415 mundi
943 3352 1089 3432 climata,
1122 3351 1176 3438 qui
1206 3352 1295 3417 lucet
1325 3360 1359 3418 et
1382 3351 1534 3438 splendet
1556 3354 1588 3418 in
1613 3353 1761 3418 ecelesiis
1785 3353 1958 3418 catholicis

312 3453 442 3534 sanctis,
468 3452 636 3518 cherubim
654 3474 809 3540 corporeo
834 3461 867 3520 et
883 3455 1038 3541 seraphin
1053 3475 1183 3534 carneo,
1208 3456 1332 3521 tenenti
1356 3454 1467 3521 sedem
1491 3456 1580 3521 beati
1595 3455 1697 3536 Petri,
1722 3454 1853 3520 domino
1878 3477 1961 3536 meo,

311 3557 515 3621 sanctissimo
547 3578 632 3644 pepe
661 3558 750 3622 urbis
771 3557 877 3622 Rome
906 3565 939 3623 et
969 3558 1113 3623 omnium
1141 3557 1305 3623 climatum
1333 3558 1463 3624 mundi:
1495 3578 1604 3624 coram
1628 3558 1699 3624 Deo
1730 3559 1772 3623 sit
1800 3560 1869 3624 vita
1892 3560 1963 3625 eius

233 3683 245 3723 a
313 3659 516 3746 temporibus
540 3661 655 3744 longis,
678 3681 848 3747 quousque
872 3667 979 3726 cesset
1002 3660 1141 3726 muudus
1164 3662 1225 3726 iste
1249 3661 1462 3728 admiratione
1488 3683 1564 3742 sua,
1596 3661 1797 3728 orationibus
1822 3663 1962 3752 prophe-

311 3768 415 3828 tarum
433 3769 466 3828 et
483 3765 717 3850 apostolorum,
735 3766 897 3830 sociorum
916 3766 997 3846 eius,
1014 3773 1047 3830 et
1064 3786 1124 3829 nos
1138 3764 1328 3830 confidimus
1346 3766 1417 3830 eius
1434 3765 1633 3830 orationibus
1651 3764 1809 3831 adiuvari.
1845 3767 1962 3831 Amen.

418 3865 576 3931 Pervenit
605 3867 646 3932 ad
673 3889 734 3932 nos
766 3868 906 3954 epistola
934 3875 1045 3932 vestra
1074 3869 1224 3954 elegans,
1254 3889 1317 3953 quc
1346 3887 1387 3932 ex
1417 3889 1472 3934 ore
1501 3873 1611 3934 vestro
1642 3873 1756 3934 saneto
1787 3868 1907 3955 prodiit
1931 3877 1964 3934 et

312 3969 466 4036 mandato
490 3975 601 4036 vestro
626 3972 760 4036 excelso
785 3973 970 4057 conscripta
994 3977 1058 4051 est,
1092 3976 1126 4035 et
1149 3972 1355 4058 suscepimus
1379 3993 1452 4036 eam
1474 3972 1624 4038 manibus
1647 3973 1766 4036 nostris
1789 3971 1963 4050 debilibus,

312 4082 345 4138 et
368 4095 442 4138 eam
466 4095 566 4161 super
589 4075 702 4140 oculos
726 4083 854 4140 nostros
877 4076 1053 4162 posuimus.
1099 4073 1143 4140 Et
1166 4076 1250 4140 siout
1271 4075 1405 4142 Simeon
1429 4097 1544 4158 senex,
1567 4076 1622 4161 qui
1639 4075 1782 4163 portavit
1797 4074 1962 4141 dominum

313 4183 460 4242 nostrum
477 4176 587 4244 Iesum
604 4177 771 4243 Christum
795 4180 828 4243 in
843 4179 929 4243 ulnis
948 4180 1024 4259 suis,
1045 4178 1092 4243 sic
1109 4178 1282 4243 diximusi:
1308 4177 1404 4254 ‘Quia
1420 4179 1572 4244 viderunt
1587 4178 1672 4243 oculi
1687 4179 1791 4243 nostri
1807 4179 1963 4265 pietatem

312 4288 454 4346 vestram
478 4283 683 4365 immensam,
707 4303 793 4347 nuno
816 4283 925 4368 igitur,
950 4281 1081 4347 domine
1105 4282 1164 4362 mi,
1195 4281 1322 4347 dimitte
1353 4302 1446 4348 servo
1477 4289 1587 4348 vestro
1618 4289 1755 4368 peccate
1778 4303 1852 4362 sua,
1880 4281 1964 4346 sicut

311 4385 418 4469 posito
442 4391 493 4450 est
515 4386 548 4449 in
572 4386 722 4450 menibus
745 4387 865 4451 restris
888 4391 1035 4472 potestas
1059 4383 1182 4470 ligendi
1206 4391 1304 4470 etque
1321 4384 1469 4451 solvendi
1494 4391 1526 4450 et
1549 4385 1694 4450 omnium
1710 4384 1962 4469 mysteriorum'.

311 4488 468 4574 Legimus
500 4509 572 4554 eam
605 4489 765 4575 siquidem
795 4509 868 4552 cum
899 4487 1006 4553 letitia
1037 4493 1070 4552 et
1093 4487 1334 4566 intelleximus,
1362 4487 1447 4572 quod
1478 4488 1511 4551 in
1540 4509 1579 4552 ee
1607 4488 1763 4574 scriptum
1792 4492 1858 4566 est,
1888 4507 1960 4551 oum

312 4592 444 4677 gaudio,
467 4601 500 4658 et
523 4593 711 4659 mandatum
735 4599 880 4658 vestmm
897 4590 1093 4657 attendimus
1104 4591 1126 4669 ⁴,
1151 4596 1184 4655 et
1206 4611 1271 4654 non
1288 4591 1446 4655 habemus
1472 4613 1519 4673 on,
1543 4590 1628 4676 quod
1644 4589 1786 4654 sufficiat
1809 4590 1850 4654 ad
1873 4611 1961 4654 eom-

312 4697 555 4762 mendationem
579 4697 732 4777 vestram,
756 4717 863 4798 neupe
887 4696 1049 4780 linguam,
1079 4716 1141 4779 que
1166 4695 1270 4779 possit
1293 4695 1478 4781 exprimere
1503 4695 1639 4779 gloriam
1664 4699 1825 4774 vestram,
1850 4699 1883 4757 ct
1906 4714 1963 4757 nos

312 4801 591 4866 contremiscimus
615 4800 847 4866 excellentiam
871 4805 1025 4879 vestram,
1047 4798 1124 4884 quia
1147 4795 1305 4862 Dominus
1329 4796 1550 4883 magnificavit
1572 4819 1642 4862 vos.

418 4978 497 4986 —...
671 4978 742 4984 .-

416 5077 443 5140 1)
467 5074 510 5130 De
533 5073 623 5128 arden
644 5090 672 5128 re
694 5075 801 5144 ofitI,
824 5079 1027 5130 1171271776.
1132 5074 1161 5141 2)
1185 5073 1243 5128 Sub
1270 5072 1356 5127 eodem
1383 5071 1427 5126 atie
1450 5088 1527 5140 popa
1553 5071 1718 5139 communit
1742 5072 1964 5126 consecrationem

318 5161 442 5216 Willelmi
463 5161 574 5230 epncopi
593 5159 770 5229 (laminensis,
795 5179 876 5230 meam
898 5161 1023 5215 Adrestae
1044 5160 1265 5230 semiepiscopus,
1290 5176 1349 5214 mam
1368 5174 1417 5227 per
1439 5159 1615 5227 eprampmnm
1634 5157 1813 5212 &minem
1831 5157 1962 5225 nomina,

313 5247 442 5318 adprensa
453 5247 514 5302 clem¹
525 5253 547 5301 et
555 5248 653 5316 populi
661 5248 762 5314 smeret,
777 5247 876 5301 macen
886 5247 1034 5316 episcopam
1043 5247 1206 5301 Misnessem
1220 5245 1264 5316 [qt
1277 5245 1406 5311 Pontion,
1421 5243 1485 5313 Ren.
1499 5250 1594 5311 11488,·
1606 5245 1704 5314 Beryer
1712 5246 1786 5315 800]‚
1804 5243 1850 5298 nri
1860 5250 1892 5298 nt
1904 5261 1964 5298 enm

313 5335 364 5390 orae
375 5335 517 5408 onomatica
528 5339 698 5401 mmerarea
710 5333 869 5388 monedulam
880 5334 982 5401 samse,
993 5333 1069 5388 certis
1081 5333 1171 5388 causis
1182 5332 1335 5402 mpeditnm
1345 5331 1427 5398 samse
1433 5353 1442 5394 ,·
1454 5331 1585 5400 Ponant,
1600 5331 1663 5400 Rey.
1671 5337 1764 5398 12378,·
1782 5331 1881 5398 Barnea
1892 5336 1963 5386 2328.

313 5425 339 5487 3)
360 5419 399 5486 Os.
417 5419 485 5476 Ina.
503 5427 527 5487 2,
541 5427 579 5474 29.
676 5421 703 5487 4)
723 5419 798 5474 Eum
820 5419 856 5473 ad
880 5437 919 5490 ep.
936 5439 961 5474 a.
981 5428 1054 5488 1216,
1073 5421 1141 5490 Any.
1161 5429 1182 5474 9.
1206 5418 1322 5473 adrrdm
1340 5423 1484 5489 palamne,
1507 5433 1562 5484 qno
1579 5435 1656 5486 papa
1674 5416 1845 5486 pantardum
1864 5415 1964 5470 Graeco

312 5507 479 5562 Antiocheno
496 5513 520 5560 et
536 5507 714 5574 cottianorum
731 5506 794 5573 nnn,
813 5513 836 5559 et
853 5507 884 5560 in
901 5507 1010 5560 mandem
1027 5506 1135 5561 modam
1152 5507 1278 5560 catlmlico
1296 5503 1439 5558 Armeniae
1456 5508 1478 5556 a
1496 5503 1673 5572 snffrnponeis
1691 5503 1761 5570 nne,
1786 5501 1921 5554 nmmiacit
1938 5517 1964 5554 se

310 5593 419 5660 fratrem
441 5592 624 5647 Laurentium
644 5591 675 5646 de
700 5591 791 5646 ordisse
816 5593 958 5646 Mineruam
982 5594 1096 5662 meatum
1120 5609 1201 5647 snam
1225 5591 1263 5646 ad
1286 5607 1328 5645 eos
1352 5589 1538 5656 transmittere,
1563 5589 1696 5643 madano
1720 5593 1750 5642 ut
1774 5604 1834 5642 enm
1858 5587 1964 5657 beniptsc

312 5679 469 5748 reciperent·
489 5677 616 5750 Pottlsast,
638 5679 700 5751 ch.
720 5687 816 5749 122485
834 5681 929 5750 Berper
945 5687 1020 5736 3016.
