4328 6232
378 344 439 408 128
928 341 976 396 EX
994 340 1213 396 INNOCEN'I'II
1231 340 1270 395 1v
1288 341 1470 398 REGIS'I'RO

577 519 876 612 Archiepiscopis
903 524 940 594 et
966 519 1162 612 episcopis,
1188 519 1400 609 abbatibus,
1427 521 1629 614 prioribus
1657 520 1819 611 decanis,

429 640 699 715 archidiaconis
726 645 763 713 et
790 641 872 714 aliis
899 641 1138 715 ecclesiarum
1167 640 1331 734 prelatis
1359 641 1618 715 sanabilibus
1646 642 1736 716 viris
1761 642 1975 728 comitibus,

479 761 697 850 baronibus,
724 761 902 834 militibus
930 767 966 835 el
993 761 1142 853 populis
1168 762 1359 836 civitatum
1387 767 1425 836 et
1450 767 1661 836 castrorum
1688 768 1725 837 et
1751 761 1920 836 locorum

764 966 768 972 .
874 901 942 973 per
967 904 1125 975 regnum
1152 882 1273 957 Sicilie
1301 883 1523 957 constitutis,

478 1013 599 1080 Nostra
619 1015 786 1079 ferventer
807 1013 849 1077 ad
872 1013 934 1077 boo
957 1013 1080 1100 aspirat
1103 1014 1243 1096 affectio,
1266 1021 1304 1080 ut
1326 1011 1436 1081 divine
1459 1015 1608 1100 potentia
1629 1012 1813 1079 maiestatis
1829 1033 1889 1079 vos
1912 1014 2027 1099 aiugo

371 1117 536 1182 servitutis
575 1117 693 1203 eripiat
726 1123 760 1181 et
793 1114 990 1181 universitas
1019 1123 1131 1182 vestra
1162 1117 1223 1182 sub
1259 1119 1433 1204 tranquilla
1463 1117 1615 1184 ubertate
1644 1117 1795 1204 respiret.
1839 1115 1886 1181 Ut
1914 1123 2029 1182 autem

370 1221 510 1286 affectus
533 1220 717 1285 huiusmodi
739 1218 844 1307 possit
865 1218 1006 1284 feliciter
1028 1240 1066 1284 ae
1090 1220 1187 1286 facile
1211 1219 1253 1285 ad
1276 1227 1398 1287 metam
1420 1221 1517 1306 dirigi
1534 1219 1777 1308 complementi,
1800 1219 1932 1284 dilectis
1948 1219 2028 1283 liliis

369 1326 490 1390 nostris
523 1323 557 1392 S.
586 1324 706 1390 Sancte
736 1324 841 1388 Maria
871 1323 1110 1390 (transtiberim
1146 1325 1340 1411 presbytero
1376 1331 1409 1390 et
1437 1325 1478 1391 R.
1502 1324 1624 1390 Sancte
1650 1322 1755 1389 Maris
1792 1324 1826 1387 in
1856 1321 2028 1388 Ooamidin

370 1429 507 1494 diacono
532 1427 762 1509 cardinalibus,
786 1428 863 1493 viris
886 1429 1018 1515 utique·
1039 1429 1208 1515 precipuis
1232 1429 1385 1496 membris
1408 1429 1562 1510 ecclesie,
1585 1427 1689 1493 multa
1710 1427 1873 1514 sapientia
1887 1425 2027 1512 preditis

370 1538 403 1597 et
428 1533 565 1611 virtute,
600 1532 697 1618 plene
728 1532 902 1617 legationis
935 1532 1077 1598 officium
1107 1532 1260 1598 duximus
1290 1531 1575 1611 committendum,
1611 1530 1717 1596 libera
1747 1530 1828 1618 ipsis
1856 1535 2026 1616 potestate

369 1656 528 1700 concessa
549 1634 720 1700 relaxandi
744 1637 1092 1702 excommunicationis
1116 1638 1325 1719 sententiam,
1349 1658 1446 1723 quam
1470 1634 1680 1702 intendentes
1696 1631 1866 1699 Friderioo
1888 1633 2025 1699 inimico

368 1738 433 1803 Dei
462 1746 495 1804 et
523 1740 664 1805 ecclesie
695 1760 755 1805 seu
784 1759 1005 1825 quascumque
1034 1740 1116 1805 alias
1140 1740 1340 1821 incurristis,
1372 1746 1405 1805 et
1427 1738 1616 1805 remittendi
1639 1737 1787 1823 singulas
1810 1757 1892 1824 quaa
1915 1737 2025 1803 eidem

368 1843 508 1907 ecclesie
531 1843 687 1908 intulistis
710 1845 864 1924 offensas,
887 1865 925 1910 ac
945 1865 1003 1909 vos
1027 1845 1060 1908 in
1083 1844 1172 1909 sedis
1196 1844 1376 1932 apostolice
1399 1845 1513 1909 matris
1529 1849 1639 1909 vestre
1664 1841 1802 1926 gratiam
1812 1841 2025 1921 admittendi,

367 1952 401 2010 et
424 1944 647 2031 congregandi
670 1953 784 2012 contra
806 1947 927 2011 dictum
945 1947 982 2011 F.
1004 1968 1042 2012 ao
1067 1947 1131 2013 sibi
1153 1947 1351 2012 adherentes
1374 1947 1567 2027 exercitum,
1591 1954 1625 2010 et
1647 1944 1757 2010 omnia
1779 1951 1846 2010 tam
1869 1944 1902 2008 in
1925 1945 2023 2029 spiri-

346 2048 511 2114 tualibus
539 2071 636 2136 quam
664 2050 697 2114 in
725 2051 962 2136 temporalibus
985 2049 1143 2130 faciendi,
1173 2071 1236 2136 que
1259 2052 1374 2116 honori
1397 2050 1462 2116 Dei
1486 2056 1520 2116 et
1543 2048 1684 2116 ecclesie
1707 2070 1746 2114 ac
1768 2054 1879 2114 vestre
1902 2049 1937 2114 in
1960 2048 2023 2114 hac
2091 2069 2104 2106 ε

366 2159 460 2237 parte
484 2154 582 2217 saluti
605 2152 748 2218 viderint
771 2153 941 2240 expedire.
979 2154 1048 2220 Nos
1072 2161 1183 2220 autem
1199 2160 1306 2219 ratum
1323 2160 1356 2220 et
1371 2160 1501 2240 gratum
1516 2152 1725 2234 habebimus,
1748 2151 1905 2239 quicquid
1922 2172 2024 2238 super

365 2255 521 2343 predictis
554 2256 617 2343 ipsi
646 2258 700 2321 vel
731 2276 843 2322 eorum
872 2257 960 2325 alter,
983 2257 1137 2322 duxerint
1166 2256 1364 2323 faciendum.
1410 2254 1571 2330 Quocirca
1599 2254 1849 2321 universitatem
1877 2261 2022 2321 vestram

366 2359 541 2424 affectione
564 2368 704 2446 paterna
726 2381 897 2446 rogamus,
920 2360 1115 2427 mandantes
1143 2363 1295 2447 quatinus
1320 2362 1446 2447 legatos
1470 2359 1623 2440 eosdem,
1646 2359 1681 2424 in
1704 2357 1821 2444 quibus
1846 2377 2022 2445 personam

365 2468 510 2527 nostram
533 2464 634 2549 recipi
657 2464 806 2529 volumus
830 2470 864 2529 et
886 2464 979 2530 filiali
1002 2466 1187 2530 reverentia
1208 2465 1413 2551 pertractari,
1439 2463 1558 2530 devote
1573 2483 1613 2528 ac
1628 2461 1777 2527 hilariter
1795 2459 2020 2542 admittentes,

365 2566 512 2652 ipsorum
540 2565 702 2631 mandatis
730 2572 763 2632 et
792 2567 923 2631 monitis
954 2588 1054 2654 super
1078 2565 1238 2655 predictis
1268 2568 1439 2648 omnibus,
1468 2574 1502 2632 et
1530 2566 1604 2631 aliis
1638 2585 1703 2651 que
1730 2564 1824 2631 vobis
1854 2586 1898 2629 ex
1926 2571 2020 2651 parte

365 2675 478 2734 nostra
507 2670 742 2751 iniunexerint,
779 2680 970 2738 reverenter
1004 2679 1038 2738 et
1072 2672 1254 2738 efficaciter
1285 2671 1474 2738 intendatis.
1524 2669 1681 2756 Alioquin
1716 2670 1915 2736 sententiam
1949 2671 2020 2736 sive

367 2795 501 2859 penam,
532 2794 595 2858 que
623 2774 836 2861 spiritualiter
863 2778 915 2842 vel
945 2777 1169 2865 temporaliter
1192 2798 1251 2864 per
1273 2777 1361 2864 ipsos
1385 2777 1437 2842 vel
1460 2775 1602 2840 altarum
1625 2774 1805 2839 eorundem
1832 2774 1901 2839 lata
1923 2775 2022 2840 tuerit

367 2878 400 2941 iu
424 2877 576 2959 rebelles,
601 2885 704 2942 ratam
728 2885 791 2943 etc.
816 2899 937 2965 usque:
961 2880 1140 2946 observari.

469 3357 687 3454 Innocentius
707 3384 765 3451 IV
787 3408 880 3469 papa
912 3385 1106 3472 S[tcptano]
1139 3387 1226 3452 titali
1257 3385 1393 3453 Sanctae
1419 3384 1550 3453 Mariae
1582 3385 1811 3452 maeniana
1839 3386 2022 3469 presbytero

363 3491 525 3555 cardinali
546 3495 653 3554 notam
671 3490 765 3576 sarcit,
787 3509 819 3555 sc
840 3492 870 3554 ci
891 3495 921 3554 ct
942 3491 1139 3575 R[aynerio]
1162 3489 1299 3556 Sanctae
1314 3489 1445 3554 Mariae
1465 3490 1502 3553 in
1522 3490 1683 3556 Ooamidin
1704 3489 1835 3554 diacono
1857 3489 2021 3555 cardinali
2072 3519 2097 3557 a

359 3616 419 3677 per
442 3593 675 3658 Patrimonium
701 3595 738 3658 in
763 3595 891 3672 Tuscia,
920 3594 1067 3658 ducatum
1090 3593 1222 3674 Spoleti,
1252 3594 1424 3658 marotiam
1446 3595 1682 3660 Anconitanam
1708 3598 1738 3659 et
1765 3597 1861 3658 totam
1889 3614 2020 3677 reanum

364 3697 681 3779 Sicilirelepatmnis
702 3697 844 3783 officiam
866 3699 1061 3777 comminare,
1083 3698 1171 3778 aiano
1192 3697 1335 3776 mandat,
1357 3700 1393 3760 at
1414 3696 1496 3762 taam
1513 3702 1659 3782 prorupta
1680 3696 1792 3778 attacta
1815 3696 1977 3777 maeeipiat.

1568 3805 1662 3881 1246,
1684 3801 1767 3885 Apr.
1790 3804 1930 3866 marna.

467 3919 531 3973 ran.
546 3919 596 3973 rv
612 3920 675 3989 aa.
695 3921 748 3975 va.
767 3922 797 3990 r,
816 3928 881 3986 aaa·
903 3922 963 3977 nn
980 3923 1045 3991 Ην,
1070 3938 1125 3977 mr.
1141 3928 1183 3978 22.
1226 3922 1339 3977 Praeter
1362 3921 1503 3990 mmm,
1528 3921 1599 3990 quea
1616 3922 1712 3991 nene
1731 3919 1824 3988 aaa,
1847 3918 2021 3973 emaum

362 4004 544 4074 apaffiaplrnm
561 4006 643 4061 ceod.
659 4007 781 4062 Vattiectt.
794 4008 822 4078 J,
833 4017 871 4076 oo,
890 4009 921 4062 in
940 4025 992 4077 areo
1009 4015 1129 4077 amaria
1142 4009 1205 4078 Rea.
1224 4011 1403 4077 eontinentur,
1422 4027 1441 4061 a
1453 4008 1485 4064 V.
1499 4007 1539 4062 Ol.
1553 4007 1582 4063 G.
1594 4007 1694 4075 Hane
1711 4011 1854 4076 tumltu&
1870 4005 1943 4075 Μ
1959 4022 2020 4063 Μ*
2070 4033 2096 4072 να

362 4092 425 4145 aliia
440 4090 503 4144 inde
520 4093 651 4146 mmmm
669 4093 698 4148 V.
712 4093 752 4148 01.
766 4094 801 4149 E.
819 4094 1009 4149 Wintelmann
1026 4095 1101 4149 notra
1119 4096 1275 4150 transmisit.

466 4178 565 4247 Bcrpcr
577 4185 650 4235 1987.

425 4342 463 4417 S.
490 4342 620 4415 tituli
647 4343 812 4419 Sancte
839 4344 986 4419 Marie
1013 4317 1362 4418 Transtiberim
1390 4343 1674 4436 presbytero
1701 4340 1957 4433 cardinali,

877 4464 1050 4539 vicario
1078 4469 1247 4539 nostro
1274 4463 1319 4536 in
1348 4462 1499 4538 Urbe¹.

207 4617 300 4671 rann
316 4625 347 4663 re.
469 4594 619 4661 Dextera
641 4595 775 4660 Domini
796 4597 936 4663 faciente
960 4598 1124 4679 virtutem,
1156 4596 1345 4664 Fridaricus
1367 4596 1511 4684 perfidus
1534 4596 1677 4662 ecclesie
1699 4601 1894 4682 persecutor
1914 4597 2015 4684 digne
2067 4637 2091 4675 ‚5

362 4698 402 4761 ab
430 4698 496 4762 illis
524 4698 719 4784 reprobatur
746 4704 779 4763 et
805 4701 972 4786 pungitur,
1004 4722 1141 4786 quorum
1170 4702 1354 4767 ministerio
1377 4701 1544 4765 ministros
1567 4699 1632 4764 Dei
1655 4699 1842 4786 deprimere
1865 4701 2017 4788 aliosque

465 4887 489 4953 ¹)
501 4889 538 4938 ita
549 4890 626 4939 etiam
635 4889 668 4942 B.
672 4908 682 4951 ,·
698 4908 734 4940 nn
746 4892 876 4943 nobilibus
888 4893 928 4943 net
940 4893 991 4943 tate
1003 4893 1065 4958 qreid
1076 4893 1213 4944 eamdent?
1229 4895 1264 4959 ef.
1273 4910 1300 4943 n.
1312 4896 1371 4953 lta
1383 4902 1443 4960 poet
1454 4894 1561 4945 ecclesia
1572 4899 1635 4944 nota
1646 4890 1830 4943 dirtimtiorrir-
1842 4891 1871 4940 in
1883 4907 1974 4957 apopr.
1983 4889 2016 4943 P.

465 5006 492 5074 l)
511 5006 569 5060 Pro
586 5006 691 5062 vicario
709 5010 804 5064 nostro
822 5009 852 5062 in
865 5009 941 5064 Urbe
959 5010 1093 5079 ῑῳαααααν
1111 5017 1147 5065 ert
1165 5009 1320 5081 apostolice
1337 5010 1410 5064 aedis
1428 5010 1532 5080 legato,
1550 5025 1611 5064 arn
1627 5010 1683 5063 iam
1699 5008 1731 5062 in
1746 5008 1808 5078 ipen
1825 5007 1943 5076 epriaeola,
1960 5023 2015 5076 qua

358 5092 442 5146 armi
463 5092 601 5161 matianis
624 5093 740 5160 officim
761 5095 974 5164 committebatur,
999 5096 1079 5151 adon
1097 5099 1175 5167 tapeti
1193 5098 1290 5151 titulae
1306 5096 1413 5151 medi
1430 5097 1528 5151 mea.
1566 5095 1639 5164 Quia
1655 5110 1714 5150 nero
1730 5093 1865 5149 arinen
1880 5093 1913 5148 in
1929 5109 2013 5148 ωναα

358 5182 413 5231 tan
434 5178 517 5232 dubia
538 5180 619 5233 miano
638 5180 742 5234 litterae
761 5181 921 5236 incorrectae
941 5181 1049 5252 ideaque
1070 5184 1182 5238 inntitee
1199 5183 1278 5237 datae
1295 5199 1347 5238 esec
1364 5200 1421 5238 non
1434 5188 1562 5253 passum,
1587 5182 1634 5236 troc
1649 5179 1774 5235 nendum
1789 5180 1822 5235 in
1837 5180 2014 5251 wdone
2064 5197 2091 5236 ro

357 5269 445 5317 omrem
477 5280 530 5318 esar
564 5265 646 5334 debet,
684 5268 843 5335 pracsertim
872 5284 932 5323 cnm
963 5270 1062 5325 amaa
1093 5270 1192 5324 menda
1221 5271 1254 5323 in
1285 5270 1347 5324 aliia
1377 5271 1493 5338 epistolia
1524 5269 1562 5322 od
1592 5269 1641 5322 troc
1670 5266 1805 5335 nepotiane
1833 5266 2014 5337 montibu

357 5349 400 5417 [n.
413 5357 465 5418 171,
485 5357 539 5419 174,
559 5353 619 5423 177]
637 5354 817 5422 reperiantur,
839 5371 908 5422 arcae
929 5372 1018 5409 omnes
1039 5357 1140 5410 minori
1163 5356 1297 5425 wionem
1313 5356 1470 5426 νιφέαναναα
1486 5370 1541 5424 aare
1558 5353 1614 5407 iarn
1631 5357 1712 5407 notae
1731 5351 1849 5408 cleram
1865 5351 2014 5423 dnidmen

357 5434 543 5491 dmmrnrnnt.
578 5438 653 5492 Unde
670 5439 801 5494 credimur
817 5440 887 5494 harre
903 5441 1099 5510 inscriptionem
1116 5457 1149 5495 ec
1166 5442 1233 5496 aaa
1249 5442 1353 5496 cornelii
1370 5460 1389 5494 a
1403 5458 1479 5510 papa
1495 5456 1556 5495 cun
1573 5437 1760 5494 carnonam
1775 5436 1808 5493 dt
1823 5436 1877 5495 hnc
1886 5454 1917 5495 re
1929 5439 2015 5495 aaa&

357 5520 405 5588 [cs.
419 5522 474 5590 ar,
488 5540 517 5591 p.
532 5523 603 5594 xu,
621 5525 653 5578 a
665 5526 762 5593 qnae
775 5526 811 5581 ‘a
822 5525 992 5596 araneae,
1010 5529 1141 5583 nanum
1154 5528 1185 5582 a
1203 5528 1278 5597 orn,
1295 5530 1408 5598 raecum
1417 5529 1520 5595 sanae
1531 5528 1602 5595 eae,
1621 5514 2020 5597 mmanuffl'

356 5612 488 5676 mnemon
503 5625 556 5663 canc
571 5616 596 5664 et
614 5611 715 5666 ‘litteris
732 5614 840 5668 ndatn'
857 5621 916 5670 tan
931 5614 1035 5670 mnam
1051 5617 1265 5687 ναματιαίων,
1289 5632 1349 5670 cnm
1365 5631 1405 5686 cp.
1422 5615 1453 5670 in
1469 5615 1671 5685 commanem
1682 5610 1971 5679 amau-lt
1982 5626 2016 5673 u
2060 5626 2092 5664 Β

355 5693 413 5749 atio
429 5695 485 5750 aa
500 5695 594 5762 snmus
612 5697 816 5768 disputabinnc.
