4784 6334
862 447 1061 504 nrlsuotsu
1078 449 1268 506 subucula.
1304 452 1380 508 1248.

1082 753 1168 827 aaa.

409 863 627 956 Innocentius
649 892 705 956 IV
716 913 807 976 papa
828 894 947 958 enne
969 894 1211 972 Basitimsibas,
1233 915 1303 958 carn
1324 895 1367 958 ori
1387 895 1576 961 devotionem
1597 898 1739 962 ccclesiae
1757 903 1950 980 persecutore

305 994 373 1058 eins
393 994 538 1060 derelicto
558 995 721 1075 redierint,
744 996 853 1060 carias
873 995 1087 1079 indulgentias
1108 997 1252 1079 iarqitnr.
1569 1003 1663 1079 1248,
1686 1001 1787 1067 Mart.
1810 1005 1863 1069 30.

409 1114 474 1168 Inn.
493 1113 541 1168 IV
556 1113 617 1182 Ray.
636 1114 690 1168 Vol.
711 1115 739 1183 I,
757 1123 804 1170 518
821 1120 845 1170 ct
863 1121 929 1184 5235
946 1114 1005 1170 Lu.
1024 1115 1053 1184 V,
1074 1123 1127 1182 713,
1147 1124 1199 1184 714,
1221 1123 1274 1172 tce.

410 1201 511 1270 Beroer
527 1208 599 1270 3761,
616 1208 688 1270 3162,
706 1208 784 1258 3812.

1115 1324 1141 1391 Ι.

851 1451 1037 1525 Civibus
1063 1451 1411 1529 Basiliensibus.

409 1601 588 1666 Consuerit
610 1600 706 1666 sedes
728 1600 908 1686 apostolica
929 1601 1082 1687 precibus
1106 1602 1367 1670 condescendere
1397 1605 1586 1671 devotorum
1610 1605 1687 1695 [ct]⁸
1710 1609 1757 1672 eis
1786 1605 1948 1696 interdum

305 1701 414 1770 iacere
445 1705 583 1791 gratiam
613 1705 799 1792 specialem.
843 1704 972 1769 Vestris
1000 1705 1108 1790 itaque
1139 1707 1431 1792 supplicationibus
1461 1709 1621 1786 inclinati,
1654 1716 1690 1774 ut
1719 1709 1948 1774 malefactores

306 1829 364 1872 seu
387 1807 553 1875 debitores
568 1815 696 1874 vestros
720 1830 819 1895 super
840 1807 1010 1890 incendiis,
1035 1809 1158 1894 spoliis,
1181 1809 1302 1874 debitis
1326 1817 1360 1876 et
1383 1813 1479 1877 rebus
1503 1813 1575 1877 aliis
1600 1835 1709 1878 coram
1725 1813 1948 1878 ecclesiastico

305 1911 412 1976 iudice
436 1912 540 1978 libere
564 1913 736 1978 convenire
760 1911 909 1998 possitis,
933 1911 1127 1977 auctoritate
1150 1913 1244 1977 vobis
1273 1915 1475 2000 presentium
1499 1916 1721 2002 indulgemus,
1745 1916 1949 2004 presentibus

305 2022 380 2102 post
402 2015 565 2081 biennium
588 2017 720 2081 minime
744 2015 902 2079 valituris.
945 2014 1035 2080 Nulli
1058 2037 1136 2103 ergo
1160 2023 1221 2082 etc.
1247 2025 1355 2083 nostre
1381 2019 1599 2084 concessionis
1624 2027 1684 2085 etc.

407 2135 483 2203 Dat.
507 2136 669 2223 Lugduni,
692 2136 746 2202 111
767 2136 842 2202 Kal.
867 2135 1000 2222 Aprilis,
1025 2158 1110 2202 anuo
1127 2136 1184 2203 V0.

1107 2377 1152 2444 ΙΙ.

1029 2503 1228 2578 Eisdem.

408 2653 490 2718 Cum
514 2653 554 2717 ad
578 2655 786 2720 devotionem
810 2654 950 2720 ecclesie
973 2677 1011 2719 ac
1035 2653 1223 2718 mandatum
1246 2654 1425 2730 redieritis,
1454 2663 1665 2742 persecutore
1693 2657 1795 2743 ipsius
1819 2658 1947 2742 penitus

305 2757 477 2838 derelicto,
501 2758 586 2822 votis
608 2759 728 2823 vestris
762 2759 904 2824 libenter
938 2759 1109 2822 annuimus
1143 2764 1177 2821 et
1208 2758 1383 2844 petitiones
1409 2765 1552 2840 vestras,
1589 2767 1743 2844 quantum
1774 2781 1846 2824 cum
1874 2758 1947 2824 Deo

305 2882 498 2948 possumus,
535 2861 756 2927 favorabiliter
797 2861 1001 2928 exaudimus.
1063 2861 1192 2926 Vestris
1229 2863 1340 2947 itaque
1383 2864 1676 2950 supplicationibus
1714 2864 1874 2943 inclinati,
1912 2870 1949 2926 ut

306 2964 484 3030 secundum
519 2969 675 3030 statutum
711 2967 850 3032 civitatis
872 2973 980 3031 vestre
1004 2987 1103 3052 super
1128 2966 1240 3047 bonis,
1275 2987 1338 3051 que
1373 2989 1431 3053 per
1462 2989 1581 3032 anuum
1611 2973 1644 3032 et
1667 2967 1753 3033 diem
1775 2966 1947 3032 bonafide

304 3068 533 3154 possederitis,
568 3070 695 3134 annalis
727 3070 812 3134 inter
841 3076 1012 3156 presentes
1041 3070 1234 3156 prescriptio
1265 3077 1390 3154 currat,
1414 3071 1608 3136 auctoritate
1631 3071 1724 3136 vobis
1747 3072 1946 3158 presentium

307 3173 523 3258 indulgemus.
567 3174 658 3239 Nulli
681 3181 744 3239 etc.
767 3181 878 3240 nostre
902 3174 1121 3241 concessionis
1145 3181 1208 3240 etc.

405 3293 482 3358 Dat.
506 3301 542 3359 ut
566 3317 663 3382 supra
676 3296 697 3360 ¹.

1096 3413 1159 3478 III.

826 3541 1008 3615 Civibus
1034 3538 1378 3614 Basiliensibus.

408 3694 489 3759 Cum
513 3693 554 3759 ad
577 3693 782 3759 devotionem
812 3693 954 3758 ecclesie
985 3691 1141 3756 derelicto
1170 3695 1378 3777 persecutore
1407 3690 1492 3756 illius
1515 3691 1676 3756 redieritis
1699 3698 1864 3775 tamquam
1887 3691 1947 3754 viri

304 3797 454 3862 catholici
478 3804 511 3862 et
533 3796 658 3879 fideles,
681 3818 752 3878 nos,
775 3796 985 3861 intendentes
1008 3791 1115 3882 [vosll’
1131 3795 1173 3859 ob
1197 3795 1259 3859 hoc
1275 3795 1445 3859 universos
1462 3803 1495 3860 et
1512 3796 1657 3880 singulos
1673 3795 1778 3882 gratia
1794 3795 1947 3880 prosequi

304 3907 338 3966 et
360 3901 490 3982 favore,
514 3902 706 3966 auctoritate
729 3900 823 3965 vobis
846 3899 1049 3987 presentium
1073 3898 1295 3984 indulgemus,
1319 3905 1355 3964 ut
1383 3905 1476 3964 extra
1502 3899 1667 3964 civitatem
1689 3900 1742 3964 vel
1765 3899 1947 3963 districtum

304 4004 521 4070 Basiliensem
556 4005 589 4069 in
623 4026 755 4070 causam
790 4003 875 4070 trahi
909 4024 1012 4089 usque
1048 4002 1090 4068 ad
1123 4003 1379 4090 quinquennium
1408 4025 1467 4089 per
1497 4003 1624 4068 litteras
1650 4003 1849 4088 ‘apostolicas
1882 4023 1947 4066 non

305 4108 447 4194 possitis.
492 4107 583 4173 Nulli
605 4115 669 4174 ete.
690 4115 800 4174 nostre
824 4106 1046 4174 concessionis
1070 4113 1133 4172 etc.

406 4231 484 4296 Dat.
507 4228 671 4314 Lugduni,
695 4229 747 4294 III
768 4229 844 4294 Kal.
868 4229 972 4316 April.
996 4249 1082 4294 anno
1098 4228 1154 4295 V0.

405 4351 512 4417 Datus
534 4357 586 4416 est
607 4351 655 4416 eis
671 4373 771 4437 super
787 4353 848 4418 hcc
866 4401 873 4416 .
891 4401 899 4417 .
915 4353 1018 4417 abbas
1033 4351 1074 4418 de
1091 4351 1288 4436 Wectingcn
1304 4349 1531 4414 cisterciensis
1548 4347 1669 4412 ordinis
1686 4347 1945 4413 Constantiensis

258 4501 261 4508 ,
304 4454 445 4520 diocesis
469 4461 677 4520 conservator
698 4456 758 4520 sub
782 4456 897 4522 eadem
920 4457 1004 4522 date.

1412 4627 1842 4637 -...-..-.—.—a

409 4748 434 4816 Ι)
453 4759 479 4803 et
496 4751 565 4803 deest
582 4750 629 4814 R.,·
638 4753 757 4819 sermm
769 4753 834 4820 plns
850 4751 950 4805 aridii.
1055 4750 1079 4818 b)
1099 4767 1145 4804 vos
1162 4751 1231 4802 deest
1248 4749 1281 4802 B.

306 4903 423 4957 etiarm
445 4903 582 4958 ciuitatum
611 4903 719 4958 dinan
744 4921 811 4958 snae
836 4903 973 4958 Fridcrioo
997 4909 1020 4958 et
1046 4902 1170 4958 Conrado
1194 4907 1260 4956 nato
1280 4901 1338 4956 eins
1360 4901 1532 4955 αᾱὴαπιιιιεε
1555 4900 1632 4966 infra
1652 4917 1762 4954 marcens
1779 4900 1816 4954 ad
1830 4903 1947 4956 corkaiae

304 4989 463 5045 mandatnm
489 4989 632 5056 redierim,
656 4991 750 5044 neum
777 4989 809 5044 dc
834 4989 953 5058 ipsorum
975 4989 1097 5059 prmenie
1122 4989 1160 5043 ad
1185 4990 1326 5044 clericatus
1352 4987 1470 5042 ordines
1496 4986 1529 5040 de
1550 4993 1633 5042 cano
1656 4985 1844 5042 ammaon.
1889 4987 1948 5042 Sub

306 5076 384 5131 Febr.
403 5085 435 5132 18
458 5076 589 5146 prosimu
617 5075 754 5130 conam
780 5077 894 5131 ciuitatis
920 5082 943 5130 ct
971 5075 1081 5130 ἀὶοοειίε
1102 5075 1284 5143 mandauerat,
1308 5081 1340 5128 nt
1361 5075 1517 5129 minutiam
1534 5074 1645 5143 epuoopi
1663 5073 1799 5128 (hadent.
1817 5075 1900 5128 brmm
1916 5075 1947 5128 in

303 5165 421 5220 coeuntes
442 5169 466 5217 ct
489 5163 555 5218 ciacc
578 5162 725 5231 aonam,
743 5163 815 5232 qnod
832 5169 934 5218 statnto
951 5163 1084 5232 maedam
1100 5163 1222 5230 fecissent
1239 5163 1270 5215 in
1283 5161 1480 5232 praeiudicium
1497 5161 1622 5216 libertatis
1643 5161 1841 5240 mimiadicaa
1855 5160 1945 5228 publi-

304 5255 394 5304 carent
410 5255 434 5303 ct
449 5250 594 5304 wioni
610 5249 784 5317 nrandarent;
807 5250 935 5317 Pottbast,
953 5249 1016 5320 neq.
1030 5256 1137 5306 128386
1154 5253 1177 5303 ct
1193 5257 1313 5318 12843a,·
1329 5265 1397 5318 quac
1413 5265 1451 5317 cp.
1469 5249 1501 5301 in
1518 5247 1582 5318 aq,
1601 5264 1657 5300 non
1673 5251 1772 5300 marn.
1810 5245 1848 5312 Of.
1867 5247 1947 5300 niam

227 5354 253 5393 ss
304 5355 332 5391 n.
350 5343 398 5392 339
418 5341 442 5390 ct
466 5336 556 5392 5381
576 5340 600 5390 ct
626 5336 724 5404 Beroe
740 5343 814 5392 2664.
841 5367 873 5377 -
901 5335 959 5391 Snb
983 5336 1061 5391 Febr.
1080 5342 1096 5390 6
1118 5335 1265 5404 episcopam
1287 5336 1321 5389 ab
1347 5333 1467 5390 annuns
1492 5333 1788 5389 ecmmnncnioationnrn
1812 5333 1947 5387 serctmtiis

304 5423 448 5478 absolvam
465 5422 502 5476 ad
516 5423 660 5490 mutatam
678 5423 775 5490 Beryer
790 5430 866 5489 3695;
882 5423 917 5488 cf.
935 5422 1014 5477 niam
1030 5429 1097 5478 3897
1112 5429 1136 5476 ct
1154 5429 1229 5478 3396.

410 5529 435 5596 1)
455 5527 512 5582 Sub
540 5526 628 5582 codem
653 5525 697 5579 dic
718 5524 810 5582 abbati
829 5523 860 5580 dc
883 5525 1031 5597 Wcttirspcn
1053 5526 1203 5596 samace,
1219 5543 1255 5581 nc
1271 5543 1314 5582 cos
1330 5541 1410 5596 asper
1430 5525 1471 5580 bis
1489 5523 1601 5580 nance
1617 5522 1727 5578 indebite
1743 5523 1875 5578 noman
1887 5539 1947 5592 pcr-

303 5613 423 5679 rnittcrctc
445 5615 541 5688 Boron
558 5621 629 5674 3763.
