4328 6232
260 342 328 432 'tlt
768 362 817 419 ux
838 362 1055 419 mudeuuru
1074 361 1113 418 1v
1132 361 1315 418 asarsrso

264 540 394 604 votione
422 539 564 604 ecclesie
591 561 630 603 ac
657 540 770 603 lavore
799 545 832 603 et
863 560 923 624 per
945 559 1003 602 vos
1027 538 1133 603 eidem
1157 544 1243 601 terre
1266 537 1463 603 auctoritate
1486 537 1667 623 apostolica
1690 537 1922 601 confirmamus

264 648 298 706 et
331 642 494 728 presentis
529 641 642 728 scripti
675 641 856 728 patrocinio
891 642 1139 706 communimus.
1197 639 1287 704 Nulli
1322 661 1401 724 ergo
1436 640 1567 704 omnino
1598 647 1659 705 etc.
1695 646 1808 705 nostre
1843 660 1922 704 eon·

263 745 454 811 firmationis
478 753 539 812 etc.

371 867 448 932 Dat.
471 867 635 952 Lugduni,
658 868 693 932 II
716 866 767 934 Id.
788 866 994 946 Decembris,
1019 888 1104 931 anno
1119 865 1218 933 VI⁰¹.

371 988 479 1052 Datus
508 985 605 1076 [est]⁸
633 989 681 1054 eis
713 1009 811 1076 super
840 988 903 1052 hoe
931 992 1140 1052 conservator
1170 987 1314 1052 decanus
1344 985 1485 1052 ecclesie
1514 984 1702 1072 Aquensis²
1725 985 1923 1052 Leodiensis

264 1092 415 1158 diocesis.

886 1252 1007 1260 ...—.--0
1011 1252 1131 1258 *-
1139 1253 1151 1258 -
1200 1252 1296 1259 .---.-....

1050 1475 1138 1550 etl.

359 1590 587 1697 ‚Inruerea
615 1617 671 1682 rr
690 1640 780 1702 popa
802 1617 939 1703 [aar]
967 1617 1197 1698 arcesserat
1223 1615 1458 1681 maeatae
1481 1615 1670 1700 sauram
1698 1613 1849 1691 maore,
1890 1615 1924 1676 a

259 1720 411 1803 procedat
432 1724 543 1786 eontra
563 1724 759 1805 potestatem,
788 1740 959 1786 assessores
986 1720 1054 1785 sius
1081 1725 1111 1785 et
1136 1721 1276 1785 ansata
1297 1720 1564 1798 Mediolooeasm,
1592 1718 1649 1801 qai
1675 1717 1857 1793 inhibeant,
1884 1738 1923 1781 ae

264 1829 374 1891 eontra
395 1825 500 1904 luteos,
529 1826 585 1908 qai
606 1825 727 1891 debitam
748 1825 883 1891 decimos
904 1828 933 1890 et
952 1824 1116 1906 primitias
1137 1824 1273 1890 embada
1293 1824 1421 1889 reddere
1443 1823 1600 1907 dorcam,
1627 1823 1663 1887 ia
1681 1821 1758 1909 soro
1778 1821 1923 1887 aalma

258 1928 458 2010 procedatur.
534 1922 542 1935 ²
1573 1930 1667 2006 1248,
1688 1923 1766 1993 Dee.
1782 1931 1835 1993 17.

369 2049 432 2103 Iron.
446 2049 496 2103 IV
512 2050 575 2119 ch.
596 2050 654 2104 Irib.
673 2049 719 2118 VI,
735 2049 756 2116 s.
770 2056 810 2117 19,
827 2067 855 2103 rr.
868 2057 922 2105 291.

369 2136 469 2205 Beryer
487 2143 560 2192 4283.

704 2302 743 2321 ..
772 2247 1116 2340 archiepiscopo
1142 2246 1486 2322 Mediolanensi.

373 2396 446 2461 Non
470 2394 604 2481 indigne
627 2416 728 2482 super
757 2396 819 2460 hiis
847 2397 1018 2482 apostolici
1047 2397 1168 2461 favoris
1199 2396 1406 2483 impertimur
1435 2395 1631 2483 presidium,
1661 2417 1724 2481 qne
1754 2397 1786 2458 in
1818 2395 1919 2458 muni·

266 2506 412 2566 mentum
436 2498 640 2564 redundantb
664 2500 887 2566 ecclesiastice
909 2501 1081 2578 libertatis,
1105 2501 1198 2565 cuius
1221 2500 1404 2587 proiectum
1427 2499 1587 2564 sollicitus
1603 2519 1714 2563 amare
1730 2497 1921 2565 dinosceris.

265 2604 342 2671 dum
366 2604 522 2668 adversus
547 2624 586 2667 ea
609 2603 783 2689 diligenter
806 2604 968 2691 invigilas,
993 2626 1056 2689 que
1080 2605 1183 2691 ipsius
1206 2605 1320 2690 gravia
1340 2610 1502 2689 generant
1517 2603 1724 2668 detrimenta.
1761 2601 1816 2665 Ex
1832 2608 1922 2688 parte

266 2708 427 2795 siquidem
451 2714 508 2772 tua
529 2707 649 2772 nostris
673 2709 878 2772 astantibus
904 2708 1097 2787 intimatum,
1121 2707 1208 2793 quod
1233 2728 1306 2771 eum
1330 2728 1410 2794 sepe
1434 2706 1601 2794 contingat
1622 2705 1768 2792 prelatos
1792 2712 1827 2771 et
1843 2705 1922 2770 alias

266 2811 509 2877 ecclesiasticas
548 2817 581 2874 et
620 2811 792 2896 religiosas
830 2832 988 2896 personas
1027 2810 1068 2875 de
1105 2811 1196 2874 laicis
1230 2811 1371 2875 civitatis
1407 2817 1441 2874 et
1476 2808 1617 2875 diocesis
1653 2807 1922 2885 Mediolanensis,

267 2914 396 2980 debitas
420 2913 564 2978 decimas
595 2919 628 2978 et
656 2914 816 3000 primitias
847 2915 961 2978 solitas
993 2915 1142 2978 ecclesiis
1175 2920 1211 2978 ut
1242 2919 1396 2979 tenentur
1426 2912 1563 2978 reddere
1592 2912 1834 2998 denegantibus
1862 2932 1922 2976 noc

267 3019 339 3082 sine
365 3038 447 3082 ausu
471 3017 634 3101 sacrilegii
658 3024 691 3081 et
706 3017 847 3082 nominis
864 3017 964 3082 divini
980 3018 1106 3082 offensa
1122 3017 1344 3083 detinentibus
1360 3016 1482 3104 ipsas³,
1505 3037 1590 3080 nunc
1606 3015 1667 3080 sub
1683 3021 1740 3080 tuo
1756 3016 1920 3091 examine,

269 3122 478 3187 nuncetiam
503 3141 611 3186 eoram
635 3122 699 3185 tuis
723 3122 851 3185 vicariis
874 3121 1039 3208 deponere
1068 3122 1288 3207 questionem,
1320 3121 1439 3186 nobilis
1464 3121 1514 3184 vir
1543 3126 1708 3207 potestas,
1738 3139 1923 3183 assessores

267 3226 317 3290 sui
347 3234 380 3291 et
409 3224 561 3290 eonsules
593 3224 736 3288 civitatis
763 3223 928 3304 eiusdem,
960 3224 1159 3290 deeimarum
1191 3235 1224 3290 et
1254 3226 1468 3311 primitiarum
1496 3224 1639 3311 ipsarum
1665 3222 1839 3288 vendicare
1863 3222 1923 3286 sibi

267 3329 421 3395 iudieium
454 3329 626 3395 molientes
661 3335 801 3407 temere,
840 3351 882 3394 ne
917 3337 1029 3395 eontra
1065 3331 1166 3395 laicos
1200 3330 1388 3395 detentores
1423 3330 1552 3394 illarum
1582 3348 1641 3414 per
1670 3334 1702 3391 te
1732 3335 1791 3391 aut
1819 3326 1923 3391 dictos

265 3434 405 3498 vicarios
429 3440 503 3498 tuos
526 3433 631 3498 libere
655 3434 687 3497 in
709 3432 778 3497 loro
802 3432 1000 3519 procedatur
1023 3434 1182 3513 ecclesie,
1213 3435 1296 3498 sicut
1324 3433 1365 3497 ad
1389 3454 1463 3498 eam
1487 3432 1657 3497 dumtaxat
1680 3431 1827 3495 noscitur
1848 3452 1922 3517 per-

266 3539 391 3618 tinere,
414 3537 546 3624 publice
569 3537 694 3602 iaciunt
716 3537 869 3616 inhiberi,
894 3537 1139 3617 nichilominus,
1169 3537 1223 3623 qui
1247 3544 1360 3601 eontra
1382 3524 1612 3602 inhibitionem
1635 3535 1787 3600 venirent
1810 3533 1920 3597 huius·
1959 3564 1966 3597 :

269 3640 368 3719 modi,
398 3639 588 3706 forbannire
613 3640 776 3726 quoslibet
798 3647 1042 3727 presumentem
1073 3648 1205 3726 propter
1228 3640 1315 3727 quod
1339 3641 1514 3706 enormiter
1536 3640 1582 3704 ibi
1605 3639 1831 3705 ecclesiastiea
1854 3637 1922 3701 iura

270 3743 401 3808 ledunt⁰
423 3765 462 3807 ae
486 3743 647 3808 ordinarie
673 3745 775 3830 ipsius
799 3744 1031 3809 iurisdictionis
1054 3745 1230 3810 auctoritas
1260 3767 1324 3810 non
1354 3745 1517 3810 modicum
1540 3744 1574 3807 in
1596 3763 1774 3828 gravamen
1797 3740 1919 3806 Medio·

267 3847 413 3912 lanensis
438 3846 578 3911 ecclesie
603 3855 786 3911 enervatur.
824 3846 894 3912 Nos
917 3847 1026 3933 igitur,
1050 3848 1116 3913 tuis
1139 3849 1292 3936 precibus
1315 3848 1473 3929 inclinati,
1497 3853 1534 3910 ut
1557 3853 1623 3910 tarn
1646 3843 1812 3910 ordinaria
1828 3866 1923 3931 quam

267 3949 448 4037 apostoliea
471 3951 666 4015 auctoritate
689 3952 832 4014 munitus
857 3959 970 4016 contra
993 3960 1060 4017 tam
1084 3953 1263 4039 pernitiose
1287 3952 1482 4016 temeritatis
1506 3955 1658 4015 auctores
1681 3949 1768 4013 sicut
1792 3948 1924 4034 expedit

267 4053 491 4118 favorabiliter
523 4061 589 4118 tam
621 4076 681 4139 per
714 4061 747 4118 te
781 4076 878 4140 quam
908 4078 966 4142 per
997 4057 1133 4121 vicarios
1162 4064 1236 4121 tuos
1266 4054 1396 4120 sublato
1427 4052 1659 4140 appellationis
1688 4051 1925 4137 impedimento

266 4155 446 4242 procedere
480 4178 519 4221 ac
553 4156 821 4239 contradictores,
857 4159 883 4222 si
914 4160 967 4243 qui
1001 4159 1123 4225 luerint
1154 4160 1207 4224 vel
1242 4157 1401 4236 rebelles,
1437 4155 1642 4220 districtione
1673 4175 1738 4239 qua
1773 4155 1925 4219 convenit

266 4261 487 4347 appellatione
513 4267 638 4325 remota
661 4281 871 4348 compescere
895 4262 1018 4343 valeas,
1040 4262 1236 4327 fraternitati
1260 4270 1314 4327 tue
1340 4260 1536 4326 auctoritate
1559 4257 1763 4346 presentium
1787 4258 1927 4323 liberam

267 4362 479 4429 concedimus
503 4364 702 4429 facultatem.

371 4483 448 4550 Dat.
472 4483 637 4569 Lugduni,
659 4483 742 4549 XVI
765 4485 839 4550 Kal.
863 4485 1018 4566 Ianuarii,
1043 4509 1127 4552 anno
1143 4488 1207 4552 VI⁰
1216 4488 1239 4554 ⁴.

530 4644 838 4651 —.—-...-——-
869 4645 909 4650 ..—
924 4645 948 4649 —-
972 4646 1160 4652 ..—-..-..-—-.
1185 4647 1192 4652 .
1210 4647 1232 4653 -.
1251 4645 1819 4653 ---.——-——--—-————

370 4746 395 4808 ⁸)
414 4753 454 4797 est
471 4745 538 4796 deest
556 4745 589 4795 R.
694 4745 719 4808 b)
737 4747 864 4798 redundat
880 4747 912 4798 B.
1018 4749 1040 4810 0)
1060 4749 1182 4801 luduntur
1199 4749 1285 4815 aptius
1303 4749 1410 4800 atrae.

374 4865 400 4925 1)
418 4861 474 4916 Sub
485 4863 550 4917 Dec.
565 4869 672 4931 bpapa
690 4862 782 4916 {radan
798 4864 981 4933 mordererot,
999 4871 1029 4919 ut
1046 4866 1077 4919 ia
1094 4867 1226 4920 der-eriora
1243 4866 1310 4920 soritis
1327 4867 1484 4935 apostolieae
1497 4867 1674 4935 maritarat,
1693 4867 1733 4920 ito
1751 4873 1782 4920 at
1800 4866 1865 4936 igne,
1883 4867 1930 4935 gui

267 4949 433 5004 ‘emersum
449 4950 533 5002 tatum
550 4949 582 5003 irs
599 4948 775 5018 chdrmerssi
792 4951 903 5006 corredio
919 4958 1014 5006 contra
1032 4952 1205 5007 Friderieum
1222 4952 1356 5021 rumdam
1373 4953 1554 5020 iaperatorem
1570 4958 1594 5007 et
1613 4952 1642 5007 Ο.
1660 4959 1760 5007 amum
1777 4953 1837 5008 ders
1852 4953 1929 5021 sacis

265 5052 325 5089 assu
348 5035 535 5090 iasiolabititrr
557 5036 703 5104 obsemaffl,
727 5037 765 5090 ad
788 5054 877 5091 eorum
898 5039 1036 5094 commoda
1054 5041 1151 5107 sortita
1174 5039 1374 5108 adrimetum
1397 5039 1446 5093 arb
1463 5039 1554 5093 Dect
1570 5040 1645 5093 electo
1662 5038 1804 5094 messi
1825 5039 1930 5109 urps

273 5120 440 5175 Wilbetmam
455 5138 539 5192 repere
557 5124 717 5191 maesse,
743 5129 773 5177 ar
795 5140 855 5177 eura
877 5127 1024 5179 amaea
1041 5127 1160 5181 cadmiae
1180 5127 1312 5194 riq—aenaea
1328 5125 1457 5192 sardinea
1475 5130 1560 5179 esserrt
1577 5124 1736 5194 deotmar,
1759 5125 1810 5179 sbi
1826 5124 1930 5180 tanda

265 5206 446 5274 terrassereadr'
462 5225 507 5262 eae
523 5208 560 5262 ad
577 5209 635 5263 otia
652 5209 708 5263 loca
726 5209 816 5264 rier'ae
832 5211 1025 5281 concederetur,
1050 5214 1122 5281 dorse
1143 5212 1291 5281 raoadooit,
1316 5218 1347 5267 ut
1369 5228 1449 5280 super
1470 5213 1520 5267 boe
1540 5214 1647 5282 faceret,
1671 5213 1745 5281 estod
1768 5212 1865 5268 risisset
1887 5229 1928 5267 aa·

261 5292 366 5362 patira
390 5294 525 5363 Perrhae,
550 5295 615 5364 Rea.
634 5303 725 5364 13108,
750 5303 840 5364 13114,
863 5298 895 5363 ef.
914 5305 1003 5366 131175
1025 5317 1092 5368 prede
1114 5318 1153 5368 ep.
1177 5301 1208 5354 iu
1227 5300 1290 5369 ch.
1313 5317 1370 5354 rroa
1393 5305 1492 5353 maort.
1598 5301 1627 5368 2)
1645 5299 1796 5367 Gmilias,
1820 5299 1854 5354 de
1876 5317 1929 5369 quo

264 5380 300 5446 es.
312 5380 545 5450 caseatae,
557 5382 603 5435 ta
617 5388 690 5436 tosa.
718 5381 909 5437 Aattrmtieura
927 5383 1049 5452 attone
1063 5386 1087 5439 ei
1099 5385 1213 5440 directae
1223 5386 1278 5439 iam
1290 5387 1339 5439 sab
1351 5385 1420 5440 Nor.
1430 5392 1466 5440 30
1476 5385 1542 5438 doto
1553 5391 1604 5451 cst,-
1625 5384 1752 5455 Parae,
1765 5385 1831 5455 Ray.
1841 5392 1928 5441 18888.

264 5467 293 5533 3)
312 5464 350 5533 Cf.
369 5464 606 5535 acuns-Frater,
628 5467 645 5521 1.
660 5484 681 5522 e.
700 5467 801 5524 introd.
821 5485 851 5538 p.
870 5468 1007 5524 XXXII.
1108 5471 1135 5539 4)
1152 5471 1207 5526 Sub
1229 5478 1353 5537 (11249,
1377 5472 1440 5525 Ian.
1458 5478 1491 5527 18
1508 5487 1586 5541 papa
1608 5469 1734 5540 marim
1755 5477 1780 5525 et
1799 5470 1929 5538 [eaustus

265 5549 789 5619 toepuuuaaottoatsaaaaeasa
810 5553 954 5624 adprecor
974 5555 1007 5611 G.
1027 5555 1662 5628 debloatdoaposubdt'ocortietrsctan'icci,
1685 5555 1928 5628 aemma·

265 5636 351 5706 lopati,
373 5636 886 5708 summasunmna
906 5641 1152 5716 Mediol.tsdotor't,
1185 5642 1928 5715 meratenamuapromssapoetrdemas
