4328 6232
697 350 899 412 trunonis:
917 349 1107 413 SELEOTAE.
1144 356 1219 414 1244.

930 658 992 734 47.

238 774 457 871 Innocentius
477 797 534 866 IV
552 820 643 885 popo
670 800 832 883 subpriori
860 800 1001 881 fratrum
1027 799 1285 865 Prricdicotornm
1311 798 1544 866 Purisabnsinm
1576 801 1720 880 inundat,
1754 805 1790 864 nt

135 905 326 991 T[ltomom]
347 905 487 970 comitem
508 904 706 980 Flundrioc,
736 904 792 984 qai
812 924 875 983 pro
903 925 937 968 co
963 903 1046 985 qnod
1066 904 1140 968 olim
1161 925 1230 968 cum
1252 905 1355 969 Ennio
1376 909 1485 969 contro
1506 904 1626 970 devotos
1646 904 1790 969 ecclesiae

128 1028 243 1090 proves
264 1007 400 1086 offensus
420 1007 640 1072 vindicaturus
657 1008 851 1086 processerit,
873 1027 894 1070 a
917 1007 1104 1092 G[rcqorio]
1126 1008 1163 1071 dc
1184 1008 1386 1091 Montclonqo
1407 1009 1595 1075 subdiacono
1616 1013 1646 1072 et
1665 1008 1790 1072 notario

132 1131 200 1190 siro,
221 1112 408 1194 apostoliam
420 1110 503 1176 solis
518 1111 626 1192 leonto,
643 1109 927 1174 occmnmnnicotns
936 1107 1048 1193 fucrit,
1061 1110 1194 1192 factitans
1209 1110 1414 1177 absolutionis
1428 1113 1608 1194 baudoinus
1620 1111 1789 1196 impendat.

59 1228 75 1265 ⁵
1441 1219 1534 1296 1244,
1558 1215 1633 1283 Ion.
1650 1219 1702 1281 13.

238 1334 305 1388 Inn.
317 1334 339 1388 I
342 1334 368 1388 V
383 1332 820 1403 canonicabitur.
857 1332 956 1385 Potitii
979 1332 1113 1401 crnnplnr
1135 1334 1296 1387 contulimus
1318 1351 1378 1387 marn
1401 1334 1501 1402 Ripolli
1520 1336 1594 1389 Bao.
1616 1335 1712 1389 Procri.
1731 1339 1749 1388 t.
1763 1334 1788 1401 1,

132 1438 160 1490 ρ’
173 1428 370 1574 m’iiociiae,
391 1507 455 1576 Ra.
469 1514 563 1574 uma
581 1508 681 1575 Beros
693 1513 750 1561 374.

184 1760 222 1777 ..
250 1703 499 1795 suppriori
534 1703 721 1777 ordinis
755 1704 958 1777 fratrum
995 1701 1346 1775 Prodicatorum
1381 1703 1743 1778 Parisiensium.

56 1875 84 1910 1⁰
246 1851 344 1916 Illum
367 1851 409 1916 ad
431 1851 588 1917 dilectum
612 1851 714 1915 filium
737 1852 881 1916 nobilem
906 1852 1009 1914 virum
1026 1848 1064 1915 Τ.
1080 1851 1229 1914 comitem
1246 1851 1401 1916 Flaudrie
1425 1853 1568 1936 gerimus
1592 1853 1791 1919 sinceritatis

136 1956 301 2035 affectum,
324 1962 360 2019 ut
381 1956 484 2040 ipsius
507 1956 696 2042 petitiones,
720 1977 815 2041 quem
840 1954 1049 2042 prerogativa
1072 1953 1192 2018 favoris
1214 1956 1442 2040 prosequimur
1457 1964 1490 2021 et
1506 1957 1611 2040 gratie
1629 1956 1790 2043 specialis,

137 2047 351 2125 exaudiamus
373 2059 515 2123 libenter
538 2067 572 2124 et
586 2059 758 2143 benignius
775 2059 997 2124 admittamus.
1036 2055 1118 2121 Oum
1134 2057 1244 2142 igitur,
1269 2060 1356 2123 sicut
1373 2081 1415 2124 ex
1432 2066 1526 2145 parte
1542 2060 1644 2145 ipsius
1662 2059 1791 2125 comitis

137 2164 197 2228 luit
219 2163 423 2249 propositum
447 2183 555 2226 coram
579 2163 691 2244 nobis,
721 2163 808 2229 idem
832 2165 908 2227 olim
933 2168 1045 2226 contra
1068 2161 1224 2246 quosdam
1248 2164 1398 2228 inimicos
1423 2184 1516 2244 suos,
1547 2183 1612 2227 non
1635 2170 1790 2248 tauquam

138 2272 251 2331 contra
274 2265 409 2331 devotos
432 2266 584 2346 ecclesie,
607 2287 680 2330 cum
695 2266 818 2331 Heutio
837 2266 997 2330 hostiliter
1012 2264 1236 2351 processisset,
1260 2288 1379 2351 graves
1396 2266 1619 2331 vindicaturus
1636 2266 1790 2343 offensas,

139 2392 199 2457 que
228 2370 320 2434 illate
348 2369 412 2436 sibi
439 2371 570 2435 fuerant
597 2371 638 2435 ab
667 2370 791 2436 eisdem
803 2371 825 2451 ¹,
857 2370 997 2436 dilectus
1028 2369 1114 2433 filius
1139 2369 1177 2434 G.
1202 2369 1243 2435 de
1267 2370 1479 2456 Moutelougo
1511 2369 1730 2434 subdiaconus
1758 2375 1792 2433 et

138 2476 283 2539 notarius
313 2482 436 2555 noster,
464 2474 644 2559 apostolice
675 2473 763 2538 sedis
794 2474 939 2558 legatus,
973 2474 1144 2539 occasione
1177 2472 1346 2538 dumtaxat
1375 2473 1559 2538 huiusmodi
1583 2474 1667 2537 sicut
1689 2472 1792 2537 fertur

138 2577 485 2644 excommunicationis
508 2578 541 2640 in
565 2598 639 2642 eum
663 2579 861 2642 senteutiam
884 2577 1115 2663 promulgavit.
1153 2577 1261 2650 Quare
1284 2577 1379 2641 uobis
1402 2576 1571 2642 humiliter
1588 2575 1791 2662 supplicavit,

18 2742 22 2749 .
138 2688 173 2744 ut
199 2682 308 2767 ipsum
337 2681 464 2747 absolvi
491 2681 660 2766 aprefata
691 2681 1039 2774 excommunicationis
1072 2681 1237 2746 sententia
1265 2701 1324 2765 per
1353 2680 1512 2746 discretos
1542 2681 1670 2766 aliquos
1699 2699 1791 2743 man-

141 2784 298 2851 daremus.
336 2784 407 2850 Nos
430 2786 563 2870 itaque·
585 2785 684 2850 corde
706 2786 832 2871 puriori
855 2791 1044 2870 querentes,
1069 2805 1131 2869 que
1156 2769 1258 2870 ipsius
1282 2805 1423 2870 persone
1447 2791 1569 2849 statum
1592 2781 1791 2870 respiciantb

83 2904 102 2941 ν)
143 2898 173 2953 at
193 2889 361 2969 honorem,
384 2887 587 2965 mandamus,
611 2888 763 2972 quatinus
787 2888 895 2953 eidem
912 2886 1084 2973 impendas
1101 2887 1318 2952 absolutionis
1336 2887 1532 2953 beneficium
1549 2889 1641 2952 iuxta
1655 2887 1792 2950 formam

143 2994 278 3058 ecclesie
301 2993 373 3058 vice
406 2998 527 3058 nostra.
571 2992 640 3057 Nos
668 2994 756 3057 enim
780 2993 929 3057 volumus
958 2999 992 3057 et
1015 2991 1207 3056 mandamus
1231 2992 1375 3072 litteras,
1405 3013 1486 3078 quas
1510 2990 1657 3078 prelatus
1681 3009 1792 3054 comes

144 3097 327 3183 impetravit
342 3118 362 3162 a
377 3097 505 3177 uobis²,
529 3097 617 3161 vires
640 3096 787 3161 obtinere
812 3095 950 3177 debitas,
975 3097 1314 3162 excommunicatione
1337 3095 1524 3160 huiusmodi
1547 3094 1792 3159 nonobstante.

244 3215 322 3281 Dat.
344 3216 498 3282 Lateran.
522 3215 636 3280 Idibus
658 3214 787 3281 Ianuar.
812 3236 897 3279 anuo
920 3215 1034 3301 primo.

933 3755 996 3832 48.

242 3869 462 3966 Innocentius
476 3895 532 3964 IV
545 3920 635 3983 propa
655 3896 870 3985 [Bonitlium]
891 3901 1065 3984 episcopam
1088 3895 1255 3966 Senenscm
1276 3895 1416 3963 inbibcre
1437 3895 1529 3975 iubet,
1551 3916 1591 3962 nc
1611 3899 1795 3961 arescotorcs

92 4010 110 4048 ²⁵
148 4003 290 4070 Senones
319 4003 451 4086 aliquod
475 4007 613 4067 mabam
639 4021 694 4067 sen
721 4003 863 4067 redditas
884 4006 1047 4068 comitatus
1066 4002 1298 4067 lldobrrrndisci
1324 4022 1345 4065 a
1361 4002 1508 4085 principe
1535 4001 1626 4064 titulo
1646 3997 1794 4081 pauoris

147 4108 300 4190 recipiunt.
1446 4107 1538 4181 1244,
1562 4102 1638 4168 Ion.
1656 4107 1706 4170 16.

241 4225 306 4279 Inn
320 4224 369 4279 IV
384 4224 446 4294 Ray.
466 4225 559 4294 Voti,
580 4233 625 4290 uo,·
643 4226 740 4295 labi,
759 4233 814 4282 391.

240 4313 341 4381 Bcrper
352 4317 409 4366 393.

699 4495 739 4513 ..
771 4439 991 4531 episcopo
1026 4437 1231 4516 Senensi.

92 4592 109 4633 ⁸⁰
246 4585 411 4652 Volentes
440 4585 561 4654 dilecto
589 4586 656 4650 filio
679 4587 780 4651 nobili
798 4587 868 4650 viro
891 4586 1067 4651 Guillelmo
1092 4586 1199 4649 comiti
1223 4585 1369 4670 palatino
1392 4584 1482 4650 fideli
1505 4591 1616 4649 nostro
1640 4604 1700 4647 sua
1723 4583 1794 4648 iura

146 4709 331 4754 conservare
366 4689 484 4755 illesa³
514 4696 547 4753 et
578 4696 794 4754 mercatorum
822 4688 1017 4754 senensium
1045 4687 1337 4773 indempnitatibus
1367 4689 1553 4774 precaveri,
1589 4686 1793 4763 mandamus,

145 4794 290 4876 quatinus
321 4799 389 4857 tam
412 4793 538 4859 eisdem
561 4794 800 4858 mercatoribus
824 4814 921 4879 quam
944 4794 1106 4858 universis
1129 4799 1185 4858 tue
1209 4792 1428 4857 iurisdictioni
1452 4793 1609 4858 subiectis
1633 4813 1677 4856 ex
1699 4797 1793 4876 parte

144 4903 249 4961 nostra
280 4917 441 4982 expresse
473 4895 609 4962 studeas
637 4897 801 4978 inhibere,
831 4919 872 4963 ue
902 4897 1034 4984 aliquod
1062 4903 1206 4962 castrum
1235 4918 1295 4961 sou
1321 4896 1470 4961 redditus
1500 4896 1674 4960 comitatus
1703 4893 1792 4958 Ilde-

145 4998 327 5065 brandisci‘
350 5020 370 5064 a
393 4999 540 5088 principe
565 5021 625 5065 seu
648 5001 771 5066 nuntiis
789 5002 840 5065 vel
864 5002 993 5066 vicariis
1018 5002 1088 5066 eius
1112 5001 1207 5065 titulo
1231 5001 1376 5087 pignoris
1400 5001 1580 5087 recipiant⁰
1601 5019 1660 5084 pro
1683 4997 1794 5082 aliqua

90 5109 108 5149 ²⁵
146 5104 279 5188 monnio
309 5103 506 5189 quantitate,
538 5103 571 5168 in
598 5105 673 5169 illos
701 5106 756 5190 qui
785 5111 900 5169 contra
929 5105 1068 5170 fecerint
1095 5104 1290 5169 auctoritate
1313 5111 1426 5168 nostra
1449 5100 1794 5168 excommunicationis

242 5359 268 5428 ⁸)
285 5361 367 5428 igitur
378 5361 438 5429 Rip·
525 5360 551 5428 b)
570 5365 712 5432 respiciunt
724 5364 783 5431 Rip.
873 5365 896 5430 ο)
909 5364 957 5426 Β.,·
974 5365 1081 5431 recipiat
1093 5364 1123 5414 P.

242 5498 271 5562 1)
291 5494 410 5555 ΠΜ
423 5510 506 5553 m
521 5514 548 5552 a.
561 5505 627 5554 1243
644 5504 705 5568 post
723 5499 892 5555 Muttonis
911 5497 1050 5554 masona
1072 5498 1104 5551 in
1122 5496 1300 5564 Sciendum,
1321 5497 1441 5565 patriam
1462 5511 1553 5563 mom,
1573 5496 1708 5564 profectas
1729 5499 1794 5562 erat,

147 5579 213 5637 aaa
226 5597 292 5637 m
416 5596 533 5639 m
546 5583 652 5653 sarran
675 5585 812 5654 Wonters‚
832 5585 911 5640 Toblc
927 5586 1015 5640 ducta
1036 5585 1082 5640 des
1098 5584 1197 5639 nana
1214 5588 1258 5638 etc.
1276 5583 1307 5638 dc
1323 5585 1350 5637 ln
1368 5583 1505 5652 Burman,
1521 5587 1539 5637 t.
1551 5582 1605 5651 IV,
1619 5598 1649 5651 p.
1662 5587 1719 5651 393,
1737 5589 1795 5653 401,

146 5672 201 5741 aar,
214 5674 280 5727 ooo.
464 5676 532 5729 aa.
594 5672 622 5741 a)
643 5671 681 5742 of.
695 5689 725 5730 n.
737 5680 777 5729 a.
847 5674 876 5743 4)
894 5674 930 5727 a
951 5673 1048 5728 rasta
1065 5671 1239 5728 aaroni.
