4328 6232
285 127 348 188 472
841 120 891 176 EX
908 120 1128 176 INNOCENTII
1146 120 1184 174 IV
1204 120 1385 178 REGIS'I'RO

284 297 426 361 utilitate
451 297 602 361 cessisse.
641 294 692 361 Ne
715 296 816 380 igitur
837 294 926 360 dieta
948 295 1091 361 ecelesia
1114 294 1173 359 sub
1198 295 1268 360 eius
1292 296 1453 382 regimine
1476 296 1693 381 irreparabile
1710 295 1945 361 detrimentum

284 401 439 480 incurrat,
463 399 666 479 mandamus,
690 399 844 485 quatinus
868 400 1032 484 prefatum
1048 399 1238 485 episcopum
1254 398 1296 463 ad
1311 399 1570 485 resignationem
1587 399 1811 487 episcopatus,
1833 398 1943 485 ponti·

284 502 432 568 finalibus
461 502 523 567 sibi
551 502 736 584 dumtaxat,
765 504 793 567 si
816 504 972 581 voluerit,
1001 504 1193 584 reservatis,
1222 504 1384 569 moneatis
1412 501 1591 590 prudenter
1618 509 1652 568 et
1680 502 1865 568 efficaciter
1892 501 1942 566 in·

284 605 411 671 ducatis
436 614 469 671 et
493 606 622 670 faciatis
646 606 687 686 ei,
718 607 744 669 si
768 606 913 684 cesserit,
945 612 1080 693 recepta
1103 606 1251 671 cessione
1274 605 1471 686 huiusmodi,
1494 605 1568 670 viee
1589 612 1704 671 nostra
1726 627 1785 693 pro
1810 610 1942 671 susten·

283 711 408 775 tatione
438 732 498 774 sua
528 710 569 774 de
597 710 689 773 bonis
718 709 961 796 episcopalibus
988 710 1205 796 provisionem
1233 711 1404 776 honestam
1434 718 1467 775 et
1495 729 1671 795 congruam
1703 710 1869 796 assignari
1903 731 1942 774 ae
2026 762 2042 774 .

284 816 391 900 ipsum
414 815 500 879 illius
523 812 660 898 pacifica
683 814 893 899 possessione
916 812 1079 898 gaudera;
1105 813 1361 879 contradictores
1384 822 1447 906 eto.

395 933 469 999 Dat.
495 942 530 998 ut
553 956 660 1020 supra.

908 1096 1319 1104 ——Q—

1068 1359 1155 1431 659.

389 1470 607 1563 Inaoeerrtias
628 1495 686 1561 IV
698 1517 789 1580 papa
810 1498 923 1562 endem
945 1498 1124 1577 inundavit,
1153 1504 1189 1564 at
1215 1499 1245 1563 si
1265 1498 1499 1586 [Rirdiperam]
1519 1499 1696 1580 episcopam
1717 1497 1943 1563 Pistoriensem

284 1601 461 1666 adoreon
489 1601 569 1665 sirmi
595 1601 769 1684 contine-rit,
801 1602 939 1682 capitato
966 1601 1145 1680 inhibeant,
1176 1622 1216 1668 ae
1243 1601 1288 1666 ad
1314 1603 1491 1668 stertinian
1512 1602 1687 1685 procedant
1712 1603 1785 1667 sine
1814 1601 1943 1668 lieentia

284 1704 454 1788 (apostoliea
475 1705 613 1787 speciali.
1574 1708 1668 1784 1249,
1689 1705 1786 1771 Febr.
1804 1706 1857 1770 15,

388 1824 453 1878 Isara.
469 1824 516 1877 IV
531 1824 594 1892 1169.
606 1824 666 1878 Lib.
683 1824 731 1889 VI,
747 1828 768 1891 s.
781 1833 821 1892 26,
840 1842 867 1879 a.
879 1832 935 1880 371.
963 1825 1113 1893 Eaermilar
1126 1825 1244 1893 Baliari,
1264 1826 1342 1879 Misc.
1354 1831 1371 1879 t.
1388 1825 1450 1892 VII,
1463 1843 1493 1893 p.
1506 1833 1556 1880 466
1572 1824 1732 1880 malimus
1742 1840 1804 1879 eant
1818 1822 1944 1893 Repertis.

390 1911 519 1978 Pontum,
541 1911 716 1979 Rep.13216;
734 1912 831 1982 Berper
849 1918 924 1966 4363.

1005 1997 1228 2113 Eisdem.

395 2189 478 2253 Cum
494 2189 722 2254 Patavicnsem
740 2190 930 2276 episcopum
947 2196 1112 2273 tamquam
1130 2187 1278 2253 inutilem
1295 2188 1337 2253 ad
1360 2188 1542 2253 cedendum
1566 2189 1770 2275 episcopatui
1793 2209 1941 2276 corpore,
1959 2220 2000 2237 ·-

286 2294 337 2358 cui
369 2292 496 2356 videtur
526 2293 668 2358 utilitate
703 2294 860 2371 cessisse,
896 2293 1020 2357 moneri
1054 2290 1318 2356 mandaverimus
1349 2298 1383 2356 et
1413 2291 1540 2373 induci,
1575 2313 1701 2378 nosque
1732 2291 1942 2359 intendamus

286 2396 475 2461 l’ateviensi
505 2398 644 2462 ecclesie
674 2397 714 2462 de
744 2398 802 2462 tali
832 2397 997 2484 provideri
1030 2417 1187 2483 persona,
1221 2416 1285 2481 que
1314 2402 1406 2461 tanta
1437 2400 1597 2481 congruat
1626 2396 1718 2461 oneri
1747 2402 1783 2461 et
1817 2395 1942 2475 honori,
2035 2470 2066 2493 ‚,

286 2499 487 2578 mandamus,
512 2503 674 2584 quatinus,
699 2503 725 2565 si
749 2502 912 2587 prelatum
937 2500 1129 2586 episcopum
1147 2500 1453 2587 eontigeritsponte
1470 2496 1588 2565 cedere
1605 2498 1780 2564 autetiam
1797 2500 1942 2565 subtrahi
2006 2522 2056 2587 ff
2065 2546 2154 2613 d

286 2605 328 2669 ab
353 2604 414 2668 hac
442 2604 530 2683 luce,
564 2606 706 2691 capitulo
736 2606 882 2670 eiusdem
909 2606 1050 2670 ecclesie
1074 2605 1267 2669 auctoritate
1292 2611 1405 2669 nostra
1427 2603 1605 2670 inhibeatis
1629 2624 1808 2690 expresse,
1838 2626 1881 2670 ne
1902 2604 1943 2669 ad
1985 2622 2078 2695 ,ὃ
2129 2682 2147 2696 ἡ

287 2708 482 2774 electionem
507 2729 566 2772 seu
595 2710 848 2794 postulationem
877 2710 929 2774 vel
959 2710 1216 2774 nominationem
1245 2710 1437 2794 cuiusquam
1464 2706 1646 2794 procedant
1674 2708 1802 2794 absque
1831 2714 1942 2773 nostra
1961 2746 2160 2816 Q]

286 2811 420 2876 licentia
442 2813 579 2897 speciali
591 2814 611 2879 ¹.
656 2812 724 2877 Nos
748 2814 834 2878 enim
859 2813 1065 2877 decernimus
1089 2812 1216 2876 irritum
1240 2819 1273 2878 et
1296 2813 1409 2893 inane,
1440 2812 1546 2899 siquid
1569 2819 1683 2877 eontm
1712 2808 2158 2913 inhibitionemffi‘]

286 2913 473 2979 huiusmodi
497 2937 596 3002 super
618 2916 681 2981 hoe
705 2917 877 3002 contigerit
899 2916 1099 3002 attemptari.
2117 2899 2164 2928 ⁸

2078 2258 2159 2301 ‘C'

2058 2344 2117 2393 Ε
2158 2377 2164 2400 ι

391 3036 467 3103 1161.
490 3041 527 3101 61
549 3059 657 3124 supra.

976 3197 1320 3204 .-————-

1071 3457 1159 3531 660.

391 3568 610 3662 Innocentias
632 3599 654 3663 1
660 3597 690 3661 V
703 3618 792 3679 papa
811 3598 957 3664 aaziae
977 3599 1015 3663 <te
1038 3598 1222 3681 Saerpaano
1244 3598 1392 3664 maonieo
1413 3596 1599 3663 Mantuano
1620 3596 1763 3675 mandat,
1785 3598 1822 3661 at
1841 3592 2130 3680 arcth,

281 3700 499 3783 presbyteram
526 3699 563 3765 de
584 3699 685 3766 Prata
706 3701 848 3785 Repiaae
876 3702 1006 3767 diooesis
1027 3721 1122 3784 saper
1137 3701 1322 3783 praebenda
1343 3702 1379 3765 -in
1400 3702 1528 3767 ecetmm
1550 3700 1675 3785 Rapina
1697 3700 1860 3766 molestari
1878 3717 1978 3765 nr>
2006 3728 2121 3785 ιω,

283 3805 455 3887 permittat,
477 3824 572 3887 qaam
593 3806 622 3869 ei
640 3806 849 3891 G[rcporias]
862 3806 900 3870 de
915 3805 1118 3888 Manteionpe
1132 3805 1246 3871 cleetm
1264 3806 1492 3890 Tripolitanae,
1512 3804 1702 3886 apostalicae
1715 3804 1801 3869 sedis
1814 3804 2029 3887 taam.-
2062 3818 2114 3898 ²as,
2151 3884 2160 3897 ι

286 3907 464 3985 contulerit,
493 3911 661 3990 postquam
694 3928 733 3974 ea
762 3909 969 3975 Gailtetmam
1001 3908 1118 3975 dietam
1146 3910 1303 3990 Apulam,
1335 3907 1538 3995 Fffidaaco]
1569 3906 1728 3990 qnondam
1760 3907 2112 3988 imperuim—mss

285 4011 514 4089 adhaerentem,
532 4013 719 4093 pinoaoerit.
1575 4012 1670 4091 1249,
1692 4010 1789 4077 Febr.
1805 4012 1858 4077 19.

391 4130 456 4184 rma
469 4131 518 4184 rr
534 4132 596 4201 aa.
614 4132 674 4186 aa.
691 4132 740 4201 rr,
756 4134 829 4200 aas,
848 4149 875 4186 a.
887 4139 941 4187 aa.

391 4217 519 4288 Patami,
541 4219 605 4289 169.
618 4225 715 4284 ressa·
732 4220 830 4288 Rapa
845 4225 922 4274 sesa

566 4414 765 4490 Corrado
794 4417 844 4490 de
871 4416 1142 4509 savignano*
1171 4413 1387 4488 canonico
1415 4414 1669 4489 Mantuano.
2117 4438 2136 4479 a

397 4565 495 4643 Cum,
531 4566 616 4629 sicut
650 4565 766 4652 petitio
799 4564 912 4631 dilecti
944 4566 1002 4630 filii
1032 4615 1072 4632 ..
1105 4563 1383 4651 archipresbyteri
1420 4562 1461 4629 de
1490 4562 1614 4629 Prato³
1642 4562 1774 4649 Regina
1802 4558 2075 4627 dioeczzsis

289 4671 383 4735 nobis
407 4670 556 4734 exhibita
579 4669 778 4751 continebat,
801 4669 940 4735 dilectus
963 4672 1048 4736 tilius
1065 4670 1105 4737 G.
1121 4669 1161 4735 de
1177 4670 1390 4754 Montelongo
1413 4668 1539 4734 electus
1554 4666 1789 4755 Tripolitanos,
1810 4664 2069 4753 apae-to

287 4776 349 4840 lieo
373 4773 461 4839 sedis
483 4774 625 4857 legatus,
650 4772 864 4839 Guillelmum
886 4774 1009 4840 dictum
1029 4775 1175 4861 Apulum
1198 4780 1275 4837 tune
1300 4772 1492 4837 canonicum
1513 4770 1690 4857 Reginum,
1710 4790 1772 4857 pro
1792 4788 1835 4835 ao
1856 4762 2065 4855 q--wd

287 4878 325 4945 F.
348 4876 512 4964 quondam
535 4878 726 4963 imperatori
749 4879 888 4965 eiusque
911 4879 1096 4944 fautoribus
1120 4884 1233 4944 eontra
1255 4897 1317 4940 nos
1339 4882 1374 4941 et
1397 4874 1611 4961 apostolicam
1639 4870 1756 4939 sedern
1783 4870 2057 4961 temp-⁸·

286 4982 397 5047 biliter
419 4980 599 5046 adherebat
608 4982 630 5061 ⁴,
655 4982 850 5046 canonicatu
874 4990 908 5046 61
931 4982 1109 5068 prebenda,
1133 5003 1196 5067 que
1219 4981 1253 5045 in
1269 4979 1410 5045 ecclesia
1425 4977 1555 5063 Regina
1570 4976 1723 5057 obtinuit,
1745 4970 2049 5043 anamnesis
2083 4996 2103 5039 a

391 5242 417 5309 1)
438 5240 477 5307 Os.
496 5238 677 5293 inlabitiotrem
695 5241 854 5309 peneralmr,
879 5258 962 5310 qrrarn
981 5258 1058 5310 papa
1079 5241 1129 5295 srtb
1147 5240 1225 5295 Febr.
1243 5246 1274 5294 12
1294 5236 1491 5307 mammiano
1513 5232 1682 5309 ΚΜ
1699 5248 1754 5309 μ’
1772 5236 1856 5280 fl·-
1901 5222 2021 5287 Α

287 5326 427 5381 rimantem
445 5325 681 5394 praesentia-adam
701 5326 886 5395 emendaverat,
910 5327 959 5383 ereb
979 5344 1008 5382 a.
1022 5327 1141 5382 663111.
1237 5327 1265 5393 2)
1282 5324 1314 5378 E
1327 5340 1391 5379 mor.
1408 5320 1649 5381 6161161111αὴ
1895 5318 1922 5360 '2
1965 5310 2005 5377 ’1

288 5411 854 5482 1666691666661.61ον.616.11691666
942 5414 971 5481 4)
990 5406 1599 5483 maaemasaatmtspraartdta
