4734 6334
875 378 1075 434 EPIS'POLAE
1094 379 1287 437 SELEC'I'AE.
1324 381 1398 437 1249.

1094 733 1182 808 655.

415 841 634 936 Innocentius
660 870 686 935 1
689 869 719 934 V
738 891 828 955 papo
860 873 1026 957 [Albcrto]
1054 873 1194 955 episeopo
1221 873 1450 958 Ratisponensi
1482 875 1628 955 nmndat,
1661 881 1697 942 nt
1721 877 1885 962 [Ottcnem
1907 880 1967 967 Π]

310 974 418 1040 dnccm
431 973 615 1053 Baioariac,
639 973 695 1056 qni
716 975 788 1040 licet
809 975 964 1042 iuraverit
985 997 1018 1043 sc
1039 981 1148 1042 contra
1170 978 1329 1044 ecelemam
1346 997 1568 1060 processurum
1589 999 1654 1045 non
1675 1001 1748 1060 csse,
1770 983 1967 1068 F[ridcrici]

310 1079 468 1162 qnondam
496 1078 697 1160 imperatoris
725 1079 821 1144 mecm
848 1085 938 1162 perat
965 1081 1002 1145 in
1027 1081 1177 1162 partibas
1203 1083 1368 1160 Austriae,
1400 1082 1516 1165 pretiis
1543 1103 1563 1148 a
1589 1083 1759 1169 G[repcrio
1780 1087 1854 1171 IX]
1873 1107 1967 1168 papa

311 1182 462 1249 concessis
479 1183 592 1264 priam,
613 1182 650 1246 in
671 1203 741 1248 cnm
762 1185 1091 1250 excommunicationis
1112 1189 1142 1250 et
1163 1185 1323 1252 interdicti
1343 1187 1516 1251 sententias
1531 1189 1710 1272 promntpet
1730 1193 1759 1254 et
1773 1194 1882 1255 matra
1897 1211 1966 1256 enm

245 1313 258 1350 3
310 1287 436 1351 verbnm
457 1287 560 1352 mucis
575 1285 745 1368 praedicet.
1620 1292 1714 1369 1249,
1736 1292 1831 1360 Febr.
1849 1296 1878 1360 6.

415 1404 613 1474 emman.
630 1403 752 1474 1331,
768 1406 840 1476 333,
858 1423 887 1460 a.
898 1412 955 1462 en.
988 1408 1137 1477 asemper
1148 1408 1268 1476 nuent,
1289 1407 1367 1466 133,
1379 1413 1397 1464 c.
1413 1366 1477 1478 arr,
1491 1425 1520 1478 p.
1533 1416 1582 1464 ne
1595 1409 1756 1465 anaema
1767 1427 1829 1466 aa
1842 1412 1966 1481 3333.

414 1493 541 1561 amne,
562 1492 625 1561 up.
638 1497 734 1561 33333·
752 1493 854 1562 napa
870 1500 943 1550 aar.

813 1727 855 1747 ..
885 1673 1096 1766 episcopo
1125 1673 1463 1768 Ratisponensi.

422 1823 504 1888 Cum
528 1821 588 1887 tibi
609 1820 757 1887 dicamur
779 1823 900 1888 nostris
922 1821 1056 1888 dedisse
1079 1823 1198 1887 litteris
1220 1823 1253 1888 in
1276 1823 1449 1904 mandatis,
1473 1830 1509 1889 33
1532 1874 1566 1890 ..
1587 1821 1702 1890 ducem
1718 1826 1879 1908 Bewarie,
1902 1828 1964 1894 nisi

313 1939 388 1996 333
417 1927 559 1992 monitus
588 1925 674 1990 inira
703 1925 823 1991 festum
849 1926 1082 2012 assumptionis
1112 1925 1210 1991 beate
1233 1926 1336 1991 Maris
1367 1927 1516 2012 proximo
1546 1929 1740 2014 preteritum
1770 1931 1892 1997 rediret
1923 1931 1965 1997 ad

312 2032 570 2100 ecclesiasticam
604 2029 780 2109 unitatem,
816 2029 931 2115 gratiis
964 2037 997 2094 33
1028 2028 1242 2114 indulgentiis
1272 2028 1334 2094 sibi
1363 2051 1383 2094 a
1409 2030 1516 2094 felicis
1548 2031 1783 2098 recordationis
1812 2033 1852 2100 G.
1879 2055 1965 2121 papa

310 2138 546 2226 predecessore
570 2139 681 2198 nostro
704 2133 872 2198 concessis
896 2133 1092 2198 auctoritate
1115 2139 1227 2197 nostra
1249 2133 1433 2219 privares¹z
1461 2133 1539 2200 licet
1562 2133 1649 2200 idern
1672 2134 1740 2200 dux
1763 2145 1837 2223 past
1857 2139 1963 2202 moni-

311 2243 431 2306 tionem
455 2245 555 2318 tuam,
587 2236 675 2322 quod
699 2243 814 2302 contra
836 2237 1010 2302 ecclesiam
1033 2238 1068 2301 in
1090 2237 1179 2301 nullo
1203 2244 1421 2322 processerat,
1451 2239 1581 2325 proprio
1597 2240 1793 2306 iuramento
1816 2240 1963 2322 firmarit,

312 2366 350 2410 ae
373 2365 409 2408 33
434 2341 624 2429 promiserit
647 2359 706 2426 per
728 2340 945 2407 iuramentum
969 2339 1155 2405 huiusmodi
1177 2350 1430 2426 processurum·
1451 2342 1639 2408 nullatenus
1654 2352 1768 2409 contra
1784 2365 1867 2426 eam,
1890 2345 1963 2430 ipse

311 2454 436 2528 tamen,
466 2445 551 2509 sicut
572 2443 777 2529 accepimus,
808 2444 983 2510 iuramenti
1005 2444 1165 2530 religione
1193 2449 1395 2530 contempta,
1425 2445 1586 2531 prioribus
1613 2448 1726 2533 peiora
1756 2450 1963 2516 committens

310 2558 343 2616 et
365 2551 402 2616 F.
426 2547 590 2636 quondam
618 2547 827 2632 imperatoris
856 2549 1078 2634 persecutoris
1106 2548 1247 2614 ecclesie
1278 2548 1311 2613 in
1342 2548 1489 2635 partibus
1512 2549 1647 2614 Austrie
1679 2571 1798 2636 gerens
1827 2552 1962 2632 vioem2,

310 2656 374 2742 ipsi
397 2652 539 2719 ecclesie
562 2672 603 2716 33
625 2671 699 2716 eam
721 2651 954 2717 adiuvantibus
978 2653 1153 2739 plurimum
1176 2651 1380 2720 adversatur.
1424 2651 1569 2740 Ideoque
1599 2654 1799 2721 fraternitati
1830 2661 1884 2722 tue
1904 2678 1964 2742 per

310 2757 492 2847 apostolica
515 2755 637 2842 scripta
659 2755 693 2818 in
716 2756 836 2820 virtute
860 2756 1047 2821 obedientie
1070 2756 1218 2822 districte
1249 2754 1461 2843 precipiendo
1492 2756 1702 2840 mandamus,
1735 2759 1904 2844 quatinus,
1935 2761 1962 2824 si

311 2867 362 2927 333
394 2861 454 2939 ita,
487 2858 628 2924 eundem
662 2857 778 2924 ducem
813 2860 1006 2926 auctoritate
1037 2865 1152 2925 nostra
1180 2860 1342 2947 privatum
1373 2880 1448 2924 3333
1476 2858 1674 2926 denuntians
1705 2863 1819 2947 gratiis
1850 2871 1884 2929 33
1913 2864 1961 2928 in-

227 2991 255 3031 33
306 2964 484 3050 dulgentiis
513 2961 725 3048 supradictis,
757 2963 790 3026 in
814 2963 921 3049 ipsum
946 2969 979 3028 33
1002 2963 1036 3026 in
1059 2984 1119 3028 sua
1140 2964 1360 3049 perversitate
1384 2962 1581 3028 adherentes
1606 2963 1713 3029 eidem
1739 2967 1969 3042 excommuni-¹

305 3069 441 3134 cationis
472 3072 505 3132 et
535 3068 568 3130 in
596 3072 719 3130 terram
742 3066 814 3132 eius
838 3067 1027 3132 interdicti³
1051 3067 1231 3133 sententias
1254 3087 1320 3132 non
1343 3065 1475 3132 differas
1499 3067 1724 3154 promulgare,
1756 3091 1813 3134 eas
1835 3069 1961 3135 tamdiu

305 3172 442 3258 singulis
465 3169 581 3234 diebus
604 3168 777 3234 dominicis
801 3177 834 3234 et
855 3171 996 3252 festivis,
1025 3172 1164 3258 pulsatis
1188 3170 1357 3258 campanis
1380 3176 1413 3236 et
1437 3169 1580 3236 candelis
1609 3171 1768 3254 accensis,
1797 3193 1858 3259 per
1881 3174 1960 3239 civi-

304 3283 407 3342 tatem
438 3279 472 3338 et
502 3271 658 3338 diocesim
689 3279 779 3337 tuam
812 3275 1024 3361 solempniter
1053 3276 1201 3362 publices
1236 3283 1270 3342 et
1298 3275 1402 3340 iacias
1437 3274 1613 3361 publicari,
1649 3267 1754 3341 denec
1783 3279 1961 3344 vexatione

304 3380 509 3445 intellectum
539 3396 599 3440 suo
626 3375 753 3442 auditui
780 3377 963 3459 tribuente,
1000 3378 1042 3443 ad
1070 3381 1231 3445 unitatem
1264 3379 1523 3444 ecclesiasticam
1553 3385 1747 3459 revertatur,
1783 3388 1816 3445 et
1846 3387 1960 3445 contra

124 3527 128 3532 -
226 3511 252 3550 33
305 3483 488 3570 predictum
510 3479 548 3546 F.
571 3485 728 3565 tanquam
752 3480 910 3546 adversus
933 3481 1011 3547 fidei
1035 3490 1069 3548 et
1098 3482 1256 3546 libertatis
1284 3481 1509 3546 ecclesiastice
1539 3481 1767 3548 subversorem
1795 3483 1959 3569 recipiens

305 3590 432 3673 signum
461 3585 584 3665 crucis,
614 3585 780 3665 ecelesiis,
810 3587 1018 3652 monasteriis
1048 3591 1081 3652 et
1110 3586 1182 3651 aliis
1213 3583 1276 3671 piis
1301 3585 1382 3650 locis
1407 3606 1445 3650 ac
1468 3585 1594 3650 clericis
1617 3584 1793 3650 earundem
1816 3587 1959 3651 civitatis

305 3697 339 3756 et
361 3690 504 3755 diocesis
528 3688 648 3754 iniuste
672 3687 783 3752 ablata
807 3691 960 3754 restituet
989 3695 1022 3754 et
1050 3689 1092 3755 de
1120 3688 1269 3775 dampnis
1301 3695 1334 3751 et
1365 3688 1491 3752 iniuriis
1522 3689 1673 3772 irrogatis
1701 3689 1959 3755 satisfactionem

408 3950 432 4016 ⁸)
451 3953 620 4031 processurus
637 3949 670 3999 R.

409 4107 436 4172 1)
454 4103 539 4158 Hanc
556 4117 604 4171 ep,
622 4117 691 4170 qaae
706 4117 763 4156 non
780 4107 906 4172 coeperest,
922 4121 948 4158 3.
965 4103 1127 4158 1248333133
1144 4102 1240 4160 mmsis
1257 4103 1330 4158 Maii
1346 4103 1471 4172 scriptam
1484 4107 1623 4172 paternas,
1645 4118 1705 4157 cnm
1722 4119 1750 4157 eo
1767 4108 1881 4174 tenpore
1897 4106 1961 4160 aliis

225 4209 252 4248 so
304 4191 425 4248 33313333
447 4189 577 4245 indevotis
594 4189 739 4243 Bawarim
761 4188 828 4242 idern
849 4191 978 4244 terminas
996 4189 1082 4260 [dap.
1098 4189 1142 4261 13]
1159 4196 1279 4245 mutatus
1298 4190 1394 4259 saait5
1415 4190 1446 4257 rs.
1464 4207 1492 4244 n.
1508 4197 1555 4244 332
1575 4195 1600 4245 ct
1616 4197 1675 4244 334.
1761 4191 1788 4252 u
1809 4190 1882 4260 Quia
1901 4191 1961 4246 duce

304 4282 401 4332 aestate
417 4283 523 4334 31248
540 4276 656 4331 namn
672 4291 699 4330 ee
715 4275 829 4344 maian,
849 4276 873 4330 ei
888 4275 1107 4346 paternationem
1122 4276 1238 4332 ducatus
1249 4277 1376 4332 Andriae
1392 4276 1447 4329 iam
1464 4281 1576 4343 31248,
1594 4275 1670 4342 Ina,
1686 4291 1768 4344 qnam
1783 4277 1959 4332 coniecturam

303 4383 348 4435 ep.
361 4363 587 4432 mnne-mem,
612 4364 630 4419 l.
642 4379 664 4418 c.
681 4369 748 4418 8707
765 4363 885 4432 lupinae,
910 4364 944 4417 ab
965 4365 1120 4433 inmantare
1142 4363 1304 4418 commissam
1328 4379 1391 4431 esee,
1412 4362 1549 4431 probabile
1564 4361 1641 4416 nobie
1657 4377 1715 4415 non
1732 4367 1784 4430 est,
1803 4363 1960 4430 prmentim

304 4469 366 4506 cnm
383 4453 414 4505 in
431 4451 525 4506 deceta
542 4469 568 4505 a.
580 4457 655 4518 1248,
674 4449 738 4504 Inn.
757 4450 865 4518 scripta,
889 4466 944 4518 qna
966 4450 1107 4518 imperator
1123 4449 1264 4503 comitatus
1281 4448 1312 4502 de
1330 4448 1500 4502 Nnencbnrde
1517 4453 1540 4502 d
1558 4447 1589 4501 de
1606 4446 1789 4516 Sclnrdinpen,
1811 4465 1880 4516 anas
1899 4448 1960 4504 Otto

305 4539 364 4594 me
383 4537 525 4592 Meraniae
538 4536 659 4605 moditor
677 4536 811 4605 tenuisset,
838 4537 862 4591 ei
879 4538 1005 4592 ammessit
1023 4535 1273 4608 [Bdbmer-Fidcer,
1292 4537 1308 4590 t.
1326 4551 1347 4590 c.
1365 4535 1454 4605 8708],
1475 4535 1638 4603 ‘capitonem
1655 4534 1791 4588 31333338
1808 4535 1960 4603 appelimrm

225 4639 251 4679 33
303 4641 361 4679 333
382 4625 430 4692 sit,
455 4621 618 4678 Meirdrardo
641 4627 729 4676 33333
750 4623 837 4677 condi
860 4622 981 4678 03333333
1001 4624 1032 4676 in
1055 4623 1146 4677 lrbtnis
1167 4621 1347 4692 imperialibus
1370 4621 1467 4676 titnlns
1491 4619 1634 4690 ‘capitanei
1651 4617 1756 4673 833338
1778 4619 1960 4685 adscribatur,¹

305 4709 593 4778 Hancne-srmone,
616 4711 633 4765 l.
649 4725 671 4766 c.
689 4714 707 4762 t
726 4709 774 4778 VI,
793 4725 822 4778 p.
842 4717 973 4765 731-738.
1011 4708 1146 4764 &adnuae
1170 4724 1231 4779 erpo
1253 4709 1434 4778 temeratorem
1452 4723 1501 4775 per
1523 4722 1619 4761 333333
1640 4705 1824 4774 capitaneatus
1843 4707 1960 4776 qratiam

304 4795 398 4850 dacem
415 4813 434 4850 a
446 4801 526 4864 parte
542 4793 653 4848 adcensa
669 4796 719 4849 333
735 4796 789 4862 fine
805 4797 912 4851 assuetis
929 4797 967 4850 ael
983 4801 1128 4851 33333333
1139 4814 1163 4850 a.
1176 4802 1239 4852 1218
1250 4795 1397 4862 retrusisse,
1414 4809 1527 4863 qnoacm
1538 4793 1615 4846 cerba
1626 4793 1701 4847 333.
1714 4794 1817 4862 Arcen,
1835 4794 1960 4862 inprimis

304 4883 380 4937 Ann.
399 4880 427 4938 S.
442 4881 574 4935 liudberti
587 4881 735 4952 Salisbnrp.
754 4889 870 4951 31248,
889 4883 936 4939 SS.
954 4889 972 4938 t.
985 4884 1041 4952 IX,
1055 4900 1085 4953 p.
1098 4890 1154 4950 398,
1173 4889 1222 4937 042
1238 4886 1262 4935 et
1283 4888 1329 4936 790
1345 4880 1521 4948 conueniant,⁴
1537 4883 1560 4932 et
1577 4878 1646 4932 sicud
1663 4895 1691 4934 3.
1704 4885 1753 4934 349
1769 4879 1809 4934 ita
1826 4880 1904 4934 33333
1921 4897 1959 4951 ep.

304 4985 333 5024 n.
345 4975 394 5024 388
410 4967 448 5022 ad
463 4967 513 5021 bas
529 4984 570 5022 res
583 4968 714 5036 pertinere
731 4967 842 5025 aidane.
872 4971 907 5024 A.
928 4977 998 5037 1230,
1016 4969 1078 5023 lan.
1098 4975 1132 5023 20
1150 4966 1332 5022 Meintcrdas
1344 4966 1484 5035 praefatus
1501 4965 1657 5034 capn’tanens
1674 4965 1802 5020 Andriae
1819 4971 1843 5021 et
1862 4967 1961 5021 sensae

126 5123 136 5132 ο
225 5069 254 5108 eo
305 5061 377 5123 erct,·
393 5054 687 5122 Haillard-Bribolles,
706 5056 756 5109 tc.
776 5060 793 5110 t.
811 5055 857 5124 VI,
872 5072 901 5124 p.
916 5063 972 5125 738,
990 5061 1044 5110 not.
1061 5066 1082 5110 1.
1169 5056 1197 5121 3)
1217 5054 1277 5107 Iam
1299 5053 1347 5108 snb
1366 5052 1472 5107 13312
1490 5069 1567 5120 papa
1589 5052 1707 5121 capn'trdo
1726 5051 1895 5121 Fmbinperesi
1917 5055 1960 5107 in·

304 5142 433 5210 damnat,
460 5147 492 5195 nt
515 5157 576 5195 cnm
600 5145 671 5194 terra
693 5139 768 5196 ducis
788 5141 924 5195 Bormiae
941 5143 1080 5210 supposita
1102 5147 1167 5195 esset
1190 5140 1342 5208 interdicto,
1366 5139 1398 5192 in
1414 5143 1500 5193 nnntc
1519 5143 1543 5192 et
1559 5138 1661 5192 ciuitate
1679 5138 1849 5207 Frisinpensi
1866 5139 1960 5193 diuina

304 5228 392 5296 officio
416 5227 542 5282 celebrare
561 5233 680 5296 possent,
707 5243 768 5282 cnm
791 5227 849 5281 dna
871 5229 979 5282 nubam
1007 5227 1100 5282 ebidem
1123 5227 1286 5282 domicilinm
1307 5225 1417 5280 baberet.
1460 5223 1563 5280 Similes
1586 5221 1766 5293 inclementiae
1788 5240 1837 5294 per
1859 5230 1961 5294 ternpus

304 5313 441 5369 innomi
464 5313 514 5368 aab
531 5313 607 5370 Febr.
624 5321 640 5367 6
661 5313 781 5368 ecclesiae
803 5312 835 5366 de
853 5313 1035 5383 Rauenna,
1061 5313 1110 5368 snb
1130 5314 1213 5368 Mart.
1228 5320 1262 5368 27
1277 5313 1391 5368 cadesim
1411 5310 1443 5364 de
1462 5311 1528 5376 lter,
1550 5310 1600 5364 sub
1618 5311 1685 5378 Apr.
1701 5317 1736 5366 28
1753 5311 1913 5366 3333333333
1930 5309 1961 5364 de

306 5399 534 5470 Scbcnmanpten,
558 5399 911 5454 333173317333333333
928 5399 959 5453 de
977 5399 1123 5468 Ebersperc
1146 5415 1284 5454 concessae
1305 5402 1377 5452 sard.
1413 5397 1488 5450 Inter
1507 5395 1626 5462 scabres
1642 5395 1720 5451 donis
1736 5398 1767 5450 in
1784 5414 1810 5451 n.
1824 5403 1878 5452 330
1894 5413 1961 5450 oom-

226 5499 253 5539 13
305 5491 458 5540 memoratos
471 5485 609 5540 medam
628 5485 820 5541 etGanradnm
838 5485 943 5539 amnites
959 5485 991 5540 de
1008 5484 1140 5557 Mosbnrp
1157 5486 1206 5540 neb
1224 5486 1309 5539 Mart.
1324 5491 1357 5538 27
1373 5481 1492 5536 cadesim
1509 5481 1638 5552 inimicos,
1659 5481 1827 5537 6333333333
1844 5484 1961 5538 comitem

304 5571 338 5626 de
355 5571 486 5641 Hireperp
504 5572 553 5627 snb
564 5574 634 5642 Any.
646 5579 677 5628 13
694 5572 814 5628 mentam
830 5571 989 5640 reperimus·
1009 5572 1140 5642 Pottbast,
1162 5573 1226 5643 Rrp.
1241 5578 1323 5640 18108,
1342 5576 1431 5638 18200,
1451 5575 1537 5637 18208,
1556 5575 1641 5634 18821,
1660 5577 1749 5636 18881,
1770 5577 1856 5639 18280,
1876 5576 1959 5640 18707,

305 5658 339 5726 os.
354 5665 439 5728 18182,
459 5665 547 5723 18200,
568 5665 658 5727 18837,
675 5675 744 5728 puae
761 5673 849 5712 onmm
866 5672 912 5726 ep,
931 5657 1022 5727 quoad
1038 5657 1076 5712 ad
1092 5677 1118 5714 a.
1134 5659 1178 5713 Vl
1189 5657 1330 5728 matrem,
1348 5656 1378 5709 in
1398 5655 1461 5724 ch.
1479 5655 1581 5710 relatae
1598 5671 1655 5710 non
1672 5661 1744 5711 arn.
