4784 6332
855 419 1056 478 EPIS'IOLAE
1074 418 1264 479 SELEC‘I'AE.
1301 423 1376 478 1247.
1878 424 1940 488 245

287 599 497 687 precipiendo
521 597 715 663 mandantes
746 597 898 683 quatinus
922 597 965 663 H.
990 597 1130 676 clerico,
1154 603 1231 661 nato
1259 598 1339 678 eius,
1364 598 1396 662 in
1421 597 1645 663 eeclesiastico
1667 597 1829 662 beneficio
1853 618 1941 662 eom-

289 704 431 790 petenti,
461 702 547 788 quod
582 701 623 766 ad
655 707 798 766 vestram
828 701 1037 766 collationem
1070 701 1232 786 pertineat
1268 707 1301 765 et
1339 702 1547 766 consueverit
1578 701 1705 765 clericis
1737 700 1940 766 secularibus

290 808 461 892 assignari,
478 826 574 890 quam
591 806 653 868 cito
670 826 704 869 se
721 804 861 868 facultas
877 804 1044 884 obtulerit,
1061 804 1232 892 providere
1249 806 1426 869 curetis-
1443 805 1696 870 nonobstante*
1719 805 1745 868 si
1762 805 1941 869 direximus

289 910 382 974 vobis
406 931 463 996 pro
491 910 564 973 aliis
591 910 712 995 scripta
735 913 863 987 nostra,
892 907 1008 993 quibus
1037 908 1189 971 nolumus
1219 909 1415 974 auctoritate
1440 917 1501 975 etc.
1532 929 1650 995 usque:
1680 909 1848 994 generari,
1881 929 1940 971 sen

221 1035 234 1070 s
291 1014 436 1099 qualibet
459 1013 662 1098 indulgentia
685 1011 726 1074 ab
750 1010 932 1097 apostoliea
955 1010 1034 1076 sede
1059 1009 1209 1092 obtenta,
1239 1033 1298 1097 per
1321 1033 1418 1097 quam
1442 1012 1629 1077 huiusmodi
1652 1013 1760 1097 gratia
1783 1011 1940 1075 retardari

290 1119 399 1181 valeat
422 1137 479 1180 seu
503 1117 602 1181 etiam
626 1114 786 1201 impediri.
832 1113 986 1198 Alioquin
1011 1114 1190 1179 venerabili
1220 1115 1312 1178 tratri
1337 1124 1446 1180 nostro
1471 1167 1504 1183 ..
1530 1116 1684 1202 episeopo
1707 1115 1942 1199 argentinensi

290 1222 406 1285 damus
429 1221 552 1284 nostris
576 1219 693 1283 litteris
717 1220 750 1283 in
774 1217 937 1283 mandatis
961 1223 1022 1283 etc.
1046 1240 1164 1304 usque:
1190 1227 1389 1304 exequatur:
1413 1220 1669 1285 contradictores
1694 1227 1755 1284 etc.

396 1341 472 1404 Dat.
496 1338 658 1426 Lugduni,
682 1338 788 1403 XllII
812 1337 887 1402 Kal.
911 1336 1000 1417 Maii,
1024 1359 1109 1402 anno
1133 1338 1213 1402 IIll.

1073 1940 1158 2014 3a6.

395 2062 613 2158 Innocentius
633 2091 691 2156 IV
705 2111 794 2174 pepe
818 2087 976 2173 [ilenrico
991 2089 1071 2171 ΙΙΙ]
1092 2089 1231 2172 <merope
1253 2087 1479 2169 Arpentinensi
1500 2086 1640 2164 prandet,
1663 2091 1697 2150 nt
1714 2085 1944 2171 [l'olearrtnm]

211 2238 237 2277 ,ο
289 2200 464 2280 episcopam
494 2196 688 2273 Caricnsmn,
720 2195 776 2276 qni
802 2215 824 2258 a
854 2192 1019 2258 Frieleriae
1051 2193 1208 2272 quaerebam
1237 2193 1424 2272 imperatore
1452 2193 1621 2272 pecaniam
1648 2196 1755 2255 contre
1786 2189 1944 2252 eeclesiam

287 2301 523 2385 expendendam
545 2300 693 2380 receperit
713 2302 742 2361 ct
763 2297 848 2361 alias
866 2317 925 2376 per
943 2293 1167 2380 [Pbr'lippnnn]
1187 2297 1313 2360 electam
1334 2296 1587 2372 Ferrarirnsern,
1611 2302 1685 2358 lane
1706 2295 1853 2373 tapetam,
1875 2309 1943 2353 sris-

284 2425 405 2487 pcnsas
427 2409 456 2467 ct
476 2403 759 2469 eaeonmranieatns
779 2401 886 2482 pererit,
910 2399 954 2462 aet
973 2400 1074 2464 sedem
1095 2400 1294 2480 apostolicam
1317 2402 1396 2462 citet.
1600 2401 1693 2474 1247,
1708 2399 1789 2478 Apr.
1807 2399 1858 2461 18.

394 2527 456 2579 raa.
475 2525 523 2579 rr
538 2524 601 2592 nep.
621 2522 677 2575 rm
698 2521 797 2588 nani,
816 2519 876 2573 ara.
897 2518 947 2586 rr,
957 2527 1010 2572 aa.

393 2612 491 2680 Brrper
509 2616 580 2666 aare.

785 2821 793 2837 .
823 2824 832 2841 .
861 2767 1081 2861 episcopo
1109 2769 1448 2860 Argentinensi.

395 2927 488 3004 Cum,
513 2923 598 2987 sicut
619 2919 854 2998 intelleximus,
880 2968 912 2985 ..
936 2919 1111 3004 episcopus
1135 2917 1304 2983 Curiensis
1329 2918 1532 2983 aFriderico
1556 2914 1720 3003 quondam
1744 2914 1943 3000 imperatore

291 3029 454 3116 quandam
481 3025 644 3111 receperit
680 3023 820 3108 pecunie
849 3023 1065 3105 quantitatem
1099 3028 1210 3086 contra
1244 3023 1420 3088 ecclesiam
1447 3019 1699 3106 expendendam
1727 3023 1760 3082 et
1788 3018 1870 3083 alias
1903 3017 1945 3079 sit

290 3140 424 3220 propter
445 3133 516 3196 eius
532 3127 785 3194 inobedientiam
802 3146 862 3211 per
877 3123 1032 3189 dilectum
1048 3125 1149 3189 tilium
1174 3175 1203 3192 ..
1228 3127 1370 3191 electum
1385 3126 1642 3198 Ferrariensem,
1666 3129 1743 3188 tune
1763 3120 1943 3208 apostolice

291 3235 378 3300 sedis
408 3235 568 3318 legatum,
606 3249 787 3315 suspensus
823 3235 857 3292 et
889 3227 1019 3291 vinculo
1052 3229 1399 3294 excommunicationis
1434 3229 1619 3294 astrictus¹:
1651 3226 1854 3312 presentium
1883 3222 1944 3287 tibi

211 3376 239 3415 20
293 3339 488 3404 auctoritate
504 3335 707 3413 mandamus,
731 3333 884 3418 quatinus
908 3338 1033 3395 certum
1058 3333 1087 3396 ei
1105 3333 1279 3395 terminum
1295 3332 1437 3418 preligas
1454 3331 1719 3418 peremptorium,
1741 3328 1825 3392 infra
1847 3348 1944 3411 quem

291 3450 404 3508 nostro
429 3463 464 3506 se
482 3439 671 3525 conspectui
692 3443 907 3524 representet,
931 3435 992 3500 sibi
1017 3435 1247 3500 nichilominus
1266 3437 1430 3516 intimans,
1455 3434 1540 3521 quod
1565 3435 1590 3499 si
1615 3433 1655 3498 ad
1680 3431 1846 3496 nostramb
1870 3451 1943 3517 pre-

292 3547 433 3610 sentiam
456 3545 568 3608 venire
594 3543 678 3606 forte
702 3539 945 3626 contempserit,
970 3538 1011 3602 ad
1034 3539 1246 3624 depositionis
1270 3546 1381 3603 eontra
1405 3560 1478 3603 eum
1498 3539 1694 3603 sententiam
1718 3533 1944 3621 procedemus.

395 3666 471 3730 Dat.
494 3663 658 3748 Lugduni,
681 3661 785 3726 XIIII
808 3661 881 3726 Kal.
907 3660 994 3740 Maii,
1018 3680 1102 3724 anno
1126 3659 1175 3722 IV
1184 3659 1207 3722 ².

1078 4257 1164 4332 327.

398 4384 616 4481 Innocentius
630 4414 654 4476 I
658 4413 684 4475 p·
691 4433 780 4496 papa
795 4408 992 4474 tbcsaarmio
1008 4407 1120 4473 Sancti
1137 4406 1274 4470 Tbamae
1295 4407 1537 4487 Arrpentincnms
1551 4405 1690 4482 mandet,
1713 4410 1748 4469 at
1760 4406 1898 4470 Hrnrieo
1913 4405 1949 4468 m

212 4553 238 4592 n
296 4519 511 4586 (ierotrtiseelre
542 4519 691 4582 eanerrice
718 4514 877 4595 Spirensi,
908 4514 977 4594 qni,
1007 4532 1076 4575 rnrn
1101 4510 1281 4591 [aritmibns
1311 4509 1474 4572 Frieleriei
1502 4509 1659 4590 pamniam
1689 4510 1888 4590 imperatoris
1917 4527 1949 4570 se

291 4623 489 4710 rppeaaerit,
519 4623 553 4685 in
578 4622 701 4685 civitate
724 4617 871 4698 Spirensi
892 4616 1013 4680 rncrari
1034 4634 1098 4678 nan
1120 4613 1251 4690 credent,
1282 4617 1452 4694 proventae
1468 4612 1668 4695 praebendae
1691 4632 1767 4676 amc
1788 4631 1885 4693 resqree
1908 4611 1951 4675 ad

291 4731 464 4795 trienninm
486 4729 605 4807 intepre
627 4721 808 4788 ministrari
826 4720 941 4804 faciat.
1593 4717 1688 4794 1247,
1711 4717 1792 4796 Apr.
1808 4719 1861 4780 20.

398 4853 463 4907 Ina.
476 4851 497 4904 Ι
499 4850 524 4904 V
540 4849 602 4918 Ray.
620 4847 675 4901 Vel.
695 4846 793 4914 I,385,·
811 4843 870 4897 lae.
891 4842 941 4910 IV,
954 4848 1011 4896 640.

397 4939 498 5006 Berper
515 4942 584 4991 2637.

213 5251 241 5289 ,ο
401 5219 425 5282 ⁸)
444 5235 481 5268 an
499 5235 550 5269 non
569 5217 633 5267 obst
654 5234 686 5256 =
705 5209 958 5264 nonobstantibus?
1063 5207 1088 5274 b)
1107 5208 1140 5259 ad
1158 5208 1313 5274 presentiam
1332 5203 1465 5273 [nostram]
1484 5206 1517 5258 B.

399 5375 425 5436 1)
446 5368 590 5438 Serapeneio
608 5373 632 5420 et
648 5363 881 5420 eaeemrmmioatie
896 5365 955 5430 poet
974 5378 999 5413 a.
1018 5367 1092 5427 1246,
1117 5361 1172 5413 Inl.
1192 5367 1225 5414 25
1239 5359 1433 5427 pronuntiatae
1455 5374 1508 5412 ease
1529 5356 1666 5422 eriderrtar5
1686 5357 1720 5421 cs.
1734 5373 1764 5423 p.
1783 5361 1836 5423 lat,
1854 5360 1908 5410 not.
1928 5363 1951 5410 2.

295 5461 494 5529 Imperatorem,
513 5457 561 5524 qni
578 5461 635 5508 tum
654 5455 684 5505 in
697 5451 870 5506 Gemmninm
879 5447 1015 5516 preficiaci
1029 5445 1143 5499 intendit
1156 5445 1405 5516 [Benna-Fictor,
1418 5447 1435 5500 l.
1447 5461 1468 5498 e.
1481 5442 1700 5510 aeona-seem,
1716 5458 1765 5510 per
1778 5441 1952 5510 episcopatum

294 5545 448 5598 Comensem
470 5544 518 5596 iter
537 5541 624 5607 secere
640 5539 750 5592 rotnr'aac
773 5543 795 5590 et
819 5553 851 5589 ea
874 5535 907 5588 de
930 5550 1013 5586 ceam
1033 5533 1175 5600 parentam
1197 5534 1296 5587 misisse
1313 5538 1456 5601 parternum
1477 5532 1508 5598 as.
1526 5549 1554 5584 n.
1573 5537 1626 5584 329
1643 5534 1666 5582 et
1683 5529 1758 5595 infra
1775 5530 1897 5597 eadelm
1913 5545 1952 5597 ep.

294 5629 493 5684 emmane-iant
516 5627 637 5682 directae.
746 5626 773 5692 Ξ)
794 5623 874 5690 Papa
895 5619 980 5673 eman
998 5619 1039 5671 die
1056 5620 1190 5688 qnblelem
1209 5621 1363 5690 approlmasc
1380 5618 1497 5684 sidetem,
1516 5635 1570 5686 qrrn
1587 5616 1766 5684 imperatorer
1788 5615 1954 5683 Impdnnnm

212 5741 239 5781 aa
294 5719 398 5785 citarit,
420 5731 488 5786 qnae
509 5732 547 5786 ep.
572 5715 652 5769 raison
676 5730 732 5768 non
749 5717 801 5778 est,·
824 5711 856 5777 es.
871 5727 900 5778 p.
920 5716 958 5776 57,
975 5711 1031 5761 nal.
1050 5716 1073 5761 1.
1114 5705 1154 5774 Cf.
1172 5708 1250 5761 etiam
1265 5723 1293 5776 p.
1314 5712 1376 5774 208,
1395 5709 1448 5760 not.
1467 5710 1483 5759 3
1500 5709 1524 5757 et
1542 5703 1616 5770 infra
1634 5703 1954 5773 ep.a.1247,Mai.12.
