4328 6232
801 339 848 395 EX
867 338 1084 395 INNOOENTII
1096 338 1140 394 'IV
1159 338 1340 395 assasse

570 661 605 679 ..
634 605 883 680 Albanensi
910 610 951 679 et
978 662 1018 680 ..
1047 605 1307 680 Tusculano
1335 607 1574 698 episeopis.

360 755 482 842 Spiritu
506 755 692 831 exultantes
715 755 914 836 audivimus,
945 776 1008 841 que
1036 754 1146 821 divina
1170 756 1325 842 ,potentia
1351 777 1411 842 per
1442 756 1660 821 ministerium
1688 753 1896 820 discretionis

251 865 360 925 vestre
375 858 551 924 laudabilis
575 858 615 923 ad
632 859 790 926 honorem
807 860 947 926 ecclesie
971 859 1011 924 de
1034 881 1092 925 sue
1108 859 1186 925 fecit
1201 860 1368 925 affluentia
1383 861 1525 946 pietatis.
1570 860 1677 947 Super
1699 859 1764 924 hoo
1785 863 1897 922 antem

253 984 312 1028 vos
335 965 440 1051 plenis
463 965 496 1029 in
518 964 658 1029 Domino
682 966 859 1049 gratiarum
883 965 1068 1030 actionibus
1090 972 1342 1050 prosequentes,
1370 970 1489 1044 totum,
1524 964 1611 1050 quod
1633 983 1708 1029 esse
1730 963 1858 1028 factum
1879 981 1899 1028 a

251 1068 346 1132 robis
362 1074 544 1133 vestrarum
560 1068 643 1133 serie
659 1068 840 1133 litterarum
854 1066 1066 1153 distinguitur
1081 1075 1114 1132 et
1129 1067 1215 1154 quod
1231 1069 1329 1139 etiam
1344 1068 1452 1134 lacera
1468 1068 1658 1154 proponitis,
1674 1073 1898 1153 acceptamus,

253 1193 327 1236 cum
351 1173 394 1236 sit
416 1171 511 1236 nobis
535 1172 628 1235 lirina
650 1171 838 1254 credulitas,
862 1170 957 1258 quod,
981 1173 1065 1236 sicut
1087 1173 1173 1237 cirea
1195 1173 1353 1238 honorem
1377 1173 1519 1238 ecclesie
1542 1172 1746 1237 voluntatem
1768 1168 1898 1235 habetis

253 1278 351 1364 plene
374 1276 583 1356 laudabilem,
608 1277 662 1355 sic,
687 1282 843 1361 quantum
867 1277 900 1340 in
924 1277 1015 1341 vobis
1040 1284 1106 1356 est,
1137 1278 1239 1364 ipsius
1269 1299 1401 1342 causam
1424 1296 1616 1364 promovere
1640 1274 1817 1340 studebitis
1839 1293 1899 1358 per

251 1380 443 1445 industriam
467 1379 644 1444 efficacem.
688 1378 740 1444 De
764 1379 882 1445 ceteris
908 1385 1032 1460 autem,
1066 1401 1129 1466 que
1160 1402 1260 1468 super
1288 1381 1351 1447 hiis
1379 1382 1413 1446 in
1435 1388 1547 1446 nostro
1570 1385 1742 1446 versantur
1766 1379 1899 1457 affectu,

254 1483 349 1548 vobis
372 1484 590 1569 perlatorem
614 1485 814 1571 presentium
836 1491 945 1551 nostre
969 1484 1097 1571 patebit
1119 1485 1363 1571 beneplacitum
1380 1485 1553 1549 voluntatis
1568 1487 1588 1551 ¹.

360 1604 438 1674 Dat.
460 1613 497 1670 ut
520 1626 625 1692 supra.

872 1767 1279 1778 ——.—--—.-—--—-

1030 1993 1116 2066 397.

358 2085 574 2180 Innocentius
589 2115 613 2178 Ι
618 2113 647 2177 V
652 2133 741 2198 popo
755 2112 927 2199 [Roberto]
942 2115 1045 2179 condi
1060 2115 1260 2180 Atrebatensi
1271 2116 1394 2198 pretias
1408 2115 1482 2197 opit,
1498 2113 1581 2196 qnod
1600 2113 1644 2178 od
1657 2111 1903 2178 subveniendum

254 2218 397 2285 menae
413 2221 593 2302 promptam
613 2236 647 2281 se
668 2214 851 2294 exhibuerit,
873 2237 1003 2299 cunque
1024 2222 1134 2295 monet,
1156 2221 1192 2282 nt
1213 2218 1258 2282 sir
1274 2217 1472 2302 propositum
1486 2220 1666 2298 exequatur,
1688 2220 1724 2280 nt
1743 2215 1904 2281 ecclsiam

249 2320 451 2403 persequenti
472 2319 609 2384 viriliter
630 2318 737 2383 resisti
758 2319 869 2383 voleat.
1547 2323 1640 2399 1247,
1663 2319 1739 2385 Iun.
1763 2324 1816 2384 17.

357 2440 421 2494 Ian.
435 2439 484 2495 IV
497 2439 561 2508 Rea.
580 2438 634 2494 Vol.
647 2439 670 2506 I,
684 2444 748 2505 433,·
766 2437 825 2493 Le.
838 2437 888 2506 IV,
901 2454 956 2492 orer.
971 2445 1022 2494 127.

358 2524 484 2593 Parnon,
505 2525 568 2596 lter.
587 2522 676 2578 Adtit.
696 2524 828 2591 Lesere-
845 2524 943 2593 Beryae
959 2531 1034 2580 sees.

806 2778 846 2795 ..
875 2722 1026 2795 comiti
1054 2723 1354 2798 Atrebatensi.

367 2871 476 2936 Firma
499 2892 628 2957 semper
652 2878 685 2937 et
700 2873 893 2937 inconcussa
915 2871 976 2935 fuit
993 2872 1132 2937 ecclesie
1155 2872 1220 2937 Dei
1235 2871 1421 2949 credulitas,
1443 2873 1528 2958 quod
1551 2880 1584 2939 te
1604 2877 1792 2959 promptum
1815 2871 1905 2934 inve·

259 2976 347 3040 niret
370 2981 404 3039 et
419 2974 547 3040 facilem
563 2973 605 3039 ad
621 2974 830 3060 prestandum
847 2975 878 3039 ei
892 2974 1037 3060 grande·
1059 2974 1251 3054 subsidium,
1276 2974 1404 3060 quando
1420 2975 1500 3040 illud
1522 2976 1585 3040 sibi
1608 2997 1682 3041 esse
1698 2973 1906 3061 prospiceres

261 3083 466 3164 oportunum.
514 3077 599 3142 Sane
622 3098 680 3143 nos
705 3085 737 3143 et
752 3078 870 3143 fratres
894 3079 998 3143 nostri
1021 3099 1094 3142 oum
1113 3079 1216 3143 multa
1232 3080 1435 3144 exultatione
1450 3078 1656 3166 percepimus
1677 3076 1907 3142 credulitatem

260 3179 446 3246 huiusmodi
468 3182 659 3267 pervenisse
682 3181 723 3245 ad
747 3181 886 3266 gratiam
911 3182 1159 3267 complementi,
1182 3180 1259 3246 dum
1282 3183 1335 3268 pio
1360 3181 1474 3263 corde,
1505 3180 1616 3246 audita
1636 3181 1741 3268 ipsius
1764 3179 1906 3245 eeclesia

263 3282 486 3372 [necessitate]
496 3285 522 3367 b,
546 3293 579 3351 te
603 3285 644 3351 ad
668 3286 738 3351 eius
753 3286 926 3370 personale
943 3285 1132 3350 servitium⁰
1149 3286 1324 3364 contulisti,
1341 3292 1407 3349 tarn
1426 3286 1490 3350 cito
1506 3306 1658 3370 magnam
1680 3285 1808 3349 iaciens
1831 3303 1907 3347 oon·

262 3389 371 3454 vocari
394 3389 562 3471 militiam,
593 3411 653 3476 per
676 3410 773 3474 quarn
803 3396 837 3453 et
860 3409 960 3453 causa
981 3388 1045 3453 Dei
1067 3389 1202 3475 provehi
1226 3397 1259 3453 et
1282 3389 1385 3453 honor
1408 3394 1522 3474 posset
1544 3388 1684 3453 ecclesie
1708 3387 1907 3452 conservari.

263 3490 346 3557 (ium
368 3499 489 3572 autem,
512 3492 558 3556 fili
577 3491 816 3557 benedictionis
840 3499 873 3556 et
896 3493 1012 3577 gratie,
1036 3492 1096 3556 tibi
1119 3513 1161 3556 ex
1184 3492 1246 3556 hoc
1261 3493 1432 3577 proveniat
1446 3500 1656 3577 augmentum
1673 3491 1753 3555 clari
1768 3490 1909 3555 nominis

264 3602 298 3660 ct
326 3594 412 3680 apud
443 3594 504 3659 celi
531 3615 643 3679 regem
671 3596 837 3680 aquiratur
863 3596 1015 3661 meritum
1044 3602 1201 3682 perpetue
1231 3596 1405 3674 claritatis,
1435 3595 1576 3661 ecclesia
1604 3595 1837 3660 nichilominus
1868 3592 1909 3657 ad

264 3697 327 3762 hoc
349 3702 501 3763 manente
525 3698 679 3778 sollicita,
709 3706 745 3762 ut
768 3705 799 3762 te
823 3719 953 3784 semper
975 3720 1013 3763 ac
1037 3706 1111 3763 tuos
1132 3706 1348 3784 prosequatur
1370 3698 1592 3764 benivolentia
1613 3698 1768 3784 gratiosa,
1792 3696 1910 3762 nobili·

264 3807 365 3866 tatem
388 3807 477 3865 tuam
499 3801 611 3866 intimo
634 3822 785 3887 rogamus
808 3802 939 3882 affectu,
957 3802 991 3867 in
1015 3802 1241 3867 remissionem
1263 3801 1489 3887 peccaminum
1511 3801 1732 3886 iniungentem,
1755 3801 1911 3886 quatinus

264 3904 397 3969 firmans
432 3906 575 3970 animum
608 3905 649 3970 ad
675 3907 721 3992 pii
751 3907 1032 3972 conservationem
1060 3907 1231 3993 propositi,
1261 3905 1347 3990 quod
1375 3906 1536 3992 inspirare
1564 3904 1624 3969 tibi
1651 3903 1760 3969 divine
1788 3903 1912 3989 placuit

264 4009 396 4095 pietati,
424 4009 456 4073 in
486 4010 548 4074 hoc
571 4030 629 4096 pro
653 4010 716 4076 Dei
738 4011 843 4096 gloria
866 4012 908 4076 sis
933 4017 1002 4076 tots
1024 4017 1132 4076 mente
1157 4011 1331 4090 sollicitus,
1354 4017 1391 4074 ut
1414 4009 1657 4094 contempnenti
1680 4014 1715 4073 et
1737 4006 1911 4072 ecclesiam

266 4113 476 4199 persequenti
506 4115 552 4178 sic
574 4114 711 4178 viriliter
733 4115 843 4179 resisti
866 4117 988 4196 valeat,
1018 4113 1105 4201 quod
1133 4113 1353 4179 verecundum
1381 4119 1415 4178 et
1442 4112 1657 4199 dampnosum
1688 4109 1751 4176 sibi
1780 4115 1913 4197 reputet

267 4216 450 4282 ostendisse
473 4217 619 4303 populis,
643 4217 728 4302 quod
752 4218 975 4283 ecclesiastice
1000 4226 1121 4284 statum
1145 4219 1227 4282 velit
1250 4223 1400 4283 evertere
1424 4215 1592 4280 libertatis.
1638 4212 1812 4293 Ceterum,
1835 4214 1913 4300 qnia

267 4320 313 4384 sio
336 4320 430 4384 nobis
458 4321 607 4406 cupimus
637 4319 792 4385 advenire
823 4320 1020 4402 subsidium,
1048 4320 1134 4407 quod
1167 4321 1209 4384 sit
1232 4321 1302 4384 sine
1326 4318 1504 4405 prestantis
1528 4317 1674 4383 subsidio
1697 4317 1913 4397 fructuosum,

267 4425 431 4504 volumus,
463 4424 548 4510 quod
578 4432 611 4490 te
643 4425 684 4489 ad
715 4427 779 4491 iter
808 4447 868 4512 pro
897 4425 1087 4491 defensione
1116 4424 1221 4511 ipsius
1250 4421 1390 4486 ecclesie
1419 4442 1482 4485 non
1506 4423 1656 4507 accingas
1683 4442 1746 4486 neo
1769 4421 1912 4506 aliquem

267 4528 379 4592 mittas
403 4529 594 4610 exercitum,
611 4550 779 4615 quousque
801 4528 889 4595 sedis
906 4528 1087 4615 apostolice
1109 4535 1219 4593 sotum
1244 4525 1410 4610 intelligas
1433 4546 1492 4611 per
1514 4530 1658 4589 nostrum
1681 4525 1831 4589 nuntium
1855 4545 1915 4590 ssu

267 4632 392 4697 litteras
416 4633 586 4719 speciales.

375 4752 451 4820 Dat.
475 4761 641 4841 utsupra.

375 4873 413 4938 In
437 4873 574 4939 eundem
599 4873 728 4939 modum
752 4923 784 4939 ..
808 4874 917 4938 comiti
940 4872 1158 4938 Pictavensi².

377 4978 416 5044 In
441 4977 580 5043 eundem
603 4978 735 5044 modum
759 5027 792 5043 ..
817 4977 928 5042 comiti
950 4975 1214 5062 Andagavensi³.

374 5205 399 5270 ⁸)
418 5205 466 5266 B.,·
484 5206 582 5273 grande
601 5205 669 5256 deest
687 5203 717 5254 P.
823 5201 849 5269 b)
868 5204 1189 5256 normannensis
1206 5204 1274 5255 deest
1291 5204 1319 5254 in
1338 5202 1369 5252 R.
1472 5202 1496 5265 ⁰)
1513 5201 1655 5252 subsidium
1673 5199 1705 5250 B.

374 5358 477 5425 nso
505 5358 689 5428 ruem
715 5357 967 5427 ammonas
992 5363 1015 5411 e
1040 5357 1125 5411 tasas
1147 5357 1209 5410 sss
1234 5326 1912 5422 cremonensemcmmm

272 5446 443 5502 Friderienns
466 5445 604 5514 quanm
620 5446 802 5514 insperatam
828 5445 946 5514 arrepsit,
970 5443 1104 5499 sommas
1129 5459 1210 5512 repon
1231 5441 1368 5496 Feceniae
1390 5457 1518 5510 mnas
1535 5440 1674 5494 mitam
1689 5454 1847 5505 concam,
1864 5453 1913 5506 quo

269 5532 747 5688 gfflmngmraeaw
764 5529 956 5588 asenna
973 5531 1150 5600 enimam
1168 5528 1624 5602 emmeramensem.
1642 5524 1911 5596 indiffusam
