4328 6232
208 1262 216 1295 t

814 338 1014 394 celerante
1032 338 1222 395 SELEGTAE.
1259 341 1335 395 1246.

1035 688 1123 764 205.

354 807 573 900 Ismenis
594 831 653 898 rr
665 851 756 916 papa
783 830 943 896 univesa
972 831 1214 916 archiepiscopis
1240 837 1270 896 a
1290 831 1368 896 ariis
1392 831 1553 915 ,amians
1578 831 1748 898 smoniae
1772 831 1906 896 maini

254 940 283 999 ut
303 935 530 1022 [Philippum]
556 936 683 1002 electam
710 934 966 1011 Ferraiiensem,
995 935 1047 998 cui
1073 935 1109 998 in
1133 934 1283 1019 partibas
1311 954 1417 998 emnem
1435 935 1549 1017 plectae
1578 934 1744 1018 legationis
1764 935 1906 1020 officium

253 1040 446 1118 conrniiserit,
468 1040 599 1123 mniqne
620 1039 776 1123 recipiant
797 1042 827 1103 et
848 1037 916 1101 eins
937 1037 1098 1102 nmndotis
1120 1037 1298 1104 intendant.
1589 1040 1682 1117 1246,
1706 1039 1770 1105 Int.
1788 1040 1817 1103 5.

354 1158 419 1213 Inn.
432 1158 481 1213 IV
495 1158 558 1228 Ray.
575 1158 666 1226 Vott
684 1166 746 1225 417;
762 1157 822 1211 Lib.
838 1157 889 1225 IV,
907 1174 964 1212 crin.
976 1165 999 1211 9.

353 1244 533 1315 aequasse
1004 1281 1006 1283 -

328 1458 564 1534 Universis
591 1458 942 1549 archiepiscopis
970 1463 1010 1531 et
1038 1479 1191 1531 eorum
1219 1456 1539 1548 suffraganeiS,
1568 1459 1827 1547 abbatibus

255 1581 494 1672 prioribus,
525 1580 725 1668 decaniS,
761 1577 1105 1666 archidiaconis,
1135 1577 1396 1669 prepositis
1429 1577 1838 1670 archipresbyteris
1866 1585 1907 1653 et

255 1701 357 1775 aliis
396 1701 699 1776 ecclesiarum
739 1698 952 1792 prelatis,
993 1704 1082 1773 tam
1119 1697 1343 1789 exemptis
1376 1718 1508 1789 quam
1544 1718 1634 1771 non
1668 1700 1905 1792 exemptis

725 1841 803 1913 per
829 1820 1123 1921 Theotoniam
1151 1818 1426 1893 constitutis

363 1986 452 2052 Oura
474 1987 570 2052 nobis
593 1988 790 2052 commissaa
817 1988 957 2054 ecclesie
981 1988 1157 2073 generalis,
1186 1987 1360 2073 potestatis
1385 1985 1610 2052 ecclesiastice
1633 1986 1803 2072 plenitudo
1827 2008 1905 2053 eon·

254 2111 353 2169 mssa,
377 2111 433 2156 eor
447 2097 597 2155 nostrum
614 2093 771 2156 continua
787 2091 897 2179 pulsat
913 2092 1078 2170 instantia,
1104 2091 1189 2176 iugis
1204 2111 1264 2155 nos
1283 2088 1468 2177 [stimulis]b
1486 2091 1695 2174 cogitationis
1713 2092 1846 2169 excitat,
1870 2099 1906 2156 ut

253 2196 282 2259 in
297 2216 414 2260 omnes
432 2194 556 2260 Christi
578 2194 704 2275 fideles,
729 2196 895 2281 proximos
912 2202 946 2260 et
963 2202 1115 2273 remotos,
1139 2194 1331 2259 attentionis
1354 2192 1535 2277 dirigentes
1553 2193 1675 2271 oculos,
1700 2193 1741 2258 ad
1759 2195 1905 2279 singulos

254 2298 522 2364 considerationis
536 2299 640 2363 aciem
658 2298 889 2373 extendentes,
911 2298 1140 2363 sollicitudinis
1157 2297 1306 2363 debitum
1323 2297 1410 2361 circa
1426 2316 1494 2373 eos,
1511 2295 1664 2379 quamdiu
1680 2297 1739 2360 sub
1756 2297 1906 2383 imposito

253 2400 395 2465 humeris
420 2402 540 2466 nostris
564 2402 744 2488 apostolice
768 2403 844 2487 iugo
861 2403 1000 2467 vivimus
1026 2402 1203 2479 servitutis,
1228 2404 1324 2486 prout
1347 2400 1493 2484 ipsorum
1517 2398 1616 2462 saluti
1640 2399 1786 2485 expedit,
1811 2402 1904 2466 exol-

208 2533 216 2565 :¹
253 2524 376 2569 ramus.
414 2504 539 2570 Verum
557 2505 634 2570 dum
656 2506 704 2570 sic
725 2527 784 2571 nos
800 2506 962 2570 universis
979 2503 1144 2570 debitores
1161 2501 1357 2581 accedimus,
1380 2501 1457 2566 dum
1472 2521 1532 2565 nos
1549 2510 1739 2568 cunctorum
1755 2505 1906 2589 regimini

253 2627 324 2673 esse
349 2610 535 2695 prepositos
560 2609 750 2694 cogitamus,
774 2609 961 2673 vehementi
978 2629 1041 2672 non
1059 2608 1210 2671 inmerito
1227 2607 1344 2669 timore
1361 2612 1523 2670 terremur
1546 2611 1580 2670 et
1604 2606 1721 2691 grandi
1743 2609 1907 2693 quatimur

252 2732 314 2776 non
346 2712 420 2777 sine
453 2713 577 2777 rohone
606 2720 764 2789 tremore,
800 2734 841 2777 ne
875 2713 981 2776 minus
1014 2710 1216 2775 sufficienter
1245 2715 1435 2794 susceptum
1471 2710 1673 2794 apostolatus
1710 2710 1905 2797 impleamus

253 2816 405 2896 officium,
429 2837 471 2880 nc
496 2816 583 2880 circa
607 2816 723 2881 crediti
739 2817 833 2881 nobis
849 2815 1013 2879 Dominici
1029 2814 1139 2898 gregis
1162 2834 1272 2876 curam
1288 2811 1412 2897 aliquid
1430 2834 1472 2876 cx
1488 2814 1691 2898 negligentia
1707 2816 1905 2895 omittamus,

252 2920 393 2984 maxime
411 2940 484 2982 cum
500 2920 600 2982 simus
617 2920 815 3005 impotentes
834 2941 877 2984 cx
893 2918 987 2983 nobis
1004 2916 1045 2981 ad
1061 2916 1230 2981 ferendam
1247 2921 1338 2979 tante
1355 2915 1482 2980 sarcina
1499 2917 1705 3000 gravitatem,
1730 2924 1764 2983 et
1779 2920 1905 2989 ovibus,

200 3050 216 3084 s·
252 3022 292 3087 ad
307 3043 447 3107 quarum
464 3042 576 3085 sumus
592 3021 742 3108 deputati
759 3021 948 3099 custodiam,
973 3040 1175 3104 nequeamus
1191 3040 1250 3104 pro
1267 3018 1457 3083 diversitate
1475 3020 1618 3083 locorum
1634 3021 1729 3085 simul
1745 3023 1906 3108 corporali

252 3125 421 3211 presentia
443 3125 624 3190 imminere.
670 3124 783 3202 Porro,
806 3126 882 3208 quia
905 3124 938 3188 id
961 3124 1102 3187 humano
1127 3122 1270 3186 conditio
1293 3128 1408 3186 nature
1432 3143 1497 3186 non
1520 3124 1652 3208 patitur,
1676 3132 1712 3187 ut
1735 3124 1811 3189 dum
1835 3125 1906 3210 quis

253 3250 314 3292 nno
338 3228 628 3314 comprehenditur
650 3227 734 3307 loco,
758 3227 821 3290 alio
845 3227 966 3312 pariter
989 3226 1148 3310 capiatur,
1173 3225 1293 3289 iustam
1310 3247 1353 3289 cx
1375 3225 1438 3288 hoc
1464 3227 1711 3291 excusationem
1733 3228 1905 3310 habentes,

252 3332 416 3398 interdum
440 3332 527 3396 viros
549 3329 703 3417 providos
727 3336 761 3394 et
784 3329 959 3408 discretos,
992 3350 1066 3392 cum
1090 3349 1170 3412 erga
1201 3328 1358 3392 ecclesias
1387 3348 1448 3391 nos
1479 3349 1553 3392 csse
1581 3330 1722 3395 intentos
1754 3338 1905 3417 oporteat

253 3437 419 3500 universas
444 3442 478 3500 et
500 3455 565 3498 uno
590 3432 771 3519 eodemque
795 3438 943 3518 tempore
973 3431 1091 3496 adesse
1122 3431 1367 3518 presentialiter
1391 3431 1529 3515 singulis
1560 3453 1625 3497 non
1653 3435 1831 3520 possimus,
1862 3457 1904 3501 ne

210 3561 218 3593 ἰ
254 3546 485 3626 postponamus
508 3537 678 3616 absentes,
707 3536 740 3600 in
764 3541 890 3622 partem
916 3533 1145 3600 sollicitudinis
1170 3555 1359 3613 evocamus,
1389 3535 1539 3599 instructi
1563 3535 1633 3600 cius
1658 3538 1828 3625 exemplo,
1852 3539 1905 3624 qui

255 3639 292 3706 de
315 3641 460 3707 celorum
484 3661 560 3706 arce
583 3639 625 3705 ad
648 3641 714 3704 ima
737 3638 848 3703 mundi
873 3660 931 3724 pro
955 3639 1086 3724 generis
1102 3639 1235 3703 humani
1258 3638 1364 3702 salute
1381 3637 1599 3720 descendens,
1623 3639 1800 3728 discipulos
1824 3663 1906 3728 quos

256 3746 354 3831 elegit
376 3746 466 3810 misit
489 3746 522 3810 in
545 3744 702 3810 mundum
727 3743 932 3829 evangelium
955 3742 1139 3830 predicare.
1183 3743 1235 3806 Dc
1258 3748 1369 3807 vestra
1401 3743 1512 3828 itaque
1543 3743 1649 3809 salute
1673 3753 1810 3830 patema
1832 3746 1906 3811 dili-

256 3850 363 3932 gentia
386 3849 583 3934 cogitantes,
614 3849 734 3914 dilecto
758 3848 824 3912 filio
849 3897 856 3912 .
881 3896 888 3911 .
913 3848 1019 3912 electo
1042 3846 1261 3924 Ferrariensi,
1292 3847 1361 3910 viro
1392 3846 1576 3913 litterarum
1608 3849 1746 3914 scientia
1777 3850 1907 3936 predita

258 3958 288 4015 et
313 3973 443 4017 morum
465 3952 639 4017 honestate
671 3951 790 4017 decoro
819 3972 858 4015 ac
888 3951 921 4014 in
953 3951 1097 4015 consiliis
1130 3951 1378 4035 circumspecto,
1413 3952 1573 4017 catholice
1603 3952 1679 4017 fidei
1712 3955 1847 4019 zelatori
1875 3962 1909 4020 et

218 4078 222 4103 ·
258 4055 489 4142 propugnatori
512 4062 627 4120 contra
648 4056 911 4120 machinamenta
934 4053 1095 4118 libertatis
1120 4053 1345 4118 ecclesiastice
1369 4054 1548 4133 indefesso,
1578 4056 1672 4120 nobis
1696 4064 1730 4121 et
1752 4057 1907 4122 fratribus

258 4158 371 4222 nostris
400 4165 538 4243 accepto
568 4178 627 4224 sue
657 4159 774 4223 merito
807 4158 995 4244 probitatis,
1031 4159 1129 4244 plene
1163 4158 1338 4242 legationis
1368 4158 1510 4223 officium
1541 4159 1573 4222 in
1605 4160 1721 4223 vestris
1757 4161 1907 4246 partibus

258 4259 403 4326 duximus
418 4260 698 4342 committendum,
716 4282 875 4326 concessa
892 4261 953 4325 sibi
970 4268 1033 4326 etc.
1050 4266 1086 4325 ut
1102 4270 1218 4346 supra⁰
1236 4281 1354 4345 usquc:
1379 4261 1546 4347 expedire.
1570 4259 1655 4333 Quia
1671 4283 1749 4328 vero
1766 4264 1908 4328 electum

258 4363 358 4449 ipsum
394 4365 605 4450 prerogativa
640 4365 744 4449 gratie
780 4366 1007 4451 prosequimur
1038 4371 1072 4429 ct
1100 4364 1237 4444 favoris,
1272 4363 1519 4428 universitatem
1552 4370 1696 4429 vestram
1725 4387 1906 4433 monemus.

259 4486 405 4552 rogamus
428 4473 462 4531 et
484 4466 655 4532 hortamur
677 4474 813 4548 attente,
842 4468 1037 4534 mandantes
1062 4468 1216 4552 quatinus
1240 4488 1314 4532 enm
1330 4468 1414 4531 sicut
1435 4467 1580 4551 legatum
1606 4470 1783 4554 apostolice
1807 4470 1907 4542 sedis,

208 4584 224 4619 ²⁵
260 4570 350 4636 immo
375 4571 484 4658 potius
508 4592 569 4635 nos
594 4571 627 4635 in
649 4573 730 4658 ipso,
752 4572 894 4658 benigne
918 4573 1116 4659 recipientes
1139 4579 1172 4636 et
1194 4571 1372 4636 honorifice
1402 4577 1658 4656 pertractantes,
1689 4573 1908 4659 impendendo

208 5151 224 5186 tn

259 4674 284 4737 ci
305 4675 498 4755 eonsilium,
527 4675 686 4740 auxilium
714 4682 748 4740 et
776 4675 939 4756 favorem,
968 4676 1072 4762 ipsius
1100 4675 1232 4739 monitis
1261 4680 1295 4739 ct
1323 4673 1485 4739 mandatis
1515 4676 1702 4741 salubribus
1726 4676 1845 4743 devote
1868 4699 1907 4742 ac

260 4774 419 4843 humiliter
445 4777 636 4844 intendatis.
689 4778 845 4865 Alioquin
879 4781 1092 4860 sententiam,
1124 4800 1221 4864 quam
1252 4777 1339 4844 idem
1368 4778 1429 4843 rite
1459 4780 1569 4845 tulerit
1597 4781 1629 4844 in
1658 4780 1815 4861 rebelles,
1845 4786 1907 4846 etc.

260 4898 371 4966 usqne:
396 4880 577 4948 observari.

360 5000 440 5066 Dat.
462 5008 499 5068 ut
521 5024 632 5090 snpra.

361 5122 402 5187 In
417 5122 556 5188 eundem
572 5122 704 5187 modum
720 5126 884 5192 universis
901 5127 1116 5213 principibus,
1140 5127 1324 5208 comitibus,
1347 5125 1535 5208 baronibus,
1559 5127 1746 5192 castellanis
1770 5128 1908 5215 aliisque

260 5223 429 5307 nobilibus,
453 5226 647 5309 rectoribus,
671 5229 801 5293 ballivis
825 5237 859 5294 et
883 5232 1000 5295 ceteris
1024 5229 1148 5295 Christi
1171 5230 1323 5295 fidelibus
1346 5251 1405 5317 per
1427 5230 1643 5296 Theotoniam
1669 5234 1865 5300 constitutis.

355 5402 506 5409 —a---—-—
517 5402 565 5410 .....
771 5405 823 5412 —.
1671 5410 1675 5415 ¹
1732 5410 1744 5416 -
1753 5410 1757 5415 ¹

356 5522 381 5581 'l
399 5519 447 5573 Ji.-
463 5522 598 5573 eemmisse
612 5522 643 5573 P.
715 5522 739 5587 ι’)
757 5526 869 5576 stimulis
887 5526 954 5576 (leem
972 5526 1018 5585 n.‚·
1036 5527 1072 5576 ita
1092 5525 1124 5575 B.
1143 5527 1255 5576 rescierit.
1326 5528 1349 5585 ⁰)
1367 5524 1421 5574 scil.
1440 5525 1465 5573 iu
1483 5543 1508 5574 rr.
1524 5528 1581 5576 203.
