4784 6334
862 399 1267 463 membressitanum.
1304 405 1379 464 1248.

1078 708 1165 784 519.

402 817 619 912 Innocentius
639 848 665 913 Ι
667 847 699 912 V
701 868 792 934 papa
813 848 838 933 [
836 847 998 934 Cmrodo]
1025 848 1253 932 archiepiscopo
1282 849 1461 917 Coloniensi
1492 851 1535 916 ad
1558 871 1667 934 proces
1688 851 1796 934 Adolfi
1823 851 1943 916 comitis

297 951 335 1015 dc
359 950 487 1030 Monte,
509 951 624 1016 sororii
645 953 725 1030 eins,
748 951 895 1030 mandat,
917 955 953 1016 nt
974 952 1159 1035 nrapistrnm
1183 952 1353 1020 Gorlocnm
1374 955 1559 1020 canonicam
1582 954 1864 1038 Osrmbnrpcnscm,
1886 954 1943 1036 qni

293 1059 424 1136 propter
445 1055 558 1120 merita
584 1076 645 1121 scca
670 1060 701 1120 ct
727 1055 915 1122 meconem
936 1056 1236 1140 consanguineorum
1261 1076 1389 1124 suornm
1415 1059 1522 1142 pratia
1543 1059 1658 1143 dignas
1679 1060 1733 1138 sit,
1759 1059 1795 1122 in
1816 1057 1943 1122 emlcsm

297 1159 512 1224 Friclaricnei
532 1161 569 1223 in
591 1159 774 1224 canonicam
794 1159 894 1244 recipi
910 1157 1026 1243 faciat.
1559 1165 1652 1242 1248,
1674 1161 1777 1228 Mart.
1800 1165 1854 1226 23.

232 1299 244 1337 s
400 1278 463 1419 ἔτη.
482 1277 533 1332 IV
547 1277 609 1348 Ray.
635 1278 690 1333 Vol.
709 1277 889 1348 I,515,·1nb.
908 1277 1012 1345 Kato.
1047 1278 1201 1348 Epictctcm
1216 1295 1249 1334 cc
1268 1279 1386 1351 Raeto
1402 1281 1541 1351 descripsit
1558 1281 1589 1336 V.
1609 1281 1649 1336 Οἱ.
1668 1283 1698 1336 0.
1715 1281 1747 1336 dc
1765 1281 1857 1336 Fata.

427 1379 498 1433 crpcr
514 1370 587 1420 3734.
1203 1387 1207 1398 ·

761 1529 771 1551 .
800 1531 809 1550 .
836 1475 1178 1569 archiepiscopo
1205 1475 1477 1554 Coloniensi.

292 1687 296 1695 .
399 1625 464 1690 Per
496 1624 605 1691 studia
637 1623 807 1690 laudabilis
842 1625 1099 1691 conversationis
1131 1632 1165 1692 et
1200 1627 1266 1691 vite
1302 1625 1442 1693 dilectus
1475 1629 1560 1693 filius
1595 1629 1753 1715 magister
1781 1628 1940 1695 Gerlacus

300 1729 476 1794 canonicus
500 1729 766 1815 osnaburgensis
790 1751 826 1794 se
849 1729 983 1816 dignum
1006 1729 1145 1797 reddere
1161 1729 1288 1812 dicitur,
1312 1739 1348 1796 ut
1370 1753 1391 1796 a
1412 1731 1617 1818 benignitate
1641 1732 1728 1798 sedis
1750 1735 1941 1819 apostolice,

223 1868 249 1906 ro
300 1833 511 1899 benemeritis
534 1834 688 1898 affectum
711 1833 868 1899 exhibere
889 1833 1077 1898 benivolum
1107 1832 1319 1916 delectantis,
1351 1836 1527 1922 specialem
1551 1837 1690 1922 gratiam
1714 1843 1942 1922 consequatur.

297 1937 385 2002 Hinc
410 1945 470 2018 est,
493 1936 580 2022 quod
602 1947 674 2018 nos’,
696 1936 817 2001 intuitu
839 1936 1025 2002 meritorum
1049 1936 1235 2002 huiusmodi
1258 1944 1291 2002 et
1306 1943 1442 2027 optentu
1458 1941 1776 2025 consanguineorum
1799 1961 1942 2022 suorum,

297 2049 394 2127 prout
427 2041 613 2126 accepimus
646 2060 840 2127 promovere
874 2039 1074 2105 studentium
1109 2042 1291 2127 apostolice
1327 2043 1416 2107 sedis
1452 2041 1625 2125 honorem,
1658 2063 1696 2109 ac
1730 2043 1830 2108 etiam
1863 2065 1941 2108 con-

296 2145 510 2231 templatione
534 2144 645 2208 dilecti
667 2143 726 2208 filii
748 2143 868 2208 nobilis
883 2143 943 2208 viri
959 2141 1069 2208 Adclfi
1092 2145 1219 2209 comitis
1241 2144 1282 2210 de
1304 2144 1428 2226 Monte,
1452 2147 1565 2212 sororii
1588 2147 1637 2212 tui
1646 2149 1668 2228 ¹,
1692 2148 1748 2232 qui
1769 2169 1829 2234 pro
1852 2147 1940 2212 dicto

297 2248 465 2334 magistro,
488 2247 607 2312 devoto
630 2269 699 2329 suc,
723 2248 918 2312 affectuosas
939 2268 1054 2332 preces
1078 2248 1173 2313 nobis
1190 2249 1309 2314 direxit
1331 2270 1389 2336 per
1404 2251 1530 2317 litteras
1548 2251 1719 2338 speciales,
1740 2251 1942 2336 mandamus,

299 2353 450 2438 quatinus
488 2353 597 2438 ipsum
635 2353 669 2416 in
713 2351 852 2416 ecclesia
885 2351 1094 2417 Frialariensi
1126 2351 1317 2438 Magantine
1357 2354 1498 2420 diocesis
1532 2355 1727 2420 auctoritate
1761 2361 1872 2420 nostra
1908 2356 1941 2420 in

296 2457 489 2522 canonicum
522 2461 555 2520 et
586 2455 722 2520 fratrem
756 2455 859 2541 recipi
891 2475 929 2520 ac
963 2455 1004 2520 de
1036 2455 1220 2542 prebenda,
1245 2457 1429 2542 quamcito
1457 2479 1493 2522 sc
1522 2458 1660 2524 facultas
1684 2457 1853 2543 obtulerit,
1877 2460 1940 2525 sibi

298 2561 492 2626 auctoritate
526 2564 638 2624 nostra
670 2557 844 2645 provideas
876 2561 929 2624 rel
962 2559 1064 2624 facias
1099 2559 1262 2646 provideri
1291 2599 1333 2609 —
1360 2582 1426 2626 non
1456 2561 1608 2627 obstante
1640 2561 1669 2626 si
1703 2562 1844 2627 ecclesie
1870 2564 1941 2649 ipsa

297 2669 421 2728 certum
451 2663 572 2729 babeat
601 2662 829 2727 canonicorum
859 2683 1045 2743 numerum,
1076 2662 1259 2728 iuramento
1291 2683 1349 2728 seu
1372 2685 1576 2750 quacumque
1598 2664 1752 2729 firmitate
1774 2666 1941 2746 vallatum,

297 2767 367 2832 sive
393 2768 536 2853 aliquem
562 2765 814 2850 indulgentiam,
841 2763 882 2830 de
913 2786 977 2850 qua
998 2765 1129 2851 plenam
1156 2772 1213 2831 aut
1235 2763 1428 2853 expressam
1450 2767 1483 2832 in
1505 2768 1623 2834 litteris
1646 2768 1767 2834 nostris
1791 2774 1941 2855 oporteat

298 2871 370 2936 fieri
391 2871 599 2950 mentionem,
623 2870 691 2934 sive
714 2891 773 2957 pro
797 2869 869 2934 aliis
891 2870 925 2935 in
948 2870 1063 2935 eadem
1086 2870 1225 2935 ecclesia
1248 2871 1370 2958 scripta
1393 2877 1504 2936 nostra
1522 2871 1713 2955 direximus,
1737 2872 1855 2957 quibus
1879 2879 1942 2940 etc.

296 2996 415 3059 usque:
438 2975 589 3060 generari
611 2997 668 3050 -;
693 2973 949 3039 contradictores
972 2981 1035 3039 etc.

398 3094 477 3161 Dat.
501 3095 663 3181 Lugduni,
686 3096 719 3161 X
739 3095 815 3161 Kal.
838 3096 974 3182 Aprilis,
998 3117 1084 3162 anno
1100 3096 1158 3161 V0.

913 3357 1323 3366 ——u———u-

1077 3603 1163 3678 520.

401 3718 621 3811 Innocentius
646 3744 671 3809 Ι
674 3743 704 3810 V
723 3765 813 3826 papa
842 3745 1000 3830 [Honrico
1022 3745 1102 3830 111]
1124 3745 1262 3829 episcopo
1286 3745 1513 3829 Argentincna‘
1544 3744 1667 3825 scibit,
1698 3766 1731 3811 sc
1763 3746 1792 3810 ci
1818 3745 1943 3828 pn'dcm

296 3850 490 3927 commisisse,
512 3853 548 3912 nl
569 3849 599 3912 si
619 3848 699 3913 cives
713 3848 913 3914 Basilienscs
934 3849 978 3912 ad
997 3847 1183 3913 mandatnm
1203 3849 1346 3914 ecclcsiae
1368 3853 1397 3913 ct
1410 3849 1613 3935 [Wilbelmi]
1626 3850 1709 3932 repis
1727 3848 1943 3914 Romanorum

297 3954 401 4020 redire
433 3954 545 4033 nolint,
576 3953 635 4031 eis,
668 3951 821 4034 quamdin
853 3951 1079 4038 [Lintboldne]
1109 3953 1272 4036 cpc‘sccpns
1301 3952 1497 4018 Basilicnsis
1532 3954 1684 4034 impotens
1715 3954 1764 4018 acl
1794 3954 1943 4018 remissus

295 4058 407 4140 faerit,
440 4055 682 4142 Bprmolcom]
709 4055 924 4136 praepositam
956 4055 1252 4122 Grandioatlensom
1285 4055 1474 4138 defensorem
1506 4059 1536 4120 ct
1566 4057 1764 4137 capitaneum
1791 4055 1943 4134 mnccdat,

296 4160 351 4225 sed
382 4180 560 4242 nunqnam,
593 4162 628 4222 nt
659 4158 741 4223 mom
769 4157 930 4223 condiatur
953 4157 1089 4241 episcopi
1116 4159 1190 4239 fiat,
1218 4158 1404 4224 intentionis
1430 4178 1506 4224 snae
1531 4158 1650 4241 fnisse,
1679 4158 1811 4224 mandat
1838 4159 1880 4237 ei,
1907 4161 1944 4222 nt

295 4265 483 4345 episcopam,
505 4263 535 4326 si
561 4259 725 4346 castrans
753 4259 920 4340 habeatnr,
947 4261 984 4324 dc
1005 4261 1137 4344 nogotiis
1162 4261 1230 4325 sais
1252 4262 1346 4326 libore
1368 4261 1530 4344 disponere
1552 4265 1581 4327 ct
1603 4261 1721 4326 cioibns
1743 4262 1942 4342 capitaneum

302 4371 331 4432 ct
352 4366 545 4454 defensorem
567 4384 631 4431 csso
647 4363 822 4446 permittat.
883 4359 885 4362 ’
1562 4367 1657 4444 1248,
1679 4363 1781 4429 Mart.
1803 4367 1855 4428 24.

401 4482 1069 4554 1nn.1V1co9.Va.1,ors-aeo;1co.t⁷,ne
1107 4483 1207 4538 Pertn'i
1226 4483 1357 4552 ccanplor
1377 4483 1536 4537 mmnlirnm
1557 4499 1618 4538 acm
1642 4483 1792 4551 Mccrman,
1812 4481 1941 4537 (lactent.

295 4589 350 4627 oon
368 4573 471 4629 Wltlem
488 4591 542 4627 oon
559 4570 681 4626 Helland
698 4577 717 4625 t.
735 4571 765 4638 V,
779 4587 808 4640 p.
827 4578 870 4639 40,
886 4588 915 4624 n.
933 4575 976 4625 38.

400 4659 529 4730 Pottbast,
550 4657 615 4728 aa.
633 4658 937 4727 12874;Ber9cr3780.

794 4894 833 4913 ..
862 4821 1074 4931 episcopo
1100 4835 1439 4928 argentinensi.

400 4987 575 5055 Intellecta
598 4988 725 5075 pridem
748 4988 835 5073 qnod
858 4989 948 5055 cives
963 4987 1167 5054 Basilienses
1191 4987 1251 5052 sub
1275 4992 1363 5052 certe
1386 4987 1490 5053 forma
1512 4986 1619 5054 redire
1639 4988 1764 5053 vellent
1786 4985 1826 5052 ad
1849 5007 1941 5050 man-

298 5095 410 5160 datum
441 5094 583 5160 ecclesie
612 5100 645 5159 et
675 5093 834 5158 carissimi
861 5094 894 5158 in
926 5091 1057 5159 Christo
1085 5093 1143 5158 filii
1170 5093 1272 5158 nostri
1296 5141 1303 5156 .
1327 5144 1334 5159 .
1358 5093 1446 5178 regis
1468 5092 1689 5157 Romanorum
1711 5090 1860 5172 illustris,
1883 5087 1942 5152 tibi

297 5199 455 5263 direxisse
483 5197 620 5263 dicimur
652 5203 781 5262 nostras
808 5195 935 5262 litteras
957 5197 1129 5262 interulis
1152 5197 1371 5277 continentes,
1395 5203 1432 5261 ut
1462 5195 1616 5261 dilectum
1639 5195 1741 5260 filium
1762 5193 1802 5260 Β.
1825 5213 1941 5278 prepo-

298 5302 397 5368 situm
420 5297 750 5372 Grandivellensem²
773 5301 964 5365 canonicum
986 5299 1222 5384 Basiliensem,
1246 5299 1402 5385 quamdiu
1424 5299 1622 5365 venerabilis
1645 5299 1748 5364 trater
1770 5303 1881 5362 noster
1905 5344 1941 5362 ..

401 5526 428 5594 1)
452 5527 525 5581 Umor
541 5525 598 5578 eins
616 5525 777 5594 Margarita,
794 5523 852 5592 filia
869 5523 992 5578 Lotbarr'i
1010 5525 1042 5578 dc
1053 5524 1204 5592 Hoatodcn,
1222 5539 1298 5578 soror
1310 5523 1430 5578 Conradi
1447 5523 1632 5591 orcbr'cpisoopi
1648 5528 1710 5576 erat
1730 5552 1763 5561 —
1782 5520 1827 5575 Dc
1844 5519 1943 5584 Adolso

298 5613 430 5680 ctetiom
454 5611 524 5665 dnae
547 5611 653 5665 0111141113
672 5611 799 5666 Witlclmi
815 5612 885 5680 repis
903 5629 947 5680 ap.
966 5611 1206 5680 witmer-Fictor,
1225 5612 1241 5666 l.
1260 5627 1280 5664 c.
1299 5617 1366 5665 4912
1383 5615 1407 5664 ct
1424 5617 1488 5665 4913
1505 5615 1529 5664 ct
1546 5610 1578 5663 ab.
1598 5615 1670 5665 4932.
1790 5609 1819 5677 2)
1837 5606 1881 5661 De
1897 5605 1944 5660 boc

220 5713 246 5754 cc
298 5701 333 5768 cf.
349 5717 377 5754 n.
396 5703 445 5752 413
462 5702 487 5752 ct
505 5697 604 5765 Bere
620 5703 689 5752 3331.
