4328 6232
709 369 757 427 EX
776 371 994 431 lNNOCEN'I'lI
1013 373 1051 432 IV
1070 373 1250 433 atalarico

254 765 473 864 Innocentius
487 797 544 864 IV
559 819 648 879 papa
673 801 824 881 maeonis
852 805 881 864 et
907 803 985 867 aliis
1007 803 1179 885 mactate,
1205 804 1426 884 potestatibns}
1456 806 1597 871 consiliis
1624 813 1654 872 et
1678 811 1806 891 papatis

148 898 310 964 civitatem
331 907 360 966 ct
381 903 517 968 locnnm
537 902 670 968 dnonas
685 903 849 984 Spotctani
870 909 899 970 et
916 907 1105 986 patrimonii
1128 909 1160 970 in
1181 907 1296 972 Tuscia
1317 909 1457 987 mandat,
1480 914 1516 973 nt
1537 910 1805 996 archipresbytero

150 1001 306 1068 Pansino
335 1007 498 1086 capellano
527 1026 597 1085 sno,
633 1007 685 1071 cni
713 1011 822 1088 partes
849 1028 954 1074 eornm
981 1010 1017 1074 in
1045 1010 1266 1090 ¹spiritualibus
1296 1016 1325 1074 et
1355 1012 1577 1092 ternporatibns
1609 1015 1804 1096 mmneiserit,

149 1111 302 1188 tanquam
322 1111 436 1175 rectori
457 1129 513 1175 sno
534 1109 711 1176 intendant.
1032 1176 1034 1180 Α
1450 1117 1543 1194 1243,
1565 1117 1647 1199 Anp.
1662 1121 1714 1182 26.

253 1227 318 1282 Ina.
332 1228 382 1282 IV
396 1228 459 1297 Ray.
479 1229 533 1284 Vol.
546 1230 572 1298 1,
592 1237 635 1297 125
652 1229 713 1285 Ino.
727 1230 752 1297 I,
768 1238 807 1285 bb.

252 1315 352 1383 Berper
363 1323 400 1370 65.

388 1495 594 1591 Episcopisa
618 1497 830 1586 abhatibus
858 1497 1059 1589 prioribus
1087 1499 1251 1589 decania,
1278 1500 1560 1590 archidiaconia,

147 1616 481 1709 archipresbyteris
508 1624 545 1692 et
571 1618 652 1692 aliis
677 1619 917 1693 ecclesiarum
948 1620 1100 1711 prelatis
1126 1642 1169 1692 ac
1201 1620 1389 1694 nobilibus
1416 1621 1504 1694 viris
1538 1625 1801 1714 potestatibus

205 1738 369 1812 consiliis
396 1744 433 1813 et
459 1740 609 1832 populis
636 1739 825 1813 civitatum
854 1744 891 1813 et
916 1741 1086 1813 locorum
1113 1761 1181 1832 per
1207 1741 1390 1815 Ducatum
1418 1747 1455 1815 et
1481 1725 1755 1834 patrimonium

289 1861 388 1934 beati
415 1860 516 1934 Petri
541 1861 580 1933 in
606 1860 742 1935 Tuscia
770 1861 981 1935 constitutis
1008 1868 1202 1953 presentes
1229 1863 1370 1936 litteras
1395 1863 1619 1954 inspecturis
1633 1860 1657 1938 ¹.

255 2009 319 2075 Per
341 2032 399 2076 nos
423 2013 513 2099 ipsos
537 2011 578 2076 ad
602 2011 711 2076 omnia
735 2010 884 2076 sufficere
915 2017 1137 2095 nequeuntes,
1168 2011 1216 2076 eis
1241 2010 1403 2075 interdum
1426 2011 1536 2097 aliqua
1559 2013 1801 2098 committimus,

145 2113 186 2178 de
211 2134 349 2200 quorum
374 2121 511 2204 experta
534 2115 609 2195 fide,
634 2115 821 2180 sinceritate
845 2114 1029 2179 devotionis
1052 2121 1085 2179 et
1100 2113 1306 2178 discretionis
1323 2113 1483 2179 industria
1499 2116 1630 2202 plenam
1647 2117 1800 2183 fiduciam

146 2217 346 2286 obtinemus.
386 2220 468 2285 Cum
491 2222 592 2306 igitur
614 2219 734 2284 dilecto
758 2219 826 2282 filio
851 2267 884 2282 ..
908 2218 1191 2303 archipresbytero
1208 2218 1366 2282 Perusino
1390 2219 1560 2305 capellano
1583 2228 1706 2302 nostro,
1730 2223 1801 2288 viro

144 2321 255 2406 utique
286 2322 427 2388 discreto
457 2331 490 2388 et
517 2323 652 2409 provido
675 2344 713 2386 ac
736 2322 830 2386 nobis
855 2328 888 2386 et
910 2321 1064 2386 fratribus
1087 2322 1208 2386 nostris
1231 2327 1368 2407 accepto
1392 2344 1451 2386 sue
1475 2325 1591 2388 merito
1616 2326 1800 2410 probitatis,

145 2422 311 2489 Ducatum
343 2432 377 2490 et
405 2427 635 2512 patrimonium
667 2426 757 2491 beati
785 2424 875 2490 Petri
908 2426 940 2488 in
963 2424 1084 2490 Tuscia
1115 2426 1304 2491 duxerimus
1334 2427 1366 2489 iu
1399 2427 1623 2512 spiritualibus
1652 2436 1687 2494 et
1715 2441 1799 2495 tem·
1853 2456 1872 2494 ιε

144 2527 312 2612 poralibus
347 2529 629 2611 committendum,
666 2530 911 2594 universitatem
946 2537 1088 2593 vestram
1123 2550 1275 2614 rogamus
1305 2536 1338 2594 et
1368 2530 1537 2595 hortamur
1566 2538 1707 2612 attente,
1740 2555 1802 2620 per

144 2634 329 2719 apostolica
358 2634 451 2698 vobis
483 2635 604 2720 scripta
631 2634 842 2720 precipiendo
871 2633 1077 2713 mandantes,
1109 2635 1261 2719 quatinus
1292 2633 1449 2713 eundem,
1482 2636 1619 2700 eumad
1643 2657 1701 2702 vos
1725 2659 1800 2723 per-

144 2738 283 2817 venerit,
307 2759 366 2823 pro
390 2744 503 2802 nostra
527 2744 560 2803 et
583 2739 763 2824 apostolice
788 2737 875 2803 sedis
899 2739 1087 2803 reverentia
1107 2740 1204 2824 plene
1228 2737 1410 2807 allectionis
1428 2738 1534 2802 studio
1552 2746 1801 2825 prosequentes,

144 2840 175 2903 ei
207 2847 361 2925 tanquam
392 2841 512 2906 rectori
544 2848 654 2906 vestro
685 2862 785 2928 super
811 2842 888 2918 hiis,
920 2864 978 2928 per
1005 2862 1068 2927 que
1099 2842 1203 2906 honor
1230 2841 1368 2906 ecclesie
1399 2863 1438 2905 ac
1460 2847 1562 2905 status
1585 2844 1686 2907 vestri
1708 2848 1798 2908 trau-

143 2942 286 3028 quillitas
310 2943 483 3034 provenire
507 2943 632 3020 valeat,
656 2944 742 3008 sieut
765 2944 930 3008 efficacius
954 2944 1117 3030 poteritis,
1142 2945 1334 3024 intendatis,
1359 2945 1406 3008 ita
1428 2943 1514 3030 quod
1538 2945 1600 3009 sibi
1624 2947 1801 3011 commissa
1851 2976 1872 3016 a

142 3044 328 3111 sollicitudo
359 3053 504 3112 vertatur
533 3047 567 3111 in
594 3047 766 3131 gaudium,
798 3054 832 3111 et
859 3047 952 3112 favor
981 3049 1161 3135 apostolice
1186 3048 1290 3128 sedis,
1322 3048 1376 3134 qui
1399 3048 1467 3112 suis
1489 3051 1645 3136 precipue
1668 3049 1799 3115 devotis

142 3150 329 3236 acquiritur,
354 3151 447 3216 vobis
471 3172 546 3217 cum
569 3148 679 3216 divine
702 3150 940 3217 benedictionis
956 3153 1064 3237 gratia
1080 3151 1200 3237 iugiter
1214 3157 1384 3236 augeatur.
1418 3150 1573 3237 Alioquin
1589 3154 1798 3234 senteutiam,

140 3276 237 3341 quam
266 3256 336 3343 ipse
365 3257 428 3321 rite
457 3255 569 3320 tulerit
591 3255 621 3318 in
646 3253 803 3334 rebelles,
833 3260 938 3318 ratam
961 3254 1157 3320 habebimus
1181 3260 1214 3319 ct
1235 3254 1395 3319 faciemus
1425 3261 1558 3321 auctore
1581 3254 1723 3321 Domino
1748 3257 1798 3320 iu·

141 3358 342 3426 violabiliter
364 3359 542 3426 observari.

248 3478 325 3545 Dat.
348 3479 512 3567 Anagnia,
535 3479 603 3546 VII
626 3478 703 3545 Kal.
728 3477 898 3565 Septemb.
922 3498 1007 3542 anno
1030 3478 1057 3541 Ι.

759 3740 1170 3749 -----

941 3971 997 4044 13.

155 4167 160 4183 ,
244 4064 462 4161 Innocentius
476 4091 498 4159 1
505 4091 535 4158 V
547 4113 637 4175 papa
655 4095 846 4174 potestatem,
874 4093 1039 4157 consilinm
1060 4096 1090 4157 ct
1105 4092 1259 4175 papatem
1282 4092 1456 4158 Perusinos
1476 4091 1630 4170 bortatur,
1656 4096 1692 4156 nt
1711 4093 1794 4158 sient

133 4202 229 4263 anna
250 4198 392 4263 aetnae
411 4197 519 4279 fidem
537 4195 672 4283 fncrint,
701 4194 833 4282 afflictis
848 4196 1067 4262 Asisinatibns
1087 4198 1248 4263 ancilium
1269 4198 1452 4280 impendant
1474 4201 1503 4262 et
1531 4195 1793 4283 archipresbyteri

135 4302 288 4368 Perusini
309 4301 468 4383 mpeltani
488 4302 549 4379 sni,
570 4300 615 4366 ab
634 4301 719 4383 ipsos
740 4299 899 4379 destinati,
922 4301 1075 4366 mandata
1096 4301 1262 4383 ditipenter
1283 4305 1489 4383 eaeqnantnr.

1436 4405 1529 4482 1243,
1553 4405 1634 4486 Aac.
1648 4406 1701 4470 26.

239 4491 303 4546 Inn.
318 4491 368 4545 IV
382 4490 444 4560 Ray.
464 4490 556 4559 Votl,
575 4497 620 4557 12,·
638 4488 736 4559 Lol,
755 4497 795 4544 69.

238 4579 337 4647 Bayer
353 4585 395 4634 69.

220 4774 377 4848 Nobili
409 4775 514 4848 viro
619 4773 877 4865 potestati,
914 4773 1120 4846 consilio
1156 4779 1198 4846 et
1233 4773 1410 4866 populo
1442 4771 1701 4846 Perusinis,

242 4923 306 4989 Pra
330 4923 450 4988 ceteris
473 4923 546 4987 aliis
571 4923 712 4988 ecclesie
736 4923 885 4988 Romane
908 4922 1036 4988 devotis
1059 4922 1186 4987 famosa
1202 4930 1312 4988 vestra
1334 4923 1449 4986 civitas
1473 4943 1509 4986 se
1534 4922 1581 4986 illi
1599 4920 1789 5005 frequenter

132 5034 259 5112 gratam
290 5034 323 5093 et
351 5026 507 5115 placitam
539 5026 680 5091 reddidit
702 5027 844 5113 puritate
873 5024 966 5108 fidei,
995 5027 1176 5092 devotionis
1199 5028 1328 5092 fervore
1353 5031 1386 5091 et
1409 5025 1593 5090 constantie
1616 5024 1786 5099 firmitate;

131 5132 321 5216 producitur
344 5131 436 5195 vobis
460 5151 503 5195 ex
525 5130 588 5194 hiis
611 5131 764 5195 meritum
788 5132 976 5219 perempnis
997 5131 1110 5217 glorie,
1139 5132 1245 5196 laudis
1268 5131 1409 5196 humane
1435 5130 1622 5216 preconium
1644 5134 1678 5192 et
1699 5127 1786 5214 apud
1853 5163 1864 5200 5

131 5232 244 5300 sedem
275 5236 490 5322 apostolicam
520 5234 605 5300 aetio
633 5236 789 5301 eonhnua
818 5237 1005 5322 gratiarum.
1050 5234 1123 5300 Hee
1147 5236 1234 5300 euim
1257 5232 1431 5321 probitatis
1455 5254 1571 5318 opera,
1603 5231 1786 5316 exquibus

130 5339 218 5404 bona
233 5345 300 5405 tam
319 5340 424 5405 eleeto
439 5337 610 5427 prodeunt,
627 5346 789 5426 perpetua
803 5346 881 5405 suut
898 5339 1130 5426 prosecutione
1146 5337 1348 5423 dignissima,
1371 5358 1432 5401 nee
1449 5336 1573 5401 debent
1588 5335 1621 5399 in
1637 5334 1784 5401 adversis

130 5442 232 5506 minui
255 5443 307 5508 vel
331 5444 364 5508 iu
388 5443 553 5530 prosperis
576 5443 750 5508 occasione
773 5443 884 5528 aliqua
906 5440 1068 5523 intercidi,
1099 5460 1181 5506 cum*
1196 5441 1239 5506 sit
1261 5441 1466 5528 potissimum
1490 5437 1532 5504 ad
1552 5438 1684 5503 laudem
1707 5459 1784 5504 rere

232 5642 1574 5774 1)0t.n.rr.EpaotmaBanrcriacardinbliretartomesreproptern.18probabtteert
