4328 6232
200 123 263 188 308
756 115 804 172 EX
823 113 1041 173 INNOOEN'I'II
1058 111 1097 170 IV
1114 111 1295 172 ancardo

201 297 264 359 tate
279 294 447 376 probatam
469 292 610 370 madet,
633 295 669 355 at
682 290 788 377 fratri
802 291 942 356 Hearico
963 289 1000 354 de
1022 289 1132 355 ordine
1152 289 1328 371 Minorum,
1342 292 1448 373 nepoti
1465 291 1542 371 eius,
1557 292 1595 359 de
1615 293 1724 377 aliquo
1739 294 1854 376 aaa

195 401 278 481 pata
302 395 395 482 infra
417 396 582 479 lcpoticais
603 415 679 460 saw
698 398 780 478 fiaes
800 399 930 460 cacame
946 395 1120 479 prmadeat.
1490 399 1583 476 1247,
1604 397 1690 482 Aac.
1711 400 1766 464 24.

305 517 369 570 Ina.
382 516 430 569 IV
445 515 509 594 Ray.
527 515 767 584 Vct.I,4a5,·L1t,
787 515 888 584 V,149.
934 514 1033 569 Pertaii
1050 515 1183 583 coempta
1204 515 1366 569 σοπὶιιὶίπιυε
1392 531 1453 569 cum
1478 515 1592 570 &aedon
1618 517 1718 571 rmore
1744 517 1853 586 epistola

201 603 251 655 secl>
268 610 376 667 α.1246,
396 602 462 656 Dec.
475 609 505 656 16
522 603 598 656 electo
618 602 789 657 Fmasicttsi
806 604 887 670 deputo
901 618 953 671 pro
970 601 1056 655 eodan
1074 601 1195 656 Henetco
1212 604 1302 671 maso,
1320 621 1348 658 a.
1364 610 1411 658 265
1428 603 1482 674 [1].

306 688 435 755 Pottlrast,
456 688 521 758 Rep.
542 696 635 757 12661;
653 691 751 759 Beryer
768 695 842 745 3198.

322 869 363 943 P.
395 868 554 943 Sancti
583 867 766 958 Georgii
793 869 848 942 ad
868 868 1012 940 Velum
1040 867 1238 940 Aureum
1266 867 1453 941 diacono
1482 870 1729 960 cardinali,

727 989 978 1080 apostolice
1006 989 1132 1063 sedis
1158 989 1329 1082 legato.

304 1139 357 1205 Ita
386 1142 489 1206 claret
513 1147 545 1205 et
573 1140 690 1206 claruit
711 1141 910 1206 uenerabilis
932 1140 1040 1206 fratris
1069 1141 1171 1206 nostri
1194 1190 1227 1208 ..
1251 1140 1490 1227 archiepiscopi
1511 1138 1697 1226 Maguntini
1719 1141 1851 1208 devotio

202 1245 340 1330 probata
371 1245 403 1308 in
431 1245 646 1321 necessitate,
681 1266 745 1330 qua
773 1252 1016 1329 cognoscuntur
1045 1245 1155 1323 amici,
1178 1253 1214 1310 ut
1241 1266 1306 1310 non
1329 1252 1455 1308 tanturn
1478 1244 1643 1330 legitimus
1667 1245 1727 1311 sed
1751 1247 1851 1312 etiarn

202 1348 352 1433 specialis
376 1349 417 1412 sit
440 1348 616 1434 apostolice
640 1347 726 1412 sedis
750 1348 836 1413 filius
854 1348 1067 1436 reputandus,
1090 1350 1144 1434 qui
1167 1350 1265 1434 plene
1289 1349 1335 1413 illi
1358 1350 1441 1414 sicut
1457 1350 1552 1415 matri
1568 1349 1741 1430 exhibens,
1762 1350 1850 1437 quod

203 1451 336 1515 affectui
368 1451 459 1516 filiali
494 1451 647 1533 debatur,
683 1451 789 1516 eidem
822 1454 854 1516 in
887 1453 1094 1518 necessitatis
1128 1459 1277 1539 tempore
1306 1452 1413 1517 astitit
1441 1459 1474 1516 et
1503 1453 1627 1518 assistit
1655 1455 1792 1519 viriliter
1819 1461 1853 1519 at

202 1560 365 1639 potenter.
411 1555 520 1629 Quare
544 1576 615 1637 nos,
640 1556 810 1642 specialis·
826 1558 971 1621 caritatis
995 1557 1204 1642 prerogativa
1227 1555 1402 1640 diligentes
1426 1556 1577 1636 eundem,
1601 1557 1646 1622 sic
1669 1557 1852 1623 affectionis

203 1656 375 1723 dulcedine
400 1661 508 1746 ipsum
532 1661 684 1745 prosequi
713 1661 877 1746 cupimus,
907 1658 993 1745 quod
1020 1659 1061 1724 ad
1096 1680 1171 1724 suos
1198 1660 1296 1724 etiam
1321 1659 1548 1740 dilectionem,
1573 1681 1668 1745 quam
1690 1661 1852 1728 habemus

203 1759 244 1824 ad
268 1782 353 1841 eum,
377 1763 550 1828 ostendere
567 1763 715 1827 volumus
739 1784 799 1849 per
822 1763 987 1829 effectum.
1032 1762 1252 1828 attendentes
1276 1765 1378 1848 igitur
1399 1785 1465 1828 non
1481 1765 1586 1829 solum
1602 1786 1721 1851 magna
1738 1787 1852 1831 verum

203 1866 301 1930 etiam
335 1873 429 1950 grata
464 1875 498 1932 et
531 1867 624 1931 utilia
659 1868 831 1952 obsequia,
866 1889 929 1952 que
963 1867 1050 1932 idern
1076 1867 1341 1954 archiepiscopus
1370 1875 1403 1933 et
1432 1889 1491 1954 per
1520 1888 1596 1933 eum
1625 1869 1677 1933 sui
1707 1870 1850 1936 ecclesia

201 1967 349 2033 Romane
383 1975 450 2035 tarn
484 1970 624 2037 fideliter
654 1993 752 2057 quarn
788 1972 966 2037 efficaciter
994 1970 1239 2058 impenderunt,
1268 1993 1306 2037 ac
1336 1994 1395 2060 per
1422 1972 1483 2036 hoc
1507 1973 1654 2037 volentes
1684 1974 1793 2060 ipsum
1821 1977 1853 2039 in

184 2072 321 2137 dilecto
345 2073 411 2138 filio
435 2073 536 2140 fratre
559 2074 721 2155 Henrico,
744 2082 865 2161 nepote
890 2097 964 2154 suo,
989 2075 1029 2141 de
1054 2075 1164 2141 ordine
1188 2076 1325 2140 fratrum
1349 2076 1527 2156 Minorum,
1551 2096 1647 2161 quern
1671 2079 1774 2143 etiarn
1797 2099 1853 2143 sue

203 2176 381 2260 religionis,
397 2177 581 2244 honestatis
605 2186 638 2244 et
660 2181 833 2265 probitatis
859 2181 979 2245 intuitu
1002 2182 1108 2266 gratia
1131 2186 1164 2245 et
1187 2181 1299 2244 favore
1321 2181 1474 2265 prosequi
1497 2180 1659 2265 cupimus,
1683 2182 1853 2264 honorare,

203 2279 404 2359 mandamus,
430 2283 592 2367 quatinus,
616 2284 716 2370 siquis
733 2285 943 2370 episcopatus
966 2283 1051 2348 inira
1074 2284 1249 2368 legationis
1273 2290 1329 2348 tue
1351 2283 1433 2348 fines
1457 2289 1553 2348 uacat
1575 2283 1617 2347 ad
1639 2306 1779 2371 presens
1801 2287 1852 2352 rel

202 2383 332 2447 vacabit
359 2385 391 2447 in
419 2386 577 2470 proximo,
611 2385 652 2451 de
681 2407 744 2472 quo
776 2385 839 2452 sibi
867 2393 901 2452 et
927 2387 974 2450 illi
1007 2386 1047 2452 de
1078 2387 1149 2471 ipso
1176 2386 1281 2472 possit
1311 2392 1344 2451 et
1370 2385 1491 2451 debeat
1514 2407 1655 2472 congrue
1678 2388 1850 2473 provideri,
1895 2420 1905 2451 :

204 2485 311 2551 eidem
335 2489 528 2555 auctoritate
553 2495 664 2555 nostra
686 2490 727 2555 de
750 2491 822 2576 ipso
845 2491 946 2555 fratre
969 2489 1102 2554 studeas
1126 2489 1315 2575 providere;
1339 2489 1595 2555 contradictores
1619 2498 1682 2556 stc.

307 2607 384 2674 Dat.
408 2607 570 2695 Lugduni,
586 2609 690 2674 VIIII
712 2610 788 2676 Kal.
813 2610 904 2698 Sept.
927 2631 1012 2676 anno
1028 2611 1080 2674 V⁰
1094 2612 1114 2674 ¹.

819 2874 1228 2884 *ψ-

989 3101 1076 3176 424.

309 3196 527 3295 Irtnoceatias
541 3223 597 3293 IV
610 3248 700 3308 papa
721 3224 899 3306 wacpoatc
928 3224 1070 3289 ecclesiae
1097 3224 1134 3290 dc
1164 3222 1317 3290 Olimberc
1338 3223 1531 3292 Basilienst's
1559 3225 1688 3290 dicaeus
1713 3226 1854 3308 mandat

201 3339 238 3399 at
260 3339 372 3402 contro
394 3333 535 3398 homines
557 3331 594 3396 dc
617 3330 760 3396 Sabaitis
781 3332 810 3392 ct
831 3327 868 3391 de
892 3328 1020 3392 Sorncn
1043 3329 1192 3407 locoram,
1221 3328 1287 3392 nisi
1309 3351 1331 3394 c
1352 3329 1517 3394 Feiderico
1538 3329 1695 3412 quondum
1717 3330 1855 3414 impero·

204 3443 267 3504 tore
292 3438 438 3503 recedant
463 3441 493 3502 et
515 3435 656 3515 liudulfo
681 3433 800 3498 seniori
826 3432 930 3497 comiti
955 3431 992 3495 dc
1014 3430 1184 3514 Hobsborp
1210 3430 1334 3496 ᾱοηιίηο
1361 3451 1418 3496 sac
1444 3433 1668 3515 obsequantur,
1691 3437 1721 3496 et
1747 3438 1857 3499 contra
1901 3457 1905 3496 ε

202 3541 340 3607 domines
366 3542 461 3606 vittae
487 3538 705 3615 Laceraeasis,
731 3537 761 3600 si
782 3555 850 3600 cum
878 3536 921 3600 iis
943 3536 1174 3614 communicent,
1197 3536 1524 3602 excommunicationis
1550 3541 1579 3602 ct
1605 3535 1768 3601 interdicti
1789 3556 1859 3602 sen-

204 3645 318 3708 tentias
335 3645 519 3725 promulget.
1493 3642 1587 3717 1247,
1608 3640 1692 3721 Asty.
1715 3641 1771 3704 28.

307 3764 369 3817 rna,
389 3764 437 3818 rr
451 3763 517 3834 aq.
535 3763 589 3818 ro.
609 3764 710 3831 reae,
728 3761 789 3816 ru.
809 3762 907 3829 nter.
946 3759 1045 3814 emar
1063 3759 1196 3826 exoneras
1216 3759 1375 3812 amaram
1395 3775 1456 3813 eum
1474 3756 1620 3826 wana,
1646 3759 1734 3813 naas
1751 3758 1858 3829 eam

202 3856 220 3905 t.
234 3849 259 3916 I,
274 3867 303 3918 p.
318 3857 377 3918 484,
395 3851 443 3918 qui
460 3852 592 3920 cremplur
608 3849 661 3904 cod.
681 3849 766 3903 Vatic.
781 3855 850 3917 7183,
868 3847 939 3916 qrtod
957 3863 990 3901 cc
1009 3846 1072 3914 aar.
1091 3861 1213 3899 manasse
1226 3845 1338 3913 ridetur,
1352 3846 1502 3915 proposuit.

310 3938 443 4007 Poetae,
463 3938 528 4008 aa.
543 3944 635 4003 nera,-
653 3939 749 4006 aaa
760 3942 833 3991 3210.

267 4176 275 4193 .
306 4176 314 4192 .
342 4117 578 4212 preposito
606 4116 801 4190 ecclesie
828 4117 883 4189 de
910 4109 1151 4187 Olimberc²
1179 4112 1356 4185 ordinis
1383 4112 1529 4187 sancti
1554 4112 1800 4204 Augustini

779 4235 1054 4310 Basiliensis
1080 4234 1289 4308 diocesis.

307 4393 436 4458 Dilecto
470 4389 537 4453 fillo
571 4386 670 4451 nobili
698 4387 767 4450 uiro
800 4384 942 4450 Radulfc
971 4386 1098 4450 seniore
1129 4386 1248 4450 comite
1272 4385 1312 4450 da
1335 4381 1532 4461 Habsturcb,
1561 4380 1681 4448 devoto
1709 4385 1858 4465 ποιῆθ’,

204 4499 391 4583 accepimus
426 4495 614 4573 intimante,
648 4490 732 4576 quod
767 4491 807 4556 de
844 4488 1038 4554 Suberits04
1061 4495 1094 4553 et
1127 4488 1167 4554 de
1203 4488 1376 4554 Sarncn⁶⁵
1410 4488 1552 4552 locorum
1585 4486 1736 4552 homines
1771 4487 1859 4554 Ocu·

203 4600 393 4665 stantiensis
426 4597 583 4674 diocesis,
618 4597 673 4680 qul
708 4594 750 4659 ad
783 4595 891 4680 ipsum
920 4592 1117 4658 hereditario
1142 4594 1210 4657 iure
1235 4599 1402 4678 spectant,
1425 4613 1445 4655 a
1467 4588 1624 4654 fidelitate
1647 4611 1686 4655 ac
1708 4590 1856 4658 dominio

204 4703 349 4769 eiusdem
366 4708 491 4766 temere
507 4698 712 4777 recedentes,
728 4696 764 4762 F.
782 4698 944 4783 quondam
960 4698 1149 4782 imperatori
1163 4702 1237 4781 post
1252 4696 1353 4760 latam
1373 4697 1406 4759 in
1429 4695 1536 4781 ipsum
1559 4699 1593 4757 st
1607 4692 1756 4761 fautores
1781 4717 1859 4763 suos

306 4963 331 5029 ¹)
349 4964 453 5032 speciali
472 4961 516 5023 P.,·
533 4962 566 5028 cf.
581 4965 601 5010 1.
706 4956 732 5024 b)
750 4958 788 5009 ito
806 4956 839 5009 R.
944 4957 968 5022 ⁰)
985 4956 1082 5008 Sub'ita
1100 4956 1147 5018 R.,·
1164 4957 1266 5009 Subritr
1284 4956 1313 5009 S.
1418 4952 1443 5017 ‘ll
1462 4956 1568 5007 Burman
1588 4953 1617 5006 S.

309 5085 335 5150 1)
357 5081 414 5136 Sub
432 5080 532 5136 Dedo
554 5095 632 5148 papa
661 5077 768 5132 Alberto
792 5074 984 5144 archiepiscopo
1003 5073 1132 5128 Pmaciac
1157 5073 1306 5140 enudavit,
1332 5077 1376 5138 at,
1403 5071 1486 5126 litero
1511 5070 1625 5140 episcopi
1652 5069 1861 5142 Savum

199 5169 441 5239 propiciatorium
460 5167 505 5222 ceri
522 5166 641 5234 emporia
658 5164 814 5218 debilium
829 5161 1008 5231 roeiptmticne
1031 5167 1148 5230 recepto,
1172 5162 1287 5228 fratrem
1303 5159 1454 5214 Hosticum
1473 5157 1512 5212 ‘de
1529 5156 1693 5227 11th
1709 5155 1744 5213 dc
1765 5157 1861 5215 odiu

205 5257 347 5311 Mincium
365 5253 553 5323 Semigaltiotsi
569 5251 691 5306 ccclesiae
704 5250 856 5318 praeficeret
873 5249 905 5302 ia
921 5247 1084 5316 episcopum
1103 5247 1199 5317 Berper
1215 5254 1296 5314 360ae
1315 5245 1443 5312 Poetae,
1463 5244 1529 5315 Rep.
1548 5250 1636 5300 tim.
1705 5244 1736 5315 2)
1754 5243 1860 5317 olm

199 5342 345 5410 propicia
367 5339 547 5406 Ricinsctden.
651 5338 679 5405 3)
698 5336 753 5390 Suo
771 5337 834 5391 Iria.
847 5342 864 5390 3
877 5351 954 5404 papa
971 5350 1032 5387 mm
1048 5332 1230 5388 amaseam
1251 5333 1369 5387 ecclesiae
1389 5331 1479 5388 m
1498 5329 1694 5403 We
1707 5328 1744 5399 η’.
1757 5336 1859 5391 tam.

203 5431 232 5500 4)
251 5428 365 5499 θάψειε.
468 5429 496 5494 ὃ)
516 5425 630 5481 Soram
