4328 6232
265 354 328 418 330
820 345 868 401 EX
887 342 1105 400 INNOCENTII
1122 341 1161 396 IV
1179 341 1360 398 unulsnao

266 526 375 589 calcar
410 544 493 609 equo
508 523 529 602 ¹,
563 521 810 586 universitatem
845 525 985 584 vestram
1025 540 1194 604 rogamus,
1232 538 1402 581 monemus
1440 523 1474 581 et
1510 517 1676 582 hortamur
1709 523 1853 591 attente,
1886 516 1917 581 in

268 627 495 692 remissionem
530 626 622 689 vobis
659 624 880 710 peccaminum
915 624 1150 709 imponentes·‚
1181 623 1348 707 quatinus,
1383 621 1587 686 considerato
1619 621 1801 707 prudenter
1834 620 1919 706 quod

266 730 464 817 prudentum
489 736 538 794 cst
561 729 601 794 de
625 727 746 793 virtute
770 729 929 813 proficere
954 728 985 792 in
1009 728 1176 807 virtutem,
1201 726 1246 790 sic
1270 726 1303 789 in
1327 725 1431 811 ipsius
1452 725 1541 811 regis
1564 724 1739 803 devotione
1764 725 1918 789 firnritate

265 835 461 899 inconcussa
495 840 528 897 et
564 832 659 896 solita
693 831 890 917 persistatis,
919 830 1019 916 quod,
1048 828 1183 917 proinde
1210 829 1302 894 vobis
1330 828 1441 894 lavore
1471 829 1651 914 apostolico
1680 838 1714 892 et
1742 830 1836 914 regio
1871 830 1916 893 in·

266 939 361 1002 simul
388 945 607 1016 accrescente,
631 937 765 1022 possitis
786 934 872 1023 apud
895 934 1002 1000 Deum
1026 942 1059 1000 et
1082 934 1231 999 homines
1254 933 1294 999 de
1318 933 1447 999 vestreb
1470 932 1716 1019 perseverentia
1746 931 1826 997 fidei
1855 954 1914 998 non

264 1041 427 1106 immerito
452 1039 681 1105 commendari.

368 1161 444 1226 Dat.
469 1169 635 1247 utsupra.

886 1230 1296 1240 ———--—

1047 1476 1135 1549 461.

372 1574 589 1667 Innocentius
614 1601 635 1665 I
641 1600 672 1664 V
693 1622 783 1681 papa
811 1598 1122 1681 einesMapuntinos
1143 1602 1252 1676 mouet,
1274 1602 1310 1661 ut
1331 1597 1456 1662 solitam
1477 1597 1767 1678 sedisapostolicae
1787 1597 1915 1662 dwotio

265 1723 337 1767 nem
359 1704 395 1767 in
413 1724 551 1784 persona
571 1705 775 1789 [Witbeluri]
796 1703 879 1786 repis
902 1702 1114 1766 Rornanorum
1138 1703 1317 1766 curtinueut
1339 1702 1426 1782 eique
1447 1701 1584 1765 uiriliter
1604 1701 1768 1766 assistant.

1535 1859 1538 1865 .
1560 1808 1651 1882 1247,
1673 1804 1752 1869 Noe.
1777 1810 1829 1869 19.

376 1911 441 1963 Ian.
455 1910 506 1963 IV
523 1910 585 1979 Rea.
605 1910 660 1964 Vol¹
673 1911 698 1978 Ι,
711 1917 773 1973 ab&
790 1909 850 1964 Lib.
870 1909 969 1977 Kena
988 1917 1029 1963 18.
1067 1907 1165 1962 Parisii
1185 1907 1317 1976 ντνηῳῑαν
1337 1907 1498 1961 remelinus
1520 1922 1579 1960 νιιννι
1600 1907 1752 1976 Messana,
1771 1909 1787 1962 l.
1806 1925 1828 1963 c.
1846 1913 1863 1962 t.
1888 1908 1915 1974 V,

287 2038 293 2051 .
314 2010 320 2024 ¹
369 2014 396 2050 n.
447 2039 453 2051 .

264 2015 286 2064 Ρ
312 2004 351 2064 21,
370 2007 501 2152 Pedicant,
522 2084 584 2153 Ray.
604 2090 699 2150 127585
717 2084 815 2152 Resper
831 2090 906 2138 4067.

844 2245 1026 2318 Civibus
1051 2244 1338 2336 Maguntinis.

371 2397 537 2462 anostra
563 2403 597 2461 et
623 2397 801 2482 apostolice
831 2394 918 2460 sedis
951 2394 1108 2458 memoria
1135 2414 1310 2479 numquam
1338 2392 1485 2472 excidet,
1508 2403 1628 2479 quanta
1651 2416 1709 2482 pro
1738 2415 1778 2459 ea
1802 2402 1913 2481 pertu-

266 2500 386 2579 leritis,
418 2487 451 2564 et
480 2507 632 2563 constans
662 2497 810 2578 devotio,
839 2518 936 2584 quam
965 2498 997 2560 in
1021 2497 1152 2581 negotio
1177 2497 1334 2575 ecclesie,
1362 2504 1459 2582 prout
1482 2499 1706 2584 experimento
1730 2497 1917 2569 didicimus,

267 2602 427 2667 habuistis
462 2603 622 2667 haetenus
654 2609 687 2666 et
721 2601 865 2676 hebetis;
900 2621 1000 2686 super
1034 2621 1097 2685 quo
1121 2599 1212 2664 vobis
1243 2601 1419 2685 gratiarum
1447 2621 1528 2686 quas
1551 2623 1723 2688 possumus
1746 2603 1918 2667 referimus

269 2706 426 2771 actiones.
472 2707 566 2771 Licet
588 2713 699 2771 antem
722 2706 763 2771 de
788 2712 897 2770 vestra
920 2706 1021 2769 simus
1045 2705 1237 2769 inconcussa
1258 2704 1412 2769 firmitate
1436 2706 1558 2788 securi,
1579 2712 1618 2770 ut
1639 2713 1748 2771 tamen
1770 2713 1918 2771 nostrum

266 2810 299 2872 in
324 2810 551 2875 exhortatione
576 2810 717 2875 officium
741 2817 958 2895 exequentes,
984 2808 1100 2887 nichil,
1125 2810 1336 2895 quantumin
1359 2810 1453 2875 nobis
1477 2816 1542 2890 est,
1574 2810 1616 2877 de
1649 2812 1918 2899 contingentibus

267 2913 473 2994 omittamus,
505 2914 753 2980 universitatem
788 2922 930 2980 vestram
964 2934 1131 2998 rogamus,
1170 2935 1340 2977 monemus
1378 2920 1411 2978 et
1447 2915 1615 2979 hortamur
1648 2920 1774 2981 attente
1809 2938 1848 2980 ac
1884 2915 1917 2980 in

268 3017 493 3081 remissionem
516 3017 608 3081 vobis
631 3018 831 3103 iniungimus
854 3023 1079 3104 pcccatorum,
1102 3018 1254 3102 quatinus
1278 3018 1506 3083 continuantes
1529 3019 1562 3082 in
1591 3040 1735 3105 persona
1757 3021 1918 3085 carissimi

267 3121 300 3184 in
325 3118 455 3184 Christo
479 3121 537 3184 filii
559 3121 662 3184 nostri
687 3170 720 3185 ..
744 3123 831 3208 regis
855 3122 1074 3213 Romanorum
1109 3122 1245 3185 illustris
1280 3121 1408 3185 solitam
1438 3123 1565 3208 prefate
1594 3122 1681 3188 sedis
1710 3123 1919 3189 devotionem

268 3230 300 3287 et
340 3224 557 3288 constantiam
590 3233 796 3305 consuetam,
835 3227 882 3290 sie
919 3224 1027 3290 eidem
1059 3226 1128 3310 regi
1161 3224 1298 3288 viriliter
1334 3226 1509 3305 assistatis,
1545 3224 1631 3310 quod
1666 3225 1804 3312 proinde
1827 3227 1920 3292 robis

268 3325 423 3407 divinum,
447 3327 663 3412 apostolieum
687 3334 721 3394 et
743 3330 868 3414 regium
892 3327 1039 3393 favorem
1061 3349 1100 3392 ae
1123 3328 1253 3392 laudem
1282 3326 1448 3392 hominum
1472 3336 1715 3413 comparantes,
1743 3329 1786 3394 de
1809 3330 1864 3395 die
1888 3331 1920 3395 in

267 3427 354 3494 diem
380 3429 588 3495 virtuosiores
611 3453 671 3517 per
693 3432 848 3497 effectum
872 3432 1055 3517 probemini
1080 3438 1113 3497 et
1134 3433 1168 3496 in
1190 3437 1280 3496 tanto
1301 3432 1431 3517 negotio
1454 3430 1617 3498 fortiores.

370 3550 447 3614 Dat.
470 3558 507 3615 ut
529 3573 636 3638 supra.

1049 3906 1136 3979 462.

372 3995 590 4088 Innocentius
614 4025 669 4090 IV
692 4048 782 4111 papa
809 4028 1083 4108 praedicatoribus
1114 4028 1243 4094 Frisios
1276 4029 1420 4108 maudut,
1457 4034 1493 4094 ut
1529 4051 1623 4111 super
1656 4031 1735 4095 rotis
1767 4033 1918 4114 erucesip-

266 4127 412 4187 natorum
446 4124 483 4188 in
515 4127 673 4193 auxilium
705 4129 908 4218 [Wilbelmi]
937 4133 1020 4214 repis
1054 4132 1269 4197 Romanmm
1303 4135 1528 4198 commutandis
1562 4135 1599 4199 de
1632 4135 1764 4199 wasidio
1793 4135 1918 4221 Pam]

267 4225 379 4291 Sancti
403 4227 531 4311 Georpii
557 4230 601 4293 ad
624 4231 731 4297 Veluru
754 4232 897 4297 Aureum
923 4235 1049 4299 diacorri
1075 4235 1264 4314 cardinatis,
1287 4237 1577 4317 apostolicaesedis
1599 4237 1709 4319 leuati,
1731 4241 1913 4319 prendant.

1556 4344 1649 4418 1247,
1672 4340 1752 4406 Nou.
1778 4345 1829 4411 19.

372 4433 435 4487 Irus
449 4434 497 4489 IV
512 4435 577 4505 Rea.
595 4436 688 4506 Votl,
708 4445 771 4505 663,-
789 4438 849 4492 In'b.
870 4439 899 4506 V,
917 4456 973 4493 cur.
993 4450 1032 4495 19.
1079 4441 1179 4495 Pertrii
1195 4443 1329 4510 νωνννψὶαν
1345 4444 1507 4497 contulimus
1522 4460 1582 4497 eura
1601 4443 1753 4511 Meuania,
1771 4446 1790 4500 l.
1807 4452 1864 4500 at.
1887 4445 1912 4518 V,

262 4535 290 4586 p.
310 4527 346 4587 17,
365 4537 392 4573 n.
412 4530 449 4575 14.

371 4606 503 4675 Pottbast,
523 4608 586 4678 Rea.
605 4616 688 4678 12751,
706 4611 773 4664 nau
789 4611 837 4665 stab
854 4611 922 4666 Noe.
941 4621 986 4681 153
1003 4615 1102 4683 Beroen
1118 4622 1194 4671 4068.

632 4790 999 4866 predicatoribus
1023 4792 1068 4865 in
1094 4792 1251 4868 Frixia
1277 4795 1552 4869 constitutis

267 5052 385 5126 supra⁰
407 5061 527 5126 nsque:
557 5061 755 5106 curaremus.
805 5041 966 5116 Quocirca
989 5045 1192 5127 mandamus,
1216 5049 1367 5133 quatinus
1390 5071 1489 5136 snper
1510 5049 1572 5115 hoe
1595 5056 1629 5116 ct
1650 5052 1725 5116 aliis
1746 5052 1790 5117 ad
1809 5054 1914 5121 crucis

371 5182 498 5189 ———
507 5183 637 5188 .--.---
651 5183 717 5188 -.-—-
732 5184 759 5188 ..-

371 5266 394 5329 ⁸)
411 5267 448 5317 ita
465 5267 567 5334 Raya.;
584 5268 749 5335 iniungentes
766 5269 835 5321 alias
853 5270 998 5331 dicebaturr
1019 5273 1053 5336 cs.
1071 5290 1100 5338 p.
1118 5276 1177 5336 331,
1202 5283 1253 5325 noa
1271 5275 1293 5324 b.
1414 5274 1439 5339 b)
1458 5277 1507 5327 fide
1524 5276 1610 5344 Respa.
1732 5279 1755 5343 ⁰)
1772 5277 1826 5330 scil.
1844 5289 1872 5330 ur
1888 5282 1913 5332 ia

265 5371 292 5402 u.
314 5356 366 5404 465
390 5350 458 5418 [cur.
478 5352 528 5421 11].
573 5353 627 5405 Sed
644 5354 805 5406 unbimaita
831 5364 868 5407 eet
893 5357 970 5408 rerba
992 5373 1030 5423 sp.
1053 5377 1079 5409 n
1097 5363 1147 5411 453
1170 5356 1240 5426 [eur.
1257 5358 1306 5427 20]
1324 5362 1471 5427 supplenda
1491 5371 1514 5414 et
1536 5363 1665 5427 ordinem,
1682 5365 1710 5415 iu
1731 5382 1780 5430 quo
1797 5368 1915 5434 mpla

264 5438 387 5504 primitus
404 5441 510 5504 faedat,
527 5441 662 5508 cousruum
680 5459 732 5494 use
750 5439 793 5508 fid
809 5443 878 5508 quad
899 5443 953 5493 ianr
966 5453 1075 5511 propter
1096 5463 1122 5496 n.
1141 5450 1204 5509 463,
1221 5464 1275 5498 eru.
1293 5454 1326 5498 19
1343 5448 1397 5512 bie,
1409 5449 1546 5515 probabile
1563 5448 1623 5518 aij,
1644 5451 1682 5502 ita
1702 5460 1731 5502 ut
1751 5469 1790 5519 ep.
1807 5471 1864 5505 ων.
1882 5458 1913 5505 1⁹

268 5525 315 5575 boc
337 5526 392 5576 loco
410 5527 479 5585 falso
497 5527 602 5592 ἱνιννννα,
614 5535 675 5593 post
691 5545 745 5579 cur.
763 5533 797 5580 20
811 5529 876 5595 persi
893 5528 1022 5591 debroerm
1038 5533 1072 5599 cf.
1091 5531 1124 5582 N.
1142 5530 1176 5583 A.
1194 5540 1210 5583 t.
1230 5532 1263 5596 Χ,
1278 5551 1304 5602 p.
1324 5537 1373 5585 558
1389 5542 1413 5589 et
1431 5539 1481 5587 559
1496 5537 1521 5586 d
1536 5538 1591 5589 529.

368 5641 1102 5719 uerouwwouonsmsaemun
