4784 6332
836 387 1037 448 EPlSTOLAE
1055 391 1246 450 SELECTAE.
1281 391 1358 450 1247.
1441 451 1443 456 ,

1060 696 1146 768 339.

377 805 597 900 Innocentius
611 835 636 898 I
639 833 668 898 V
681 853 770 916 popo
801 833 977 920 [Henriro]
1005 837 1145 918 (puerum
1170 838 1418 917 Constantiensi,
1450 859 1519 903 urm
1545 838 1688 904 melenae
1714 840 1868 920 nepotiane
1890 839 1925 902 in

275 937 446 1002 Teutonico
469 935 620 1021 partibus
646 958 685 1001 ee
713 938 820 1000 anieno
846 939 1096 1019 prosequendum
1127 942 1345 1022 assumpserit,
1373 942 1482 1006 erarius
1511 942 1547 1004 in
1573 941 1730 1006 inderrotos
1756 943 1926 1006 sententies

270 1041 495 1122 prorunlpundi
517 1046 546 1104 ct
567 1040 683 1104 deuotis
702 1041 916 1124 inrlrrlpcnlics
937 1043 1095 1123 loroicndi
1106 1043 1291 1128 foorrltatcm
1313 1043 1378 1124 dot,
1399 1047 1487 1126 eique
1509 1045 1654 1123 concedit,
1677 1049 1713 1107 nt
1727 1065 1789 1128 per
1804 1045 1926 1108 litteras

272 1143 460 1222 apostolicos
481 1143 642 1208 conveniri
663 1147 755 1207 cntra
772 1145 917 1224 patriam
938 1165 1029 1209 arrone
1051 1147 1099 1209 orl
1121 1147 1215 1211 citari
1235 1147 1279 1210 orl
1295 1149 1510 1230 praesentiam
1527 1169 1634 1231 popae
1655 1151 1795 1228 nequent.

205 1257 217 1292 a
1453 1253 1547 1328 1247,
1569 1251 1654 1316 uas.
1671 1253 1699 1328 a,
1716 1255 1745 1328 o,
1760 1253 1791 1328 2,
1807 1254 1838 1315 a.

378 1332 443 1385 rea.
457 1330 507 1384 rr
523 1331 587 1399 aa.
607 1330 699 1399 rar,
718 1338 784 1396 aaa·
802 1333 861 1388 uo.
875 1333 929 1401 rr,
948 1341 1086 1389 arr-ero.

378 1419 656 1486 terpsicore-soro.

1087 1540 1114 1604 I.

764 1702 803 1721 ..
832 1648 1048 1742 episeopo
1082 1648 1441 1724 Constantiensi.

383 1779 464 1844 Cum
495 1780 637 1844 ecclesie
666 1781 834 1865 negotium
863 1783 1097 1868 assumpseris,
1131 1790 1167 1846 ut
1195 1783 1397 1868 accepimus,
1426 1785 1459 1847 in
1490 1782 1672 1848 Theotonic
1703 1773 1851 1868 partibus
1882 1804 1924 1846 ex

193 1911 218 1948 ra
273 1885 383 1948 animo
406 1883 668 1970 prosequendum
679 1885 700 1961 ¹,
729 1885 806 1969 quia
835 1906 899 1948 non
923 1886 1045 1950 debent
1067 1886 1246 1950 menbraa
1275 1888 1380 1972 capite
1404 1886 1607 1966 discordare,
1636 1886 1835 1972 presentium
1865 1885 1922 1948 tibi

272 1988 467 2052 auctoritate
492 1987 717 2065 concedimus,
747 1995 783 2052 ut
806 1989 961 2069 abbates,
991 1990 1191 2071 abbatissas,
1220 1992 1366 2076 prelatos
1389 1997 1423 2054 et
1445 1990 1528 2055 alios
1552 1990 1688 2054 clericos
1712 1990 1922 2053 ecclesiarum

271 2091 333 2156 tibi
356 2091 577 2155 subiectarum
608 2097 663 2155 tue
695 2091 834 2156 civitatis
861 2097 894 2155 ct
917 2092 1075 2174 diocesis,
1106 2094 1192 2179 quod
1224 2094 1283 2157 tibi
1311 2115 1369 2180 pro
1400 2093 1572 2180 stipendiis
1601 2093 1740 2157 militum
1768 2092 1809 2156 ad
1837 2092 1922 2156 idem

271 2196 441 2280 negotium
466 2195 662 2260 subveniant
686 2196 778 2259 iuxta
801 2198 947 2281 proprias
971 2198 1145 2262 facultates
1169 2219 1207 2262 ac
1231 2199 1409 2262 assistant⁸
1437 2197 1611 2262 incudem
1634 2197 1765 2280 negotio
1790 2195 1925 2259 viriliter

272 2306 305 2362 et
328 2305 498 2384 potenter,
521 2320 581 2385 per
603 2301 967 2370 excommunicationis.
991 2303 1233 2388 suspensionis,
1258 2301 1430 2381 interdicti,
1454 2301 1670 2387 depositionis
1694 2305 1727 2364 et
1748 2299 1923 2362 amotionis

203 2442 209 2454 ·
273 2404 315 2468 ab
339 2424 452 2468 eorum
475 2401 627 2482 abbatiis,
650 2401 826 2488 prelaturir
850 2411 884 2468 et
907 2406 1057 2469 ecclesiis
1081 2428 1118 2470 ac
1142 2406 1312 2472 beneficiis
1337 2406 1516 2470 sententias
1540 2406 1652 2468 valeas
1677 2402 1878 2466 cohercerel.

378 2521 454 2588 Dat.
477 2521 640 2606 Lugduni,
664 2521 717 2585 111
739 2519 825 2586 Non.
848 2521 936 2603 Maii,
960 2545 1046 2588 euno
1069 2531 1196 2609 quarto.

1075 2713 1121 2778 II.

1007 2823 1179 2897 Eidem.

381 2953 474 3034 Cum,
498 2957 582 3020 sicut
605 2963 637 3020 te
653 2956 841 3041 accepimus
859 2956 1039 3037 intimante,
1062 2956 1227 3020 nonnullis
1251 2965 1306 3022 tue
1330 2956 1471 3020 civitatis
1495 2963 1528 3020 et
1544 2953 1681 3042 diocesis
1705 2955 1746 3018 de
1762 2952 1921 3018 adheren-

271 3059 358 3123 tibus
382 3059 418 3123 E.
442 3057 604 3144 quondam
634 3058 824 3144 imperatori
848 3057 1098 3140 decedentibus,
1127 3081 1240 3125 eorum
1265 3081 1401 3145 corpora
1423 3064 1617 3122 remaneant
1638 3057 1819 3144 insepulta,
1851 3076 1921 3128 uos,

273 3162 455 3227 devotionis
479 3169 535 3226 tue
559 3161 711 3248 precibus
735 3163 892 3243 inclinati,
917 3165 1117 3250 presentium
1141 3164 1200 3228 tibi
1222 3165 1419 3229 auctoritate
1435 3162 1657 3240 concedimus,
1681 3169 1717 3224 ut
1740 3159 1853 3224 decem
1879 3178 1922 3220 ex

271 3267 337 3344 cis,
369 3265 444 3329 dum
475 3271 585 3329 tamen
616 3284 726 3329 eorum
760 3265 898 3332 heredes
929 3289 988 3352 pro
1017 3268 1097 3354 ipsis
1125 3269 1328 3332 satisfaciant
1359 3266 1561 3352 redeantque
1589 3264 1630 3329 ad
1662 3263 1921 3329 ecelesiasticam

270 3371 430 3434 unitatem
454 3391 492 3434 ec
509 3369 721 3455 apparuerint
738 3371 831 3456 signa
847 3372 1027 3456 penitentie
1050 3373 1083 3435 in
1101 3371 1276 3443 defunctis,
1300 3373 1505 3436 absolutione
1528 3369 1691 3455 premissa
1713 3366 1796 3430 tradi
1820 3365 1921 3429 iacias

271 3473 496 3538 ecclesiastice
519 3473 699 3558 sepulture,
723 3473 818 3536 dictis
842 3473 1020 3539 heredibus
1044 3475 1261 3539 absolutionis
1285 3475 1481 3540 beneficium
1503 3475 1719 3557 impensurus.

378 3591 455 3657 Dat.
478 3593 640 3678 Lugduni,
664 3592 698 3656 II
720 3592 805 3657 Non.
829 3592 919 3674 Maii,
942 3615 1028 3660 auno
1051 3602 1177 3680 quarto.

1066 3783 1129 3848 HI.

1011 3892 1180 3966 Eidem.

378 4025 474 4104 Cum,
510 4027 595 4091 sicut
628 4031 660 4089 te
690 4024 876 4110 accepimus
905 4023 1091 4106 intimante,
1127 4023 1275 4088 nonnulli
1303 4022 1591 4108 parrochiauorum
1620 4021 1834 4087 eeclesiarum
1866 4025 1922 4085 tue
2025 4067 2028 4076 ·

269 4129 409 4193 civitatis
440 4136 474 4195 et
500 4129 656 4209 diocesis,
684 4148 748 4212 que
778 4127 946 4212 supposita
977 4134 1053 4192 sunt
1080 4127 1306 4192 ecclesiastico
1337 4125 1524 4206 interdictu,
1553 4125 1695 4190 ecclesie
1724 4123 1922 4188 adherentes

269 4231 447 4297 defendent
474 4252 532 4318 pro
563 4251 661 4316 posse
690 4233 723 4294 iu
753 4231 816 4293 illis
844 4229 994 4316 partibus
1027 4231 1285 4296 eeclesiasticam
1318 4230 1522 4308 libertatem,
1555 4250 1628 4309 nos,
1660 4227 1841 4293 devotionis
1865 4232 1921 4288 tuc

269 4335 424 4422 precibus
452 4335 615 4414 inclinati,
645 4335 848 4421 presentium
879 4333 939 4397 tibi
975 4335 1168 4399 auctoritate
1202 4333 1423 4413 concedimus,
1456 4337 1492 4396 ut
1524 4354 1635 4396 corum
1665 4351 1817 4416 corpora,
1848 4349 1920 4392 cum

272 4437 484 4518 decesserint,
507 4437 681 4502 dummodo
705 4436 901 4501 adversariis
926 4437 1066 4501 ecclesie
1089 4458 1126 4502 se
1142 4436 1352 4523 opposuerint
1367 4436 1551 4509 manifeste,
1575 4434 1657 4499 tradi
1680 4433 1840 4497 facias-
1856 4452 1920 4494 non

269 4541 420 4606 obstante
444 4540 619 4606 interdicto
645 4540 831 4605 huiusmodi
854 4577 896 4586 —
920 4540 1144 4606 ecclesiastice
1169 4541 1347 4626 sepulture.

377 4663 453 4728 Dat.
476 4663 640 4748 Lugduni,
663 4662 697 4726 Il
720 4662 805 4726 Non.
828 4660 917 4741 Maii,
944 4659 1042 4748 [anno
1066 4662 1194 4747 quarto]
1203 4661 1227 4726 b.

1067 4847 1126 4913 IV.

1016 4956 1183 5029 Eidem.

378 5092 597 5179 Exigentibus
614 5097 670 5156 tue
687 5088 866 5154 devotionis
882 5088 1018 5168 meritis,
1042 5088 1126 5154 votis
1149 5090 1213 5152 tuis
1228 5089 1372 5154 libenter
1388 5088 1561 5153 annuimus
1578 5091 1655 5153 etc.c
1672 5107 1792 5171 usque:
1818 5105 1920 5148 exau-

198 5227 211 5264 e
269 5197 389 5262 dimus.
435 5197 515 5261 Tuis
539 5197 648 5282 itaque
673 5193 967 5279 supplicationibus
990 5192 1169 5277 benignum
1189 5193 1415 5276 impertientes
1432 5211 1613 5272 assensum,
1637 5189 1839 5274 presentium
1862 5186 1922 5250 tibi

268 5301 466 5366 auctoritate
490 5299 720 5379 concedimus,
747 5303 784 5359 ut
806 5303 979 5361 vacantem
1003 5297 1179 5361 ecclesiam
1202 5296 1243 5360 dc
1268 5294 1436 5360 chamon
1460 5301 1514 5358 tue
1538 5293 1696 5372 diocesis,
1727 5292 1760 5355 in
1784 5311 1848 5377 qua
1870 5291 1920 5354 ius

370 5527 395 5592 ⁸)
414 5527 528 5578 efficiunt
546 5525 578 5577 B.
685 5523 709 5588 1’)
730 5539 799 5573 auno
817 5527 909 5588 quarto
927 5519 996 5570 deest
1015 5519 1044 5572 ll.
1151 5521 1174 5582 θ)
1192 5529 1220 5570 at
1238 5522 1265 5570 in
1283 5539 1309 5570 n.
1329 5523 1388 5571 288.
1494 5514 1520 5581 ¹¹)
1538 5517 1637 5568 Clusino
1656 5515 1687 5568 Β.

372 5665 399 5731 1)
419 5663 459 5730 (γ.
476 5679 504 5717 n.
523 5669 584 5728 262,
599 5678 628 5729 p.
648 5667 703 5717 tte.
722 5663 775 5712 not.
796 5667 809 5711 1
828 5661 851 5710 rt
869 5657 946 5722 infra
963 5671 990 5708 n.
1011 5661 1065 5708 351.
1182 5654 1211 5722 2)
1231 5653 1269 5720 (i-
1287 5671 1314 5708 n.
1333 5659 1388 5707 338.
1506 5653 1533 5719 3)
1553 5651 1646 5718 Olrnm,
1664 5667 1703 5704 ee.
1721 5667 1774 5706 occ.
1792 5652 1838 5706 cir.
1856 5652 1922 5720 Zarp.
