4784 6334
848 401 1049 457 saissonis
1067 401 1259 458 SELECTAE.
1296 403 1372 458 1248.

1069 703 1156 776 605.

392 815 610 908 Innocentius
633 840 692 905 IV
703 862 794 925 popo
817 842 1015 906 thesaurario
1038 842 1150 908 Sancti
1171 841 1262 906 Petri
1283 842 1527 924 Arpontinonsis
1548 843 1690 922 inundat,
1712 864 1752 908 nc
1769 844 1944 925 pcnnittot,

287 949 323 1008 nt
344 943 439 1028 Hupo
460 946 630 1008 cononicus
655 945 849 1024 Turtrcnsm,
877 947 1007 1010 clericus
1028 945 1217 1030 Wsitlelmc]
1238 947 1321 1027 repis
1341 945 1572 1026 Romanorum,
1595 968 1635 1010 eu
1655 969 1689 1012 eo
1711 949 1793 1030 quod
1814 948 1944 1030 quidum

287 1049 512 1130 cmtsonpuinci
533 1051 584 1112 sni
606 1048 771 1112 Friolerico
793 1049 950 1130 quondam
972 1049 1157 1132 irrrpcrotom?
1186 1050 1345 1112 conuitium
1368 1053 1546 1134 promicat,
1575 1069 1671 1130 snper
1692 1051 1848 1132 boneficiis
1875 1053 1944 1116 suis

290 1153 476 1216 molestetur.
1591 1157 1684 1233 1248,
1707 1155 1787 1224 Noc.
1805 1159 1856 1224 12.

393 1271 457 1325 ne
477 1270 528 1324 Ν
543 1229 609 1341 an
626 1272 688 1328 nu.
707 1272 754 1341 vr,
771 1273 843 1340 cn,
862 1290 890 1329 o.
903 1281 963 1328 220.

394 1355 526 1426 Pcttbcst,
547 1357 610 1426 aq.
625 1365 711 1426 13078,
729 1359 799 1425 suno
816 1359 864 1412 acb
881 1359 1009 1422 Noa.19;
1027 1360 1128 1429 Bcrper
1144 1367 1217 1415 4212.

495 1554 801 1629 ‘thesaurario
830 1555 1020 1630 ecclesie
1047 1555 1202 1629 sancti
1229 1555 1349 1629 Petri
1379 1556 1736 1648 Argentinensia

398 1704 547 1769 Dilectus
570 1705 657 1770 filius
674 1705 774 1791 Hugo
791 1706 968 1771 canonicus
986 1707 1128 1770 ecclesie
1144 1706 1332 1771 Turiccnsis
1351 1706 1613 1772 Constantiensis
1629 1707 1781 1790 diocesis,
1806 1711 1944 1775 clericus

293 1811 452 1874 carissimi
475 1810 508 1872 in
532 1808 662 1873 Christo
686 1809 743 1874 lilii
767 1811 867 1874 nostri
884 1809 938 1873 W.
962 1811 1049 1896 regis
1074 1809 1290 1874 Romanorum
1315 1811 1461 1898 illustris,
1485 1811 1516 1874 in
1542 1818 1652 1876 nostra
1674 1815 1846 1899 proposuit
1868 1835 1944 1900 pre-

295 1914 400 1977 sentia
423 1912 631 1991 constitutus,
656 1911 741 1998 quod
764 1933 837 1977 oum
860 1913 931 1999 ipse
957 1934 1000 1978 ex
1022 1935 1062 1977 oo
1086 1913 1147 1976 sibi
1172 1914 1295 1993 timeat,
1321 1915 1570 1999 procurantibus
1593 1914 1677 1979 forte
1694 1916 1856 2000 aliquibus
1877 1917 1946 1980 suis

293 2017 422 2096 emulis,
445 2015 626 2102 periculum
643 2017 822 2097 imminere,
847 2017 930 2102 quod
948 2017 1077 2102 quidam
1095 2018 1164 2082 eius
1189 2018 1425 2102 consanguinei
1449 2024 1561 2082 contra
1585 2018 1758 2083 ecclesiam
1780 2018 1946 2084 Friderico

294 2119 455 2205 quondam
477 2120 668 2206 imperatori
690 2127 840 2206 prestant
863 2121 1021 2185 auxilinm
1045 2128 1078 2186 et
1100 2122 1256 2201 favorem,
1281 2142 1474 2208 quamquam
1499 2129 1535 2186 ut
1552 2144 1607 2187 eos
1624 2123 1664 2187 ad
1681 2123 1785 2210 ipsius
1805 2123 1945 2189 ecclesie

294 2224 488 2308 obsequium
510 2228 687 2301 revocaret,
717 2225 816 2289 totis⁸
838 2225 961 2288 viribus
985 2224 1151 2302 laborarit,
1179 2224 1273 2288 nobis
1297 2224 1492 2311 supplicavit
1522 2224 1699 2306 humiliter,
1731 2233 1768 2290 ut
1790 2226 1863 2308 sibi,
1893 2228 1947 2312 qui

295 2346 424 2411 semper
446 2347 504 2412 pro
526 2347 623 2410 posse
648 2347 706 2390 suo
730 2326 845 2391 dilexit
868 2328 1052 2408 eeclesiam,
1076 2327 1247 2413 providere
1271 2349 1370 2413 super
1393 2328 1454 2392 hoc
1471 2328 1727 2394 misericorditer
1743 2350 1942 2396 curaremus.

296 2428 376 2494 (tum
405 2429 504 2515 igitur
534 2430 673 2495 eundem
698 2429 741 2494 H.
765 2431 867 2495 fuisse
895 2430 1049 2496 devotum
1078 2452 1157 2515 erga
1180 2429 1361 2496 Romanam
1391 2425 1564 2497 ecclesiam
1594 2438 1627 2496 et
1658 2431 1816 2496 bonorum
1843 2433 1947 2519 ipsius

294 2554 428 2619 operum
453 2533 612 2598 exhibitio
636 2541 672 2598 ut
695 2532 814 2599 dicitur
837 2535 1026 2620 comprobet
1054 2541 1087 2599 et
1115 2533 1221 2598 dictus
1251 2556 1312 2599 rex
1341 2534 1373 2599 in
1402 2535 1469 2598 suis
1498 2535 1616 2600 litteris
1646 2541 1856 2620 protestetur,
1886 2556 1948 2601 nec

295 2637 336 2718 ei,
360 2636 416 2721 qui
440 2637 597 2722 prodesse
620 2639 751 2723 negotio
775 2638 877 2724 ipsius
908 2639 1049 2718 ecclesie
1081 2636 1191 2702 studet
1218 2658 1276 2722 pro
1300 2637 1440 2719 viribus,
1470 2637 1611 2704 debeatb
1638 2639 1791 2724 iniquitas
1818 2659 1949 2704 snorum

295 2742 429 2806 obesse:
459 2741 664 2820 mandamus,
693 2741 847 2827 quatinus
871 2742 995 2806 dictum
1017 2740 1061 2806 H.
1084 2741 1117 2804 in
1140 2740 1312 2806 devotione
1337 2741 1426 2806 sedis
1448 2742 1628 2827 apostolice
1652 2742 1883 2828 persistentem
1909 2778 1948 2792 -

297 2866 360 2909 non
385 2843 590 2909 obstantibus
614 2845 778 2930 aliquibus
801 2845 919 2911 litteris
949 2844 1096 2912 eiusdem
1125 2842 1213 2909 sedis
1243 2845 1296 2910 vel
1327 2845 1509 2930 legatorum
1539 2844 1658 2929 ipsius⁰
1687 2845 1868 2930 impetratis
1896 2846 1950 2910 vel

298 2949 398 3014 etiam
425 2947 638 3034 impetrandis
666 2987 708 2996 -
738 2971 801 3014 non
828 2949 999 3034 permittas
1027 2948 1067 3012 ab
1097 2948 1260 3032 aliquibus
1288 2968 1388 3034 super
1414 2947 1585 3013 beneficiis
1616 2949 1683 3013 suis
1714 2957 1772 3013 aut
1803 2949 1950 3035 ipsorum

298 3050 509 3138 proventibus
532 3053 703 3116 occasione
727 3052 913 3117 huiusmodi
936 3051 1119 3127 molestari;
1142 3052 1372 3116 molestatores
1396 3051 1580 3116 huiusmodi
1604 3058 1665 3116 etc.

401 3172 478 3240 Dat.
501 3171 663 3258 Lugduni,
686 3171 720 3237 II
742 3172 791 3239 Id.
813 3172 1021 3247 Novembris,
1045 3193 1129 3238 auno
1146 3171 1209 3235 VI⁰
1220 3171 1241 3236 ¹.

920 3435 1332 3446 ———·—-—---————-—·—-

1083 3694 1170 3772 606.

404 3813 621 3906 Innocentius
647 3835 672 3902 I
678 3833 703 3900 V
723 3857 811 3918 popio
840 3833 1035 3924 Sltqtisono]
1072 3838 1158 3903 tituli
1189 3835 1324 3904 Sanctae
1352 3833 1484 3903 Mariae
1515 3833 1743 3903 Transtiberino
1774 3837 1954 3920 presbytero

300 3941 468 4020 cardinali,
491 3942 610 4006 meanto
631 3961 688 4005 suo
710 3941 745 4004 in
774 3941 863 4019 Urbe,
886 3942 1026 4020 mandet,
1048 3946 1084 4005 nt
1105 3941 1269 4006 Mattbceo
1291 3943 1409 4019 clerieo,
1435 3943 1540 4023 nepoti
1561 3941 1719 4024 quondum
1743 3939 1896 4006 Theodini
1917 3940 1955 4005 do

301 4047 480 4125 Amiterno,
514 4046 570 4127 qui
596 4067 617 4110 a
645 4049 778 4128 tempore
805 4047 931 4129 primm
963 4045 1139 4110 discordiae
1172 4050 1271 4111 motae
1304 4047 1388 4110 inter
1419 4045 1578 4110 calesium
1610 4051 1639 4110 ct
1671 4045 1837 4126 imperinm
1866 4043 1956 4108 bonis

301 4148 444 4213 omnibns
460 4150 610 4230 privatus
630 4150 742 4226 cantet,
764 4149 800 4212 in
822 4149 950 4214 ecclesio
972 4149 1111 4213 Reatina
1133 4149 1170 4212 de
1187 4149 1370 4230 praebendo
1392 4155 1524 4215 emerite
1541 4149 1715 4231 providem.

1603 4253 1696 4329 1248,
1719 4249 1797 4316 Nou.
1816 4253 1867 4316 12.

406 4371 471 4424 Inn.
490 4371 537 4424 11⁷
552 4371 615 4440 Rop.
635 4371 696 4425 Lib.
715 4371 761 4437 VI,
777 4371 796 4437 fi
810 4379 852 4438 ll,
870 4388 897 4426 a.
910 4379 963 4427 513.
1000 4373 1126 4442 Epistola
1143 4390 1199 4427 non
1217 4379 1279 4427 anto
1295 4380 1404 4441 o.1249,
1427 4372 1496 4426 Mat.
1514 4373 1650 4426 ineuntem
1667 4372 1806 4440 repratroto
1823 4375 1868 4426 est.

406 4457 534 4524 Pottbust,
555 4458 617 4525 ltcp.
631 4463 722 4520 136345
740 4455 837 4525 Berqer
854 4463 930 4512 4503.

404 4655 441 4728 S.
469 4653 591 4726 tituli
618 4654 776 4727 Sancte
802 4653 939 4728 Marie
966 4653 1294 4728 ‘transtiberim
1322 4657 1588 4748 presbytero
1616 4652 1855 4742 cardinali,

827 4774 998 4849 vicario
1027 4781 1186 4849 nostro
1214 4775 1257 4848 in
1285 4767 1434 4850 Urbet.

411 4924 483 4988 Etsi
508 4922 547 4988 ad
572 4923 787 5008 provisionem
813 4931 1011 5002 cunctorum,
1035 4925 1089 5008 qui
1114 4924 1252 5008 gratiam
1276 4931 1387 4988 nostre
1410 4923 1603 5011 provisionis
1628 4929 1823 5009 exposcunt,
1848 4923 1955 4986 inten-

303 5029 381 5095 dere
405 5035 586 5108 teneamur,
610 5027 697 5092 circa
719 5027 792 5118 illos
815 5034 926 5093 tamen
950 5037 1080 5092 euram⁶
1104 5049 1163 5092 nos
1187 5028 1284 5093 decet
1299 5026 1488 5114 impendere
1505 5028 1695 5114 specialem,
1719 5027 1774 5113 qui
1791 5024 1956 5090 nobilibus

659 5187 766 5194 ——b

409 5289 433 5355 ⁸)
452 5287 563 5342 totoslt.
656 5285 680 5352 b)
698 5286 820 5340 debetR.
914 5288 938 5355 ⁰)
956 5289 1036 5357 ipsius
1056 5316 1087 5326 -
1107 5290 1183 5340 stiam
1202 5291 1236 5340 im
1255 5289 1281 5340 in
1301 5289 1356 5340 loco
1373 5305 1444 5340 roeo.
1536 5286 1561 5352 ἃ)
1580 5288 1669 5340 Eidem
1683 5286 1714 5339 It.
1809 5289 1832 5350 θ)
1850 5303 1912 5338 cura
1925 5283 1958 5337 R.

410 5427 437 5494 1)
456 5425 511 5479 Sub
529 5424 596 5479 Noc.
613 5431 646 5480 20
665 5441 742 5492 popu
766 5423 854 5477 abbati
877 5422 909 5478 oie
932 5424 1082 5494 Wottinpeu
1105 5423 1254 5493 nmndurit,
1278 5429 1310 5478 nt
1332 5424 1357 5478 ei
1378 5424 1475 5490 fratres
1497 5428 1523 5477 et
1545 5422 1595 5476 otii
1618 5421 1811 5491 mrosunpuinci
1833 5421 1960 5491 anonis

304 5513 432 5568 obturato
447 5528 535 5566 errore
551 5511 697 5566 edivam
718 5511 834 5564 welanao
855 5511 1040 5578 prorniscrint,
1065 5511 1099 5564 iis
1118 5510 1273 5577 beneficiam
1290 5510 1467 5564 absolutionis
1483 5509 1657 5577 impenderet,
1680 5507 1821 5562 naman
1843 5513 1875 5561 nt
1892 5507 1960 5560 mon

306 5600 394 5668 ano,
412 5599 447 5652 iis
464 5605 488 5652 ot
505 5598 574 5666 aliie,
592 5613 705 5665 quornm
722 5597 931 5650 communionem
948 5597 1077 5652 commo&
1093 5599 1176 5652 entare
1192 5613 1248 5651 non
1262 5601 1356 5665 poam,
1374 5601 1405 5650 ut
1423 5612 1465 5650 eos
1481 5595 1518 5648 od
1529 5595 1680 5664 obseptum
1691 5595 1811 5650 occbmoe
1821 5599 1960 5662 maceret,

305 5687 511 5752 communicans,
529 5686 644 5740 alicuine
660 5683 940 5740 cnconmrnricotionis
955 5685 1090 5740 naculum
1101 5701 1157 5739 non
1168 5686 1316 5739 incurrent
1327 5683 1373 5754 [cs.
1384 5699 1412 5738 n.
1424 5683 1498 5754 ooeJ.
1527 5681 1584 5737 Sub
1595 5681 1661 5736 Noc.
1676 5689 1707 5737 10
1719 5686 1743 5736 ct
1756 5688 1788 5736 19
1801 5697 1877 5752 popo
1891 5679 1961 5738 dens
