4328 6232
695 370 896 427 nrlanonsn
913 368 1103 428 sennense.
1140 373 1216 430 1243.
1745 381 1782 444 31

132 551 239 609 tamen
263 551 390 612 attente
413 567 603 632 pensamus,
626 569 723 633 quam
747 549 789 612 sit
811 550 900 613 utilis
923 549 1098 633 presertim
1123 550 1184 613 hoc
1207 555 1354 635 ternpore
1371 553 1403 615 in
1421 551 1570 637 partibus
1586 552 1784 618 Lombardie

131 647 311 735 [presentia
340 647 442 736 tua]⁸,
475 671 637 736 quamque
668 651 850 737 dampnosa
877 658 935 716 tua
966 653 1125 717 existeret
1158 653 1308 719 absentia
1328 654 1385 743 'illi
1414 663 1519 736 terre,
1551 663 1584 722 te
1614 655 1721 721 adhuc
1752 656 1785 719 iu

128 748 255 816 eisdem
278 754 399 818 morari
422 753 582 840 partibus,
607 755 751 819 iniuncte
774 755 835 818 tibi
856 755 1032 839 legationis
1048 755 1190 819 officium
1208 757 1401 836 exercendo,
1424 759 1648 844 potiusquam
1665 759 1784 824 exinde

124 874 285 921 revocare
314 857 400 922 iusto
429 858 589 943 elegimus
620 858 740 922 iudicio
772 859 927 935 rationis,
961 859 1104 923 maxime
1129 879 1201 922 cum
1225 858 1267 922 ad
1290 858 1323 923 id
1348 860 1532 925 sollicitudo
1554 860 1727 926 laudabilis
1751 866 1786 926 et

125 958 306 1044 plurimum
340 961 479 1025 ecclesie
511 982 549 1025 ac
581 968 669 1026 terre
704 961 851 1046 predicte
887 960 1039 1025 fidelibus
1071 960 1252 1040 fructuosa,
1291 983 1387 1047 quam
1422 965 1455 1028 in
1484 963 1600 1029 eadem
1629 965 1784 1029 habuisse

124 1063 296 1146 legatione
320 1062 512 1145 dinosceris,
535 1086 596 1129 nos
620 1065 760 1131 inducet.
800 1063 1016 1149 Diligentiam
1039 1065 1150 1149 itaque
1174 1072 1263 1129 tuanr
1287 1064 1394 1150 dignis
1416 1067 1449 1130 in
1465 1066 1608 1132 Domino
1631 1068 1784 1133 laudibus

125 1165 415 1249 commendantes,
456 1169 658 1255 presentium
697 1168 756 1232 tibi
792 1168 987 1232 auctoritate
1025 1167 1232 1248 mandamus,
1268 1169 1421 1255 quatinus
1448 1177 1584 1256 portans
1617 1171 1786 1236 humiliter

125 1271 319 1355 impositum
349 1272 409 1336 tibi
438 1293 520 1338 onus
551 1280 585 1338 et
615 1259 751 1359 sperans
782 1273 814 1336 in
843 1272 914 1350 illo,
945 1271 999 1355 qui
1023 1271 1174 1335 omnibus
1197 1294 1256 1358 pro
1279 1274 1437 1359 impensis
1461 1275 1491 1339 ei
1515 1295 1640 1360 sueque
1664 1295 1784 1361 sponse

128 1374 273 1438 servitiis
305 1374 469 1460 condigna
507 1376 722 1441 retributione
761 1373 955 1460 respondet,
996 1374 1178 1459 predictum
1217 1376 1372 1456 officinm,
1413 1383 1511 1463 prout
1544 1377 1605 1442 tibi
1632 1400 1653 1443 a
1679 1377 1784 1442 felicis

129 1477 365 1543 recordationis
389 1478 550 1565 Gregorio
574 1501 660 1564 papa
690 1477 925 1564 predecessore
955 1484 1067 1541 nostro
1097 1478 1194 1563 plene
1223 1481 1432 1543 commissum
1460 1480 1570 1546 extitit
1582 1477 1603 1562 ¹,
1636 1482 1786 1546 sollerter

131 1587 165 1645 et
186 1580 322 1666 provide
345 1603 435 1646 more
459 1583 555 1647 solito
579 1583 766 1668 exequaris,
790 1582 950 1646 catholice
974 1581 1052 1646 fidei
1076 1592 1109 1646 et
1132 1583 1360 1649 ecclesiastice
1384 1585 1548 1650 libertatis
1572 1593 1785 1671 augmentum

131 1705 168 1748 sc
190 1684 366 1749 utilitatem
389 1685 535 1750 fidelium
558 1687 699 1772 ‘partium
724 1685 902 1749 earundem
926 1686 1025 1748 totius
1050 1685 1218 1770 vigilantia
1243 1687 1350 1751 studio
1379 1689 1598 1774 procurando,
1629 1690 1675 1752 ita
1699 1687 1784 1774 quod

133 1787 248 1852 exinde
272 1789 429 1854 merearis
453 1790 609 1875 consequi
633 1791 793 1876 premium
816 1789 902 1876 apud
919 1789 1039 1869 Deum,
1061 1791 1248 1854 uberiorem
1272 1791 1313 1855 ab
1337 1793 1520 1878 apostolica
1543 1793 1622 1859 sede
1645 1793 1785 1878 gratiam

135 1898 165 1956 ct
184 1913 288 1977 penes
310 1892 461 1958 homines
485 1914 605 1959 nornen
629 1894 761 1958 bonum.

238 2011 315 2079 Dat.
339 2013 494 2081 Lateran.
518 2014 587 2078 Xll
610 2013 685 2079 Kal.
709 2013 911 2094 Decembris,
936 2033 1021 2077 auno
1038 2012 1065 2077 Ι.

927 2449 989 2522 to.

234 2565 453 2661 Innocentius
468 2591 492 2655 I
498 2589 526 2653 V
532 2611 621 2672 popa
636 2590 806 2674 [Mer-ino]
824 2589 1054 2670 archiepiscopo
1068 2589 1211 2656 Barcaei
1227 2590 1367 2670 marmot,
1389 2595 1425 2655 nt
1438 2590 1682 2677 [Roymnndnnr
1701 2590 1786 2677 VII]

133 2695 267 2758 comitem
286 2693 482 2772 Tolosanum,
505 2692 560 2774 qni
582 2693 626 2757 ort
646 2692 800 2756 mandato
821 2693 964 2758 ecclcsiae
979 2698 1160 2776 proemium
1174 2713 1207 2757 se
1222 2693 1341 2772 offerat,
1364 2694 1404 2759 ob
1420 2694 1564 2760 omnibns
1578 2696 1786 2760 excommnni-

133 2798 288 2860 cationum
309 2798 473 2862 sententiis
494 2802 616 2877 recepta
638 2797 780 2861 cantione
801 2798 957 2876 absoloni,
987 2798 1122 2879 quotibet
1143 2799 1373 2879 impedimento,
1404 2800 1571 2880 quominus
1592 2799 1627 2864 id
1647 2800 1786 2864 celeriter

131 2901 196 2981 fiat,
219 2905 342 2966 remoto.
1459 2905 1553 2981 1243,
1576 2901 1651 2968 Dec.
1667 2906 1698 2969 2.

235 3019 301 3074 Inn.
314 3022 333 3074 1
337 3020 363 3073 V
378 3021 440 3090 ch.
460 3021 515 3075 Vol.
531 3021 555 3087 Ι,
573 3031 620 3088 m
638 3020 698 3075 hie.
713 3022 735 3089 Ι,
755 3030 813 3077 266.
845 3022 1033 3076 Avesttrcntscnm
1051 3041 1069 3075 n
1091 3023 1186 3090 Perstet,
1208 3022 1329 3094 Lopcttes
1346 3023 1385 3077 dn
1407 3023 1502 3078 lte'aor
1518 3023 1563 3078 des
1582 3023 1695 3078 Chanes
1711 3029 1728 3077 t.
1741 3023 1786 3090 11,

135 3111 188 3174 623,
210 3123 238 3161 n.
251 3112 318 3161 3144
335 3107 437 3161 eddam
454 3123 515 3161 enm
534 3107 650 3175 amenis
668 3109 782 3162 contestit
800 3108 828 3162 V.
844 3108 885 3163 01.
898 3110 933 3162 A.
949 3109 1026 3161 Mon.

236 3193 367 3263 Potttmst,
387 3193 451 3263 neq.
465 3200 557 3261 11187,
575 3194 673 3262 Bcrpcr
684 3201 739 3249 267.

611 3429 649 3447 ..
678 3376 1043 3468 archiepiscopo
1079 3369 1310 3450 Berensi².

240 3523 419 3610 Sperantes
442 3524 530 3611 quod
553 3526 673 3591 nobilis
696 3525 745 3590 vir
768 3576 801 3592 ..
826 3547 935 3590 comes
960 3525 1174 3604 dolosanus,
1204 3526 1259 3610 qui
1282 3523 1440 3610 grandem
1465 3525 1573 3590 locum
1595 3526 1682 3590 inter
1704 3526 1786 3590 alios

137 3626 297 3714 principes
321 3627 410 3692 orbis
429 3627 577 3693 obtinere
594 3628 782 3710 dinoscitur,
807 3628 927 3693 debeat
942 3629 1083 3694 ecclesie
1106 3650 1165 3692 sua
1181 3629 1388 3707 strenuitate,
1414 3628 1564 3715 potentia
1580 3636 1615 3694 et
1628 3627 1788 3694 industris

137 3750 209 3796 esse
241 3731 331 3796 utilis
359 3738 394 3796 et
423 3752 489 3796 non
519 3732 680 3796 modicum
710 3733 912 3812 fructuosus,
943 3733 1088 3797 libenter
1119 3733 1227 3818 ipsum
1257 3731 1362 3796 modis
1395 3732 1513 3816 quibus
1543 3753 1717 3819 possumus
1746 3731 1786 3796 ad

138 3833 344 3900 devotionem
372 3836 552 3921 apostolice
584 3835 671 3899 sedis
694 3835 876 3900 inducimus
899 3835 1028 3920 sibique
1052 3836 1094 3900 in*
1108 3835 1172 3899 hiis
1196 3857 1259 3921 que
1282 3836 1381 3919 digne
1404 3834 1554 3921 deposcit
1576 3857 1636 3901 nos
1657 3837 1786 3901 lavora-

138 3936 217 4003 biles
247 3938 456 4005 exhibemus.
503 3937 585 4003 Cum
608 3939 707 4024 igitur
730 3939 817 4003 idem
848 3960 973 4016 comes,
1006 3940 1090 4003 sicut
1112 3939 1207 4002 nobis
1231 3960 1291 4024 per
1314 3960 1390 4003 suos
1414 3939 1633 4024 sollempnes⁰
1656 3938 1787 4003 nuntios

139 4041 313 4124 intimavit,
343 4042 384 4107 ed
413 4042 567 4108 mandata
598 4041 685 4107 sedis
714 4043 894 4129 apostolice
918 4063 984 4107 non
1007 4043 1077 4106 sine
1101 4042 1204 4105 multa
1226 4043 1383 4106 instantia
1405 4049 1588 4128 promptum
1613 4062 1648 4108 se
1673 4043 1789 4107 offerat

141 4152 171 4209 ct
191 4152 352 4231 peratum,
377 4166 448 4226 nos,
472 4146 640 4231 cupientes
664 4153 700 4210 ut
724 4147 794 4210 eius
818 4146 1033 4232 propositum,
1058 4143 1144 4230 quod
1167 4145 1340 4231 plurimum
1363 4146 1395 4208 in
1415 4143 1556 4210 Domino
1580 4144 1787 4210 commenda·

139 4268 217 4327 mus,
240 4248 282 4313 ad
307 4248 460 4314 effectum
484 4249 556 4315 sine
580 4249 746 4314 dilationis
770 4248 942 4335 dispendio
963 4247 1172 4334 perducatur,
1196 4268 1234 4312 ac
1250 4248 1399 4313 nolentes
1415 4248 1591 4312 cuiuslibet
1606 4247 1787 4313 occasionis

140 4372 193 4417 scu
222 4350 451 4438 impedimenti
476 4353 661 4430 materiam,
698 4352 873 4436 quominus
902 4351 934 4415 id
963 4350 1116 4415 celeriter
1139 4350 1253 4430 faeiat,
1284 4351 1483 4431 renronere⁸,
1513 4351 1710 4417 fraternitati
1731 4358 1787 4416 tue

140 4457 337 4540 presentium
360 4457 556 4522 auctoritate
573 4457 776 4535 mandamus,
800 4456 952 4541 quatinus
968 4456 1076 4541 ipsum
1092 4455 1133 4520 ab
1150 4454 1301 4518 omnibus
1318 4454 1694 4519 excommunicationum
1711 4474 1786 4519 sen-

141 4560 248 4624 tentiis
265 4560 298 4623 in
315 4580 390 4625 eum
406 4560 629 4645 cuiuscunque
644 4559 839 4625 auctoritate
855 4558 1000 4645 prolatis,
1018 4563 1150 4644 recepta
1162 4557 1252 4644 prius
1264 4556 1306 4620 ab
1319 4577 1358 4622 eo
1370 4557 1526 4622 iuratoria
1538 4558 1689 4622 cautione
1701 4556 1787 4642 quod

141 4668 202 4727 tarn
222 4663 411 4750 superbiis,
435 4685 494 4750 pro
518 4665 634 4750 quibus
658 4662 773 4728 eedem
796 4663 928 4728 fuerunt
951 4664 1113 4727 sententie
1133 4662 1348 4747 promulgate,
1373 4682 1469 4747 quam
1486 4662 1584 4726 etiem
1600 4683 1698 4747 super
1713 4683 1786 4748 pro-

141 4766 347 4833 missionibus
370 4773 404 4831 et
426 4766 684 4853 obligationibus
706 4766 748 4830 ab
772 4765 887 4831 eodem
910 4766 1030 4830 comite
1055 4765 1236 4850 apostolice
1254 4763 1343 4828 sedid
1360 4764 1457 4829 iactis
1475 4764 1618 4830 ecclesie
1635 4764 1787 4832 mandato

241 4925 385 4934 *—

238 5027 263 5092 s)
281 5027 412 5095 presentis
429 5033 476 5079 tna
487 5026 556 5079 deest
568 5026 598 5077 P.
611 5034 634 5078 ct
645 5026 678 5078 B.
736 5024 761 5090 b)
774 5027 937 5079 'tholosanus
947 5026 980 5077 A.
1039 5024 1062 5091 ο)
1076 5026 1219 5092 solempnes
1229 5025 1261 5076 A.
1321 5023 1347 5085 e)
1360 5025 1427 5077 sodis
1437 5026 1479 5092 A,
1497 5027 1548 5078 nisi
1563 5025 1682 5078 mom
1694 5023 1788 5093 tppottr.

240 5164 267 5226 1)
281 5162 319 5229 Os.
332 5168 349 5217 t.
363 5163 386 5231 L
400 5179 429 5230 p.
442 5169 501 5218 650.
568 5161 595 5225 2)
613 5161 696 5214 Hanc
708 5177 756 5229 cp,
774 5177 802 5212 n.
815 5169 850 5216 46
866 5166 940 5230 step.
954 5179 978 5214 a.
994 5167 1065 5226 1244,
1083 5160 1153 5214 Mai.
1168 5168 1197 5213 16
1214 5178 1232 5213 a
1246 5160 1350 5214 Pertcio
1367 5160 1477 5214 omissas
1494 5177 1543 5213 nos
1559 5160 1707 5228 recepimus,
1723 5161 1790 5228 quio

141 5263 218 5303 com
232 5250 382 5305 Tolosunns
394 5248 500 5318 primns
517 5255 573 5303 erat
591 5248 663 5302 inter
680 5248 747 5302 alios
763 5248 945 5302 internuntios
962 5248 1138 5316 inmnoton‘a,
1155 5247 1203 5315 qni
1221 5251 1253 5299 nt
1269 5247 1340 5301 inter
1356 5247 1429 5301 tnnc
1445 5251 1469 5299 et
1486 5246 1616 5300 cadmiam
1629 5262 1689 5314 pce
1706 5246 1789 5312 refer·

142 5341 261 5403 mmor,
286 5337 329 5391 tris
350 5336 482 5391 menbris
503 5336 708 5401 tobmocerrnrt5
729 5350 784 5403 qrsa
806 5333 838 5388 dc
859 5351 944 5388 conso
965 5351 1025 5388 enm
1042 5335 1099 5387 iam
1116 5349 1203 5387 mense
1223 5333 1278 5387 Oct.
1299 5334 1413 5388 Romam
1427 5333 1574 5400 mnenon
1591 5349 1642 5386 csse
1660 5333 1741 5403 Rycc.
1759 5332 1790 5387 dc

143 5419 267 5476 hidem
282 5421 331 5477 sa
343 5427 362 5476 t.
372 5419 460 5490 xlx,
472 5437 502 5490 p.
512 5428 562 5477 384
576 5422 667 5488 refert.
702 5418 743 5488 Os.
757 5420 993 5488 anem-atne,
1009 5422 1026 5475 t.
1035 5437 1057 5474 c.
1070 5427 1138 5476 3397
1153 5438 1171 5473 a
1188 5426 1213 5473 et
1224 5435 1293 5487 sequ.
1371 5419 1399 5487 3)
1414 5419 1495 5488 Papo
1507 5419 1591 5488 igitur
1602 5425 1668 5473 tnnc
1679 5419 1791 5488 qrridern,

142 5512 170 5559 st
183 5523 241 5576 poc
258 5524 321 5561 cnm
336 5508 492 5577 ingemere
507 5511 714 5575 restonrordnr,
733 5504 896 5562 desiderasse
911 5504 992 5577 idque
1007 5508 1069 5576 fieri
1082 5524 1159 5576 posse
1176 5522 1294 5576 measse
1306 5503 1416 5572 ridden,
1435 5522 1549 5574 qssocnnr
1560 5502 1632 5574 qnod
1646 5505 1723 5559 iussn
1735 5507 1791 5560 eius

142 5593 229 5648 cuin
243 5594 315 5649 aare
328 5594 454 5665 m
469 5593 502 5648 te
521 5594 641 5663 fasces
663 5592 768 5649 munis
782 5591 827 5649 tn
842 5593 1000 5665 m
1015 5594 1131 5664 neptas
1146 5599 1225 5661 osor,
1246 5593 1379 5659 mnsam
1400 5591 1792 5660 &perscorensem

142 5684 261 5751 unns
277 5678 449 5736 amu.
467 5676 721 5753 umnam
737 5677 848 5751 Μ·
1072 5684 1147 5739 snat
