4328 6232
12 341 53 400 54
228 344 232 350 '
541 330 588 384 EX
605 325 823 383 innocentii
841 327 881 380 IV
900 326 1082 382 auctorne

0 507 188 590 rogabunt,
219 506 393 590 diligenter
421 503 528 587 colligi
557 523 595 565 ac
625 500 768 565 fideliter
797 500 898 563 facias
930 502 1135 570 conservari.
1170 523 1228 587 pro
1258 503 1406 569 eiusdem
1436 502 1644 588 promotione

1 610 116 693 1egetii
138 610 231 673 iuxta
253 607 440 672 mandatum
464 612 608 670 nostrum
631 604 839 690 postmodum
863 602 1091 689 expendenda.

98 730 174 797 Dat.
197 730 359 816 Lugduni,
382 729 453 792 llll
474 727 559 792 Nou.
582 727 668 805 Iulii,
691 747 777 790 anno
801 728 927 811 quarto.

731 1252 736 1261 ·
769 1209 857 1284 203.

97 1320 313 1412 Innocentius
332 1348 390 1412 IV
408 1369 497 1429 papa
524 1348 711 1434 [Philippo]
740 1349 832 1413 electa
853 1348 1060 1413 Ferrarieasi
1085 1348 1202 1429 plenae
1228 1347 1394 1431 tonationis
1421 1348 1564 1429 efficium
1585 1370 1645 1429 per

0 1451 178 1516 tantoniam
200 1450 368 1516 comnrittit.
1326 1453 1420 1529 1246,
1443 1451 1510 1517 Inl.
1528 1453 1559 1519 5.

97 1572 158 1624 Inn
177 1572 224 1626 IV
239 1572 302 1641 Rea.
324 1572 376 1626 Vol.
395 1572 417 1639 1,
437 1580 499 1638 4173
526 1571 585 1626 Lab.
603 1571 654 1638 IV,
676 1588 731 1625 aar.
751 1582 773 1626 1.
822 1571 922 1624 Perdat
948 1573 1081 1640 marlae
1106 1570 1283 1638 condatense
1308 1585 1340 1623 ca
1368 1568 1460 1640 Rapsa.
1486 1571 1562 1624 Ana.
1590 1573 1646 1626 cml.

13 1662 225 1812 'widelae
244 1744 308 1812 Rea.
320 1750 426 1826 reseas
437 1743 537 1812 Βιιριι
550 1749 619 1798 aare.

224 1997 263 2015 ..
292 1942 439 2015 electo
466 1937 773 2026 Ferrariensi,
799 1939 1058 2027 apostolice
1085 1938 1213 2010 sedis
1240 1936 1408 2028 legato.

100 2087 193 2153 Illius
216 2089 293 2156 lieet
308 2089 462 2154 immeriti
478 2089 589 2153 vicarii
613 2089 792 2168 constituti,
815 2088 870 2174 qui
892 2110 952 2174 pro
973 2089 1080 2154 salute
1097 2087 1230 2153 humani
1245 2087 1378 2170 generis
1400 2087 1442 2152 ds
1459 2091 1644 2175 suppremis
1695 2117 1707 2151 ι

13 2191 136 2256 elerum
159 2192 200 2257 ad
222 2194 288 2256 ima
310 2192 421 2257 mundi
443 2191 656 2271 descendens,
680 2192 858 2278 discipulos
881 2212 962 2277 quos
987 2192 1089 2276 elegit
1112 2192 1144 2256 in
1162 2191 1350 2256 uuiversum
1366 2189 1522 2254 mundum
1540 2198 1646 2258 trans-

1 2296 80 2359 uisit
96 2297 183 2360 omni
200 2301 348 2360 creature
366 2296 573 2380 evangelium
593 2294 771 2381 predicare,
795 2315 1040 2380 nonnumquam
1056 2296 1142 2359 viros
1159 2292 1312 2381 providos
1328 2300 1361 2358 et
1377 2292 1550 2372 discretos,
1575 2318 1646 2360 eum

2 2420 195 2484 nequeamus
211 2400 292 2464 locis
311 2399 447 2483 siugulis
465 2399 624 2484 corporali
640 2399 807 2484 presentia
822 2399 1002 2479 imminere,
1019 2399 1171 2463 instructi
1194 2399 1264 2462 eius
1281 2398 1446 2483 exemplo,
1469 2399 1501 2461 in
1519 2406 1645 2485 partem

0 2502 223 2567 allicitudiuis
253 2523 426 2568 evocamus
455 2523 512 2587 pro
541 2503 746 2586 negotiorum
775 2502 957 2587 ingentium
989 2503 1165 2588 qualitate,
1195 2501 1251 2587 qui
1273 2521 1375 2587 prava
1401 2500 1436 2564 in
1464 2500 1591 2568 directa
1613 2511 1647 2567 ct

0 2626 111 2690 spera
126 2611 353 2671 convertentes
377 2606 534 2691 inplens,
559 2612 665 2670 rectas
682 2606 805 2670 faciant
824 2607 959 2670 semitas
982 2605 1035 2671 dei
1051 2606 1154 2670 nostri
1170 2604 1390 2692 populumque
1407 2605 1645 2691 acceptabilem
1696 2635 1704 2670 ι

0 2708 57 2772 ibi
80 2707 227 2775 reddant.
270 2709 357 2773 Hinc
381 2714 439 2787 est,
464 2707 549 2793 quod
573 2729 631 2772 nos
655 2708 731 2785 tibi,
761 2708 801 2773 de
825 2709 917 2773 cuius
940 2709 1166 2795 providentia·
1189 2715 1222 2773 et
1245 2707 1441 2772 discretione
1465 2708 1594 2773 firmam
1616 2710 1648 2773 in

5 2811 133 2875 lemine
156 2812 305 2877 fiduciam
329 2812 529 2890 obtinemus,
559 2813 657 2898 plene
684 2811 857 2896 legationis
880 2811 1025 2875 officium
1054 2814 1087 2876 in
1111 2811 1294 2876 Theotonie
1323 2811 1471 2896 partibus
1495 2811 1649 2877 duximus

15 2916 272 2995 ommittendum,
288 2936 445 2981 concessa
461 2916 519 2980 tibi
536 2916 639 2980 libera
656 2920 831 3000 potestate,
848 2921 885 2977 ut
900 2915 1023 2980 evellas
1040 2921 1074 2980 et
1085 2914 1246 2993 destruas,
1262 2913 1404 3000 dissipes
1421 2921 1455 2979 et
1466 2914 1649 3001 disperdas,

2 3017 129 3082 difices
161 3025 195 3084 et
221 3018 366 3106 plantes,
403 3025 500 3103 prout
533 3017 713 3084 secundum
742 3017 850 3081 Deum
879 3017 1000 3083 videris
1030 3018 1198 3104 expedire.
1253 3015 1415 3090 Quocirca
1444 3018 1647 3098 mandamus,

2 3120 148 3185 ‹uatinus
171 3121 370 3206 legationem
392 3123 497 3208 ipsam
520 3123 567 3186 sic
591 3122 726 3187 studeas
748 3122 842 3185 iuxta
865 3120 976 3186 datam
998 3122 1060 3187 tibi
1083 3121 1259 3187 aDomino
1284 3121 1423 3206 gratiam
1442 3121 1649 3186 laudabiliter
1697 3148 1707 3183 ι

3 3245 168 3306 ¹rrercere,
199 3225 286 3311 quod
314 3226 433 3291 exinde
463 3226 550 3313 apud
572 3225 681 3291 Deum
710 3227 862 3291 meritum
892 3233 926 3291 et
955 3227 1042 3313 apud
1066 3227 1216 3292 homines
1244 3225 1302 3291 tibi
1331 3245 1502 3311 compares
1530 3246 1649 3290 nomen

3 3348 126 3410 sonum,
149 3349 274 3414 nosque
297 3328 501 3416 diligentiam
523 3337 613 3396 tuam
637 3330 743 3416 dignis
768 3331 801 3394 in
823 3329 967 3396 Domino
991 3331 1142 3396 leudibus
1166 3327 1440 3395 commendemus.

104 3449 181 3515 Dat.
204 3451 368 3536 Lugduni,
392 3450 446 3516 III
468 3451 553 3519 Non.
576 3451 662 3533 Iulii,
687 3473 772 3517 anno
796 3458 920 3537 quarta.

780 3959 868 4034 aot.

101 4064 320 4161 lamenta
335 4096 356 4162 1
362 4095 393 4160 V
402 4117 494 4180 papa
517 4098 616 4162 eidem
638 4102 747 4165 varias
766 4102 957 4184 generaliter
974 4122 1034 4185 per
1052 4100 1237 4167 Tentandum
1256 4098 1462 4162 wncessiones
1483 4101 1513 4162 et
1526 4097 1652 4180 dmpen

18 4200 140 4266 alienes
159 4198 300 4279 scaenai
322 4204 352 4266 et
373 4219 537 4266 eensnnam
559 4203 798 4269 ecclesiasticam
819 4205 865 4270 ibi
886 4205 1051 4272 maenadi
1068 4204 1257 4290 facultatem
1278 4201 1344 4267 dat.
1700 4229 1707 4269 ι

1327 4308 1420 4384 1246,
1445 4304 1511 4369 lul.
1534 4306 1565 4370 5.

104 4404 167 4458 Inn.
180 4402 229 4457 IV
245 4403 310 4474 Ray.
326 4404 417 4473 Votl,
435 4414 583 4475 stt-4185
607 4408 668 4463 lab.
685 4410 736 4477 IV,
752 4426 808 4464 cnr.
827 4419 852 4480 8,
871 4421 894 4479 9,
914 4421 953 4479 10,
975 4419 1012 4481 12,
1031 4418 1068 4478 13,
1089 4414 1272 4478 11151116.
1314 4407 1367 4475 Ep.
1385 4422 1441 4460 cren.
1453 4415 1483 4460 11
1500 4406 1550 4459 aab
1567 4423 1594 4458 n.
1607 4412 1654 4461 221

0 4527 1 4533 ι
35 4491 134 4546 ιιιεῖα
151 4495 195 4545 est.

102 4577 206 4647 Bane
217 4584 393 4647 asae-aeae,
412 4586 584 4637 sese-2932.

816 4671 843 4734 1.

729 4791 923 4872 Eideml.

107 4940 203 5005 Licet
230 4939 308 5005 olim
336 4938 529 5004 duxerimus
559 4941 800 5022 statuendnm1,
834 4951 871 5009 ut
899 4944 999 5029 legati
1032 4943 1120 5007 sedis
1148 4940 1345 5029 apostolice,
1379 4939 1442 5003 uisi
1470 4937 1654 5004 cardinales

21 5047 163 5123 sistant,
194 5043 316 5108 nullam
345 5042 489 5108 habeant
521 5045 711 5112 conterendi
735 5048 896 5114 beneficia
918 5054 1132 5134 potestatem,
1162 5068 1220 5110 nos
1242 5051 1370 5123 tamen,
1392 5042 1543 5107 volentes
1565 5048 1653 5106 tuam

21 5180 25 5206 ι
55 5149 117 5216 hac
141 5156 235 5237 parte
259 5168 432 5235 personam
455 5149 643 5234 specialiter
665 5149 836 5232 bonorare,
861 5153 1049 5218 discretioni
1073 5158 1140 5232 tue,
1164 5158 1200 5215 ut
1222 5146 1422 5234 generaliter
1444 5166 1503 5232 per
1517 5167 1652 5231 regnum

105 5408 129 5476 ⁸)
148 5410 309 5478 providentia
327 5438 360 5448 -
378 5410 499 5478 expedire
516 5427 548 5464 aa
565 5410 650 5480 Baga
740 5412 765 5475 b)
783 5415 909 5468 ιιιιιιωάἱι
926 5433 952 5466 ιι.
965 5419 1018 5467 111.

106 5538 1650 5619 1)Ιιωιιαῒιιῖιιιᾱιιιιιῑιιιιιιιιιιοιιιιιιιιιιιιιμιωιισιηιιιιι.ιιιιιιιιιιιιιι,ιιιιι
1705 5579 1707 5589 ,

1 5629 451 5700 maecenatem.
