4328 6232
215 336 278 408 332
770 332 818 395 EX
836 332 1055 396 Innoonnrn
1072 333 1111 395 IV
1128 332 1309 398 REGISTRO

318 515 357 580 In
381 513 520 580 eundem
543 513 675 579 modum
698 564 730 579 ..
754 514 1000 603 archiepiscopo
1023 515 1243 581 Treverensi¹
1267 518 1393 582 eteius
1417 515 1644 603 suffraganeis.

315 619 354 684 Irr
378 620 517 685 eundern
540 618 672 684 modum
696 667 730 687 ..
752 620 999 706 archiepiscopo
1022 620 1217 686 Bremensi²
1240 623 1366 686 eteius
1390 623 1616 707 suffraganeis.

317 723 354 788 In
378 723 519 788 eundem
541 724 672 789 modum
697 772 730 790 ..
754 717 909 810 episcopo
931 724 1165 811 Herbipolensi
1176 725 1200 790 ³.

318 827 356 891 In
380 827 518 892 eundern
542 827 673 892 modurn
697 876 729 891 ..
754 829 908 915 episcopo
931 828 1201 914 Argentinensi⁴.

316 932 356 997 In
380 931 520 997 eundem
542 931 674 996 modum
698 979 731 995 ..
755 931 910 1018 episcopo
934 931 1218 998 Monasteriensi⁵.

319 1035 357 1099 ln
381 1035 521 1100 eundern
542 1033 672 1098 modum
697 1082 730 1097 ..
755 1033 860 1098 electo
885 1034 1032 1120 Spirensi
1042 1035 1065 1100 ⁶.

320 1140 360 1203 In
383 1139 521 1203 eundern
545 1138 675 1202 modum
698 1187 730 1202 ..
755 1137 829 1203 duci
852 1137 1066 1204 Brabantie⁷.

315 1243 353 1308 In
376 1242 516 1308 eundem
540 1240 669 1307 modurn
694 1291 726 1307 ..
751 1243 860 1306 comiti
883 1241 1087 1307 Guelrensi⁸.

314 1345 354 1409 In
376 1346 516 1411 eundem
540 1345 670 1410 modum
695 1395 728 1410 ..
753 1346 863 1410 comiti
885 1346 926 1410 dc
949 1345 1048 1411 Los⁹.

830 1575 1240 1583 *ψα-

989 1766 1076 1842 465.

314 1884 532 1977 Innocentium
558 1909 583 1974 Ι
586 1907 614 1972 V
633 1918 721 1990 papa
747 1905 842 1973 Petro
868 1907 980 1974 Sancti
1010 1907 1138 1991 Georgii
1166 1906 1210 1970 ud
1233 1904 1340 1972 Votum
1361 1909 1503 1973 Aururm
1532 1908 1663 1974 dimone
1691 1909 1862 1988 cardinali,
1911 1947 1917 1984 ι

210 2016 396 2096 apostolicae
411 2015 494 2078 sodis
509 2015 618 2096 lupulo,
633 2013 772 2092 mandat,
784 2018 821 2076 ut
834 2017 904 2077 colu
921 2015 1059 2096 quinque
1074 2015 1357 2104 cnnasipnutorum
1371 2014 1523 2079 nobilium
1537 2016 1575 2080 dc
1592 2035 1687 2098 rcyno
1703 2017 1864 2082 Frunn'ec

213 2124 242 2182 ct
265 2118 440 2199 quindecim
463 2118 499 2181 cle
521 2118 651 2198 imperio
673 2119 709 2182 in
730 2116 904 2181 subsidium
924 2116 1120 2201 Wlilbelmr]
1140 2117 1223 2199 repis
1244 2115 1457 2182 Romanorum
1480 2123 1649 2186 commutet.

1503 2223 1597 2300 1247,
1619 2222 1698 2287 Nou.
1721 2225 1775 2290 20.

314 2341 378 2394 lun
398 2341 448 2394 IV
464 2340 527 2410 ltcp.
544 2340 598 2395 Vol.
618 2341 641 2403 1,
659 2348 722 2395 552:
741 2340 802 2396 Lib.
827 2340 856 2408 V,
869 2357 925 2395 cur.
945 2348 981 2394 11.

311 2427 411 2494 Beryer
428 2434 502 2481 4060.

298 2605 430 2679 Petro
461 2606 616 2680 Sancti
644 2607 822 2700 Georgii
849 2608 902 2682 ad
920 2608 1068 2682 Velum
1096 2608 1285 2681 Aureum
1313 2609 1502 2683 diacono
1530 2611 1773 2699 cardinali,

730 2729 978 2820 apostolice
1005 2729 1125 2802 sedis
1151 2729 1333 2822 legato&

313 2877 365 2942 Ex
388 2885 481 2964 parte
506 2876 664 2942 carissimi
687 2877 720 2941 in
745 2876 873 2942 Christo
897 2878 954 2941 tilii
978 2877 1080 2941 nostri
1105 2927 1137 2942 ..
1159 2877 1244 2962 regis
1268 2877 1490 2942 Romanorum
1519 2879 1653 2944 illustris
1676 2880 1738 2945 fuit
1766 2881 1862 2947 nobis

207 2980 374 3046 humiliter
397 2980 628 3066 supplicatum,
650 2987 687 3044 ut
710 3001 782 3046 curn
805 2979 910 3044 eidem
934 2981 1004 3065 regi
1028 2978 1160 3065 quidam
1183 2980 1310 3045 nobiles
1333 2988 1400 3044 tam
1417 2981 1457 3045 de
1480 3003 1580 3067 regno
1596 2982 1737 3049 Francie
1762 3006 1861 3071 quam

206 3084 403 3148 Alamannia
427 3084 646 3169 crucesignati
671 3083 857 3149 desiderent
881 3091 994 3149 eontra
1016 3085 1087 3149 eius
1110 3083 1317 3150 adversarios
1340 3085 1529 3165 subvenire,
1554 3087 1600 3150 eis
1622 3089 1861 3174 crucesignatis

206 3195 407 3253 commutare
447 3195 558 3252 votum
592 3189 697 3253 crucis
732 3190 764 3252 in
799 3189 902 3274 ipsius
938 3189 1024 3273 regis
1061 3187 1219 3252 auxilium
1253 3196 1390 3274 paterna
1421 3188 1626 3275 providentia
1661 3212 1862 3258 curaremus.

206 3290 292 3365 Quia
313 3313 391 3356 vero
422 3291 509 3356 idern
536 3314 611 3373 rex,
643 3295 698 3379 qni
728 3313 861 3358 causam
895 3293 963 3378 agit
991 3291 1067 3356 fidei
1090 3300 1123 3356 et
1145 3293 1301 3372 ecclesie,
1324 3314 1481 3358 succursu
1504 3293 1627 3379 indiget
1649 3295 1861 3366 bellatorum.

207 3395 416 3477 mandamus,
440 3396 592 3482 quatinus
624 3396 748 3464 eisdem
783 3396 1034 3481 crucesignatis,
1063 3416 1198 3481 quorum
1233 3397 1375 3482 quinque
1407 3397 1472 3461 sint
1503 3396 1543 3461 de
1578 3418 1679 3483 regno
1707 3398 1861 3479 Francia,

205 3499 391 3585 quindecim
414 3521 492 3566 vero
516 3499 556 3564 de
580 3501 728 3587 imperio,
752 3506 932 3565 commutes
956 3500 989 3562 irr
1012 3500 1114 3585 ipsius
1138 3499 1226 3584 regis
1250 3498 1429 3564 subsidium
1445 3507 1554 3564 votum
1578 3502 1702 3575 crucis:
1727 3510 1860 3567 eontra-

204 3601 346 3669 dictores
370 3604 471 3670 etc.¹⁰

308 3725 385 3791 Dat.
407 3723 572 3809 Lugduni,
594 3724 663 3788 XII
685 3722 760 3791 Kal.
784 3725 961 3793 Decembr.
985 3747 1069 3790 anno
1084 3724 1140 3790 V0.

985 4148 1073 4222 466.

307 4262 526 4355 Innocentius
548 4289 607 4355 IV
618 4311 708 4375 papa
729 4288 827 4354 cirtem
848 4289 987 4367 mandat,
1009 4293 1046 4351 ut
1066 4308 1171 4352 munes
1191 4285 1229 4352 dc
1251 4286 1381 4368 inperio
1402 4285 1576 4368 urmpcllut,
1597 4289 1633 4350 ut
1654 4285 1857 4372 [Wilbclnu']

202 4394 285 4475 rapis
307 4392 520 4458 Ronmnorum
544 4393 704 4458 mundatis
726 4392 878 4457 obediunt.
1496 4391 1590 4466 1247,
1611 4388 1692 4454 Noc.
1715 4392 1770 4456 20.

308 4514 372 4566 Inn.
390 4512 439 4566 IV
455 4511 519 4582 Ray.
539 4512 596 4567 Vol.
615 4512 639 4580 I,
657 4519 721 4575 5525
739 4511 797 4565 Lib.
817 4510 847 4578 V,
865 4526 922 4564 cur.
942 4517 979 4564 12.
1016 4510 1115 4564 l’utaii
1131 4510 1263 4578 campus
1278 4510 1442 4564 contulimus
1456 4525 1515 4563 nim
1534 4510 1685 4575 nme,
1708 4509 1766 4564 lc
1784 4515 1803 4565 l.
1827 4509 1854 4578 V,

200 4605 392 4667 anQ
1898 4626 1917 4666 n

306 4685 436 4754 Pontou,
457 4687 523 4756 ch.
543 4693 635 4752 127683
653 4685 752 4754 Bcrper
768 4692 840 4740 4061.
1270 4693 1278 4705 ·

1463 4806 1681 4814 ---——-——
1696 4808 1709 4813 ·-
1722 4808 1744 4814 —.

309 4900 334 4963 Ι)
353 4899 442 4951 Eidem
461 4898 511 4962 B.;
527 4898 651 4950 unnccdit
669 4915 695 4948 n.
713 4903 772 4950 465.

306 5018 332 5084 1)
351 5015 480 5070 Anroldo.
581 5016 608 5084 ⁸2)
630 5015 773 5070 actardo.
869 5018 897 5083 3)
915 5016 1083 5070 Hennanno.
1178 5016 1206 5083 4)
1225 5014 1349 5068 chnioo.
1446 5014 1474 5079 5)
1494 5011 1593 5067 ouuu
1680 5012 1710 5078 6)
1727 5010 1854 5066 neum.

201 5102 277 5157 llaec
295 5119 334 5170 ep.
357 5104 415 5157 aine
435 5102 516 5156 drcbio
538 5103 616 5156 etium
633 5102 670 5156 ed
686 5103 805 5172 unpedoa
822 5103 889 5156 alios
906 5103 1038 5172 qnecmros
1055 5107 1078 5155 et
1096 5102 1184 5155 &dur
1201 5101 1282 5154 micea
1299 5106 1348 5167 cet,
1372 5099 1421 5167 qui
1436 5098 1556 5153 electioni
1571 5097 1640 5166 repis
1655 5096 1857 5164 mensumn&

202 5188 447 5257 nonme-Flete,
466 5191 481 5244 l.
500 5206 520 5244 c.
538 5196 611 5245 4888.
658 5190 706 5244 Eu
727 5206 755 5244 co
772 5191 855 5258 mun,
878 5188 949 5258 qrtod
966 5189 1076 5242 nomina
1094 5204 1184 5242 eorum
1201 5188 1349 5255 subeo-iptu
1366 5203 1423 5240 non
1450 5191 1527 5253 aaut,
1556 5184 1664 5238 uiuum
1680 5183 1803 5253 mabar
1819 5185 1854 5238 iis
1903 5212 1917 5251 ς

200 5277 334 5345 epiuuau
359 5275 517 5330 murnum
544 5291 602 5329 non
628 5275 728 5342 suine,-
756 5276 788 5341 cs.
814 5291 844 5344 p.
863 5282 927 5343 122,
955 5280 1011 5329 not.
1030 5281 1046 5328 6
1075 5280 1100 5328 ct
1130 5273 1166 5328 N.
1188 5275 1223 5328 A.
1250 5279 1268 5327 t.
1288 5272 1325 5340 X,
1351 5279 1457 5341 12562,
1481 5276 1536 5326 not.
1555 5281 1577 5328 1.
1681 5270 1710 5336 l)
1728 5269 1855 5327 limium

199 5364 227 5429 8)
248 5361 351 5430 ononi,
368 5362 400 5416 dc
415 5362 463 5416 boc
479 5362 512 5428 cs.
532 5361 762 5429 muna-ntus,
780 5362 797 5417 l.
817 5379 838 5416 c.
856 5368 931 5416 4889.
1022 5362 1050 5430 9)
1064 5360 1187 5415 muido
1202 5360 1233 5414 V.
1323 5360 1367 5428 10)
1386 5358 1462 5413 llaec
1478 5374 1590 5428 cneum
1606 5374 1634 5413 n
1653 5364 1703 5413 422
1718 5358 1857 5414 unum

199 5465 257 5502 uon
273 5448 385 5505 minuc.
425 5447 562 5502 Oratim
579 5447 662 5517 icitur
677 5447 748 5502 bone
768 5463 807 5516 ep.
825 5448 907 5516 luno
923 5448 1031 5501 miceam
1047 5463 1110 5517 esec,
1134 5452 1166 5500 nt
1191 5445 1351 5501 nudoritute
1377 5446 1434 5499 eiua
1456 5451 1481 5499 ct
1498 5443 1624 5515 precibu
1646 5444 1855 5513 W-

199 5549 323 5587 annum
340 5541 364 5587 et
381 5550 425 5588 aaa
442 5533 569 5602 dambe
582 5539 678 5603 potant,
692 5539 776 5602 prend
792 5532 912 5602 apellen
927 5535 977 5587 urbi
993 5533 1140 5593 uidendum
1156 5534 1189 5600 cf.
1205 5550 1233 5602 p.
1254 5539 1310 5601 130,
1327 5537 1383 5586 not.
1401 5539 1425 5586 2.
1461 5531 1592 5600 Imm,
1607 5529 1740 5600 qnando
1753 5531 1788 5587 'a
1802 5530 1854 5586 he

198 5633 282 5673 cauea
298 5620 439 5689 procedere
455 5620 564 5692 deberet
584 5625 635 5675 ‘ore
652 5623 738 5675 uuor
752 5637 805 5690 per
821 5621 1044 5691 wdriqriucopum
1058 5620 1189 5674 manuue
1203 5623 1377 5689 comparum
1395 5617 1427 5683 cf.
1444 5633 1473 5671 n.
1491 5623 1548 5673 463.
1897 5632 1917 5675 tl
