4328 6232
280 355 342 421 364
836 352 886 412 EX
904 353 1122 413 mnocnnrn
1139 351 1178 410 IV
1197 353 1376 413 aucmuac

279 564 321 575 -
344 549 407 592 non
437 529 609 595 obstante·
638 537 728 596 certo
761 532 989 598 canonicorum
1016 552 1152 598 numero
1183 537 1322 613 statuto,
1345 532 1543 614 iuramento,
1567 531 1816 599 confirmatione
1839 531 1934 598 sedis

279 632 426 696 eiusdem
462 654 521 697 seu
551 654 756 718 quacumque
790 635 942 700 firmitate
976 636 1114 717 vallato,
1149 637 1202 701 vel
1229 637 1258 700 si
1290 656 1349 721 pro
1377 636 1450 700 aliis
1472 635 1566 700 vobis
1596 636 1776 702 direximus
1808 638 1933 723 scripta

281 742 402 816 nostra,
419 736 537 820 quibus
552 736 703 801 nolumus
726 744 788 803 etc.
812 761 930 825 usque:
954 741 1114 825 generari,
1131 745 1187 804 aut
1209 740 1235 803 si
1252 739 1345 804 vobis
1368 761 1389 804 a
1410 737 1498 803 diota
1519 738 1596 803 sede
1616 739 1777 805 indultum
1795 743 1931 809 existat.

279 838 363 923 quod
386 839 428 902 ad
451 841 675 927 receptionem
699 840 768 906 sive
791 843 1008 928 provisionem
1032 865 1097 908 non
1120 842 1296 907 teneamini
1319 843 1474 923 alicuius,
1498 842 1550 908 vel
1579 841 1665 928 quod
1697 843 1849 909 interdici
1874 856 1931 908 ant

280 941 517 1027 suspendi'seu
540 946 816 1010 excommunicari
838 967 898 1032 per
920 947 1046 1012 litteras
1068 948 1267 1034 apostolicas
1290 968 1355 1011 non
1377 947 1528 1034 possitis,
1555 946 1617 1011 nisi
1650 946 1691 1012 de
1721 946 1931 1034 indulgentia
1996 964 2006 997 ¹·

278 1044 465 1110 huiusmodi
499 1069 690 1134 expressam
722 1049 845 1114 faciant
879 1052 1093 1132 mentionem,
1129 1053 1199 1116 sive
1232 1052 1379 1139 qualibet
1412 1051 1493 1132 alia,
1524 1071 1584 1136 per
1612 1070 1709 1135 quam
1739 1052 1932 1118 huiusmodi

278 1150 385 1232 gratia
409 1150 558 1236 impediri
582 1153 691 1217 valeat
714 1155 766 1218 vel
790 1152 923 1220 differri.
968 1155 1123 1242 Alioquin
1145 1154 1293 1241 predicto
1317 1155 1472 1242 episcopo
1496 1154 1615 1218 litteris
1642 1155 1761 1220 nostris
1784 1157 1930 1242 iniungi·

280 1276 366 1334 mus,
391 1261 427 1317 ut
450 1276 507 1318 vos
530 1255 570 1320 ad
594 1255 627 1318 id
642 1252 821 1322 monitione
836 1259 995 1344 premissa
1017 1281 1077 1346 per
1096 1280 1266 1324 censuram
1281 1259 1539 1324 ecclesiasticam
1560 1257 1781 1344 appellatione
1804 1268 1932 1325 remota

278 1359 464 1443 compellat.

381 1478 457 1543 Dat.
480 1479 643 1565 Lugduni,
665 1480 765 1548 XVII
788 1481 863 1547 Kal.
886 1483 1019 1570 Aprilis,
1043 1505 1128 1550 anno
1145 1485 1222 1551 V01.

1056 1923 1143 1997 518.

381 2032 599 2125 Innocentius
623 2060 680 2127 IV
695 2083 786 2146 popa
807 2062 915 2128 abbati
936 2062 1143 2128 Mnrbcccnsi
1168 2063 1213 2127 ad
1235 2082 1343 2147 preces
1365 2062 1531 2148 R[ndolfi]
1552 2064 1672 2128 comitas
1693 2062 1880 2127 Nocicustri
1899 2067 1927 2125 et

276 2162 445 2248 disparia]
460 2165 581 2228 donnini
601 2165 639 2229 dc
655 2165 808 2248 Hcrcncl,
823 2167 1000 2232 devotorum
1017 2168 1169 2245 ccclcamc,
1188 2167 1328 2246 mandat,
1351 2172 1387 2231 nt
1406 2167 1561 2234 Warncro
1583 2167 1731 2232 canonico
1752 2167 1927 2231 annatim

278 2269 423 2332 ecclcsiae
455 2272 638 2335 ncoraastcrii
669 2271 922 2350 Grandisvallia,
955 2273 1045 2335 acius
1077 2271 1303 2352 consanpnincc'
1334 2270 1401 2334 aedi
1431 2271 1618 2351 apostolicae
1650 2271 1716 2334 sini
1746 2270 1864 2347 dcccli,
1890 2272 1925 2331 in

277 2372 465 2436 rrronastcrc'o
486 2371 689 2453 ancrncnsi,
709 2375 884 2439 immediate
906 2375 967 2440 sibi
988 2376 1130 2456 subiecto,
1151 2375 1189 2440 dc
1206 2375 1414 2456 praebendali
1436 2375 1580 2457 beneficio
1596 2374 1773 2460 provideat.

1542 2481 1636 2556 1248,
1658 2477 1762 2542 Mart.
1783 2482 1838 2542 20.

381 2576 443 2629 Inn.
457 2578 505 2632 IV
521 2579 584 2649 Περ.
602 2581 659 2636 Vol.
673 2582 698 2649 I,
710 2590 773 2649 5153
791 2582 850 2638 Lab.
871 2583 901 2651 V,
913 2590 970 2638 687.
1006 2584 1158 2652 metuam
1176 2599 1209 2636 cc
1227 2583 1346 2652 Rapacis
1362 2581 1497 2651 mannen
1517 2581 1546 2635 l'.
1566 2581 1606 2635 ct.
1627 2581 1659 2635 0.
1677 2580 1709 2634 dc
1728 2579 1827 2635 Folle.

378 2665 476 2733 Beryer
493 2673 564 2721 3736.

336 2883 345 2899 .
375 2883 383 2899 .
412 2829 564 2902 abbati
592 2833 856 2906 monasterii
882 2828 1214 2909 Marbacensisb
1241 2832 1416 2907 ordinis
1443 2832 1586 2906 sancti
1612 2831 1864 2921 Benedicti,

849 2948 1117 3029 Basiliensis
1142 2955 1354 3029 diocesis,

376 3097 430 3162 Ad
452 3107 588 3185 paterne
610 3102 824 3188 benignitatis
848 3110 977 3190 spectat
998 3105 1157 3187 osticium,
1187 3109 1222 3169 ut
1245 3126 1319 3170 cum
1343 3103 1455 3168 lavoro
1486 3102 1726 3167 annuntiastis
1749 3101 1921 3167 desideriis

272 3198 431 3283 filiorum,
463 3204 520 3269 illo
550 3211 658 3269 tamen
692 3208 799 3271 studio
833 3207 1086 3295 dispensationis
1122 3215 1308 3295 assumpto,
1338 3212 1375 3270 ut
1406 3227 1503 3291 quem
1531 3206 1736 3293 perspexerit
1762 3207 1921 3292 potiorem

273 3304 413 3386 meritis,
443 3316 663 3394 prosequatur
692 3309 776 3376 dono
804 3312 910 3397 gratie
936 3312 1103 3398 plenioris.
1157 3312 1244 3376 Sane
1267 3311 1406 3376 dilectus
1434 3307 1718 3374 flliusWarnerus
1743 3310 1919 3374 canonicus

274 3409 434 3473 secularis
459 3412 598 3477 ecclesio
628 3415 818 3480 monasterii
850 3414 1105 3496 Grandisvallis,
1139 3417 1230 3481 cuius
1264 3414 1499 3500 consanguinei
1530 3413 1601 3479 sedi
1634 3413 1815 3498 apostolice
1847 3420 1922 3478 sunt

272 3510 397 3591 devoti,
420 3520 456 3578 ut
479 3517 656 3599 asseritur,
686 3518 868 3584 honestatis
903 3525 937 3583 et
972 3520 1108 3584 scientie
1143 3520 1266 3583 meritis
1301 3517 1474 3604 suffragari
1503 3517 1635 3599 dicitur,
1663 3516 1751 3602 quod
1779 3539 1842 3604 per
1863 3539 1921 3582 nos

270 3615 375 3681 foveri
398 3619 542 3702 gaudeat
564 3621 786 3687 benivolentia
808 3623 961 3708 gratiosa.
1006 3623 1075 3688 Nos
1098 3624 1209 3709 itaque
1232 3630 1368 3710 propter
1390 3623 1453 3687 hoc
1483 3641 1522 3686 ac
1552 3621 1659 3707 etiam¹
1677 3621 1798 3685 intuitu
1821 3619 1920 3685 dilec-

270 3725 377 3783 torum
405 3722 544 3787 filiorum
573 3725 732 3792 nobilium
760 3728 902 3792 virorum
931 3727 972 3791 R.
996 3727 1125 3792 comitis
1147 3725 1356 3792 Novicastri²
1385 3733 1418 3790 ct
1445 3724 1489 3789 H.
1512 3724 1635 3814 domini
1665 3723 1706 3789 de
1738 3723 1920 3810 Harguel⁸,

271 3821 461 3890 devotorum
489 3827 585 3892 nobis
614 3835 648 3893 et
670 3829 816 3896 Romane
845 3833 1000 3912 ecclesie,
1023 3832 1078 3916 qui
1105 3852 1164 3917 per
1186 3830 1347 3917 speciales
1376 3831 1503 3895 litteras
1527 3828 1742 3914 apostolicam
1764 3849 1826 3914 pro
1849 3829 1921 3915 ipso

268 3927 408 4010 gratiam
442 3930 673 4017 implorarunt,
712 3935 921 4000 devotionem
958 3942 1047 3999 tuam
1082 3956 1235 4021 rogamus
1269 3943 1302 4000 et
1335 3954 1506 4000 monemus
1545 3937 1686 4013 attente,
1724 3931 1920 3998 mandantes

269 4033 422 4115 quatinus
445 4035 533 4101 dicto
557 4039 714 4104 canonico
737 4061 794 4127 pro
817 4040 997 4127 apostolice
1021 4039 1109 4103 sedis
1133 4045 1166 4103 et
1188 4044 1301 4102 nostra
1316 4036 1503 4103 reverentia
1524 4037 1556 4101 in
1577 4037 1778 4101 monasterio
1795 4035 1919 4102 Lucer-

269 4138 379 4219 ncnsi,
413 4139 472 4203 tibi
508 4148 606 4227 prout
638 4143 794 4208 asseritur
828 4143 1015 4208 immediate
1047 4142 1211 4224 subiecto,
1246 4141 1287 4206 de
1318 4140 1509 4228 prebendali
1531 4139 1691 4204 beneficio
1716 4142 1917 4227 competenti

269 4247 440 4326 spectante
472 4242 513 4308 ad
543 4245 749 4310 collationem
785 4251 889 4326 tuam,
925 4246 1010 4333 quod
1045 4244 1172 4312 clericis
1197 4245 1368 4309 consuevit
1391 4243 1596 4309 secularibus
1619 4242 1799 4328 assignari,
1823 4265 1919 4330 quam

268 4344 332 4407 cito
362 4366 397 4410 sc
425 4346 565 4412 facultas
594 4349 766 4428 obtulerit,
799 4350 827 4412 si
855 4349 997 4414 nondum
1025 4350 1105 4415 alibi
1135 4371 1194 4437 pro
1217 4351 1286 4436 ipso
1310 4349 1515 4436 scripsimus,
1545 4346 1726 4413 liberaliter
1746 4349 1920 4433 providere

267 4467 481 4530 procures-
497 4472 562 4515 non
586 4453 767 4526 obstantc⁸,
791 4453 819 4516 si
841 4453 902 4517 tibi
924 4474 983 4539 pro
1007 4454 1080 4517 aliis
1102 4454 1225 4539 scripta
1239 4458 1352 4516 nostra
1367 4451 1555 4535 direximus,
1571 4450 1690 4539 quibus
1714 4459 1775 4517 etc.
1799 4472 1919 4538 usque:

267 4553 436 4634 generari,
470 4555 539 4620 sive
573 4556 683 4643 aliqua
714 4554 933 4641 indulgentia,
961 4555 1001 4620 de
1032 4577 1097 4641 qua
1124 4556 1159 4620 in
1186 4555 1305 4620 litteris
1327 4556 1447 4620 nostris
1471 4562 1534 4622 etc.
1556 4576 1677 4641 usque:
1706 4557 1919 4623 mentionem.

266 4653 421 4743 Alioquin
446 4705 479 4724 ..
502 4660 614 4726 abbati
637 4659 844 4747 Bellelagie⁴
865 4659 1060 4726 Basiliencis
1084 4658 1223 4726 diocesis
1252 4681 1314 4746 per
1343 4659 1470 4725 litteras
1497 4666 1626 4724 nostras
1649 4658 1861 4744 iniungimus,
1882 4668 1918 4725 ut

268 4759 339 4844 ipse
364 4783 463 4848 super
484 4762 545 4829 hoc
568 4765 759 4830 mandatum
782 4765 996 4851 apostolicum
1019 4771 1215 4852 exequatnr;
1239 4763 1498 4830 contradictores
1521 4769 1583 4829 etc.

369 4881 445 4947 Dat.
469 4883 632 4970 Lugduni,
654 4885 743 4950 XIII
765 4885 840 4951 Kal.
862 4885 998 4972 Aprilis,
1022 4907 1107 4950 anno
1124 4886 1180 4951 V0.

368 5107 394 5172 ⁸)
413 5127 450 5160 an
467 5128 518 5162 non
536 5112 601 5163 obst
621 5133 653 5156 =
672 5130 724 5165 non
741 5112 921 5165 obstantibus?
1023 5109 1050 5180 b)
1069 5114 1115 5180 lep.
1133 5114 1317 5167 blurbacansia.

369 5226 395 5295 1)
413 5226 469 5280 Sub
493 5228 562 5298 Apr.
581 5239 595 5284 1
619 5231 737 5300 cpiawpo
756 5231 953 5300 Oasmbnrpenai
974 5232 1080 5300 sciant
1104 5231 1231 5300 qrtosdmn
1249 5232 1363 5286 warnos
1380 5237 1404 5285 ct
1421 5231 1570 5300 indevotos,
1589 5233 1711 5300 ‘quornm
1727 5232 1817 5302 aliqui
1832 5236 1918 5286 essert

262 5310 380 5376 serntnea
396 5313 511 5369 boatum
531 5318 650 5373 ccclmicc
671 5336 719 5374 sen
741 5319 934 5388 consnnprcasci
947 5320 1086 5385 (arnonem
1102 5321 1227 5389 ansonem,
1245 5337 1272 5374 sc
1288 5320 1389 5373 wotos
1405 5319 1462 5373 cedi
1477 5319 1633 5388 apocolioac
1653 5320 1817 5388 mierum,
1835 5334 1913 5388 scopu

259 5398 409 5464 pronicione
425 5418 477 5455 accc
494 5403 526 5456 n‘n
542 5405 643 5460 cindato
660 5407 698 5460 ml
713 5406 807 5461 abaci
820 5406 917 5460 (lassad.
934 5406 1092 5475 reponam
1108 5408 1207 5461 litteras
1221 5408 1388 5476 imperasse,
1400 5406 1474 5474 elque
1484 5405 1629 5475 mandata,
1646 5412 1679 5460 ut
1696 5406 1795 5460 toltbns
1810 5406 1909 5460 nada-

260 5484 436 5548 nrocmnmn
459 5489 569 5559 faceret,
595 5497 620 5545 a
644 5510 726 5562 quam
749 5494 844 5560 sanan
863 5492 977 5561 sacac,
993 5498 1139 5560 roacare·
1160 5493 1259 5562 Bana
1275 5499 1352 5557 carn
1372 5493 1406 5559 es.
1424 5493 1501 5546 cam
1518 5498 1599 5546 asra.
1704 5493 1734 5563 a)
1752 5491 1795 5561 cs.
1811 5510 1839 5546 a
1855 5496 1904 5545 aa

263 5570 426 5711 m,
445 5577 546 5644 Arqnel
568 5579 599 5631 in
623 5579 757 5649 Helvetia,
780 5597 814 5634 ac
836 5596 886 5634 coc.
910 5581 959 5636 cir.
977 5580 1043 5634 atu.
1147 5581 1175 5645 4)
1194 5579 1314 5649 Bellclny
1327 5595 1411 5648 prope
1426 5580 1473 5633 cir.
1483 5578 1620 5636 ,Manae
1634 5578 1666 5631 in
1682 5578 1815 5635 *cndu
1831 5576 1904 5633 m
