4328 6232
255 347 317 406 544
813 339 862 394 EX
882 338 1101 395 INNOCENTH
1118 337 1157 391 IV
1175 337 1356 393 REGISTRO

255 517 357 578 reatos
378 536 400 577 a
422 515 578 596 boaefiais
600 515 668 578 sais
689 514 853 578 amovendi
870 517 1054 594 potestatem
1082 511 1208 588 babeat,
1239 511 1404 575 Albertam
1429 512 1570 593 priorem
1601 513 1743 590 ipsoram
1765 511 1916 590 prioratu

256 637 312 680 sao
328 617 516 700 privaverit.
1415 621 1421 630 '
1556 617 1650 690 2249,
1672 613 1759 677 Mai.
1776 616 1829 676 31.

358 735 420 788 aa
435 736 484 790 rr
499 737 562 805 aa.
582 736 640 790 na.
656 736 705 803 rr,
721 736 797 803 pro,
815 753 843 788 a.
857 741 912 790 aa

357 821 485 891 Pommst,
506 823 569 891 Ray.
583 829 676 886 133903
693 822 792 891 Berpor
807 829 882 877 4643.

284 1000 494 1092 Capitale
523 1002 710 1075 ecclesie
738 1002 881 1073 sancti
908 1001 1123 1091 Stephani
1151 1003 1203 1072 de
1231 1000 1385 1090 Capite
1413 1000 1567 1072 Pontis
1594 996 1891 1070 Florentine¹.

344 1151 555 1238 “Apostolice
591 1152 677 1218 sedis
719 1152 906 1237 benignitas
946 1152 1025 1228 hiis,
1066 1173 1128 1236 que
1163 1154 1267 1238 ipsius
1302 1151 1502 1215 auctoritate
1532 1147 1668 1235 provide
1702 1150 1917 1231 peraguntur,

257 1254 398 1318 libenter
429 1256 529 1320 adicit
559 1256 729 1343 apostolici
766 1257 953 1319 muniminis
990 1257 1187 1320 firmitatem.
1240 1254 1328 1320 Sane
1356 1261 1469 1319 restra
1497 1252 1612 1338 petitio
1644 1248 1738 1313 nobis
1768 1245 1920 1312 exhibita

257 1357 459 1437 continebat,
494 1360 580 1444 quod
610 1381 681 1424 cum
711 1359 830 1424 dilecto
861 1360 927 1423 tilio
953 1359 1301 1445 ..archipresbytero
1331 1358 1543 1422 Florentino¹
1573 1355 1696 1420 nostris
1725 1351 1917 1417 dederimus

256 1461 374 1525 litteris
398 1462 429 1525 in
453 1461 625 1542 mandatis,
648 1469 684 1524 ut
707 1462 842 1527 elericos
865 1462 1006 1526 civitatis
1030 1469 1063 1526 et
1078 1462 1220 1526 diocesis
1237 1462 1424 1525 Florentiae
1433 1470 1457 1541 ⁸,
1481 1460 1536 1544 qui
1552 1458 1588 1522 F.
1607 1455 1772 1544 quondam
1790 1454 1915 1519 Roma·

257 1586 369 1628 aarum
399 1565 586 1650 imperatori
616 1565 787 1641 favebant,
821 1571 969 1628 moneret
998 1571 1031 1629 et
1060 1565 1231 1630 induceret
1259 1564 1445 1649 diligenter,
1479 1570 1515 1627 ut
1542 1562 1627 1626 infra
1658 1560 1782 1625 mensis
1817 1559 1917 1623 unius

258 1669 397 1752 spatium
422 1674 496 1754 post
519 1669 729 1732 monitionem
753 1669 855 1754 ipsius
879 1667 1157 1753 archipresbyteri
1173 1669 1214 1733 ad
1230 1669 1438 1733 devotionem
1456 1665 1636 1753 apostolice
1653 1664 1741 1730 sedis
1758 1663 1917 1741 redirent,

258 1771 403 1856 alioquin
419 1771 505 1835 idem
522 1772 788 1857 archipresbyter
803 1770 1029 1856 dignitatibus,
1049 1773 1279 1857 personatibus
1296 1778 1329 1835 et
1344 1770 1513 1835 beneficiis
1530 1768 1761 1834 ecclesiasticis
1777 1767 1918 1832 clericos

246 1874 403 1964 privaret
432 1874 580 1939 eosdem:
612 1874 715 1938 dictus
744 1874 1016 1960 archipresbyter,
1047 1896 1120 1938 eum
1149 1874 1212 1939 sibi
1242 1880 1408 1938 constaret
1438 1873 1599 1956 legitime,
1631 1871 1716 1957 quod
1745 1870 1917 1949 tilbertus,

258 1977 368 2060 quiin
392 1978 532 2063 priorem
557 1979 696 2043 ecclesie
719 1986 826 2043 vestre
851 1978 970 2042 asserit
993 2002 1029 2042 se
1053 1980 1204 2056 electum,
1233 1999 1292 2063 per
1316 2001 1352 2042 se
1377 2000 1415 2042 ac
1439 1999 1515 2040 suos
1540 1975 1686 2061 predicto
1709 1975 1747 2039 Il.
1771 1973 1916 2050 favebat,

258 2085 292 2142 et
322 2079 363 2144 ab
396 2079 512 2145 eodem
547 2081 829 2166 archipresbytero
864 2081 957 2145 iuxta
986 2082 1125 2145 termam
1161 2081 1305 2145 mandati
1340 2081 1440 2145 nostri
1475 2080 1616 2144 monitus
1650 2077 1838 2162 diligenter,
1874 2075 1915 2140 ad

257 2180 468 2248 devotionem
493 2185 633 2249 ecclesie
657 2186 892 2250 contumaciter
916 2184 1022 2249 redire
1047 2185 1259 2271 contempsit,
1289 2184 1359 2248 iure
1383 2185 1410 2248 si
1434 2184 1518 2270 quod
1542 2181 1688 2247 habebat
1711 2182 1743 2245 in
1768 2180 1915 2265 prioratu

257 2286 396 2350 ecclesie
420 2286 565 2372 predicte
590 2290 829 2353 sententialiter
850 2290 991 2375 privavit
1014 2287 1164 2366 eundem,
1197 2295 1293 2374 prout
1316 2289 1349 2352 in
1373 2289 1491 2353 litteris
1514 2287 1590 2351 inde
1613 2285 1774 2349 conlectis
1797 2283 1918 2347 dicitur

258 2389 387 2473 plenius
412 2391 579 2454 contineri.
626 2391 694 2456 Nos
718 2393 828 2477 igitur,
853 2393 970 2457 vestris
995 2393 1290 2479 supplicationibus
1315 2392 1473 2470 inclinati,
1497 2390 1583 2475 quod
1607 2389 1648 2453 ab
1673 2387 1792 2453 codem
1808 2387 1916 2451 archi-

258 2491 452 2577 presbytero
477 2493 612 2578 provide
636 2495 758 2560 laetum
783 2496 888 2560 estin
913 2496 973 2560 bac
997 2502 1090 2583 parte
1116 2502 1220 2559 ratum
1245 2502 1278 2560 et
1300 2502 1429 2580 gratum
1452 2493 1628 2569 habentes,
1661 2491 1694 2554 id
1718 2492 1915 2556 auctoritate

258 2597 438 2681 apostoliea
461 2598 687 2662 confirmamus
710 2606 743 2664 et
765 2601 927 2685 presentis
952 2600 1064 2685 scripti
1088 2600 1268 2684 patrocinio
1293 2598 1542 2663 communimus.
1588 2595 1679 2659 Nulli
1703 2616 1783 2681 ergo
1808 2602 1872 2660 ete.
1962 2617 1967 2654 ε

367 2716 443 2780 Dat.
467 2716 630 2802 Lugduni,
654 2718 689 2782 ΙΙ
712 2718 787 2784 Kal.
812 2720 909 2797 Iunii,
932 2742 1017 2783 anno
1035 2717 1129 2783 VI02.
1209 2798 1211 2803 Ι

878 2997 899 3001 -
908 2997 1285 3004 ——.-.-——-—-———

1041 3259 1126 3330 738.

363 3363 581 3456 Innocentius
606 3393 663 3456 11⁷
678 3415 765 3474 papa
802 3395 939 3459 Hearico
971 3398 1158 3477 Fraiapaac
1195 3398 1313 3477 palat-ii
1346 3396 1574 3460 Lateraaensis
1610 3395 1714 3458 corriti
1743 3399 1917 3473 provenias

257 3495 415 3558 indicatas
437 3495 610 3572 Arboreae,
637 3502 761 3577 excepto
782 3518 877 3562 cerasa
898 3501 1041 3564 calcatae
1064 3501 1226 3565 Romanae
1249 3500 1362 3574 debito,
1383 3497 1600 3579 percipiendos
1622 3496 1728 3577 qaoad
1749 3497 1867 3559 vixerit
1888 3501 1916 3559 el

257 3618 354 3678 napae
382 3598 425 3661 ad
456 3599 681 3678 beneplacitam
710 3602 913 3681 apostolicam
944 3605 1088 3668 coneedit.
1119 3644 1157 3652 -
1194 3603 1305 3667 Eidem
1327 3602 1485 3681 promittit
1514 3619 1546 3664 se
1576 3599 1659 3663 banc
1690 3600 1916 3663 concessionem

258 3704 473 3763 revocaturum
499 3721 563 3764 noa
589 3723 668 3780 esso,
699 3703 794 3768 donec
821 3706 884 3788 ipsi
900 3728 963 3786 pro
985 3709 1130 3788 arpensis
1148 3706 1234 3792 forte
1255 3705 1426 3771 subeundis
1448 3704 1485 3768 dc
1504 3703 1709 3784 proventibus
1733 3703 1801 3765 iilr's
1823 3701 1916 3765 sertia
1965 3728 1967 3762 ε

253 3804 378 3887 factam
396 3803 510 3889 faerit.
1495 3809 1588 3884 1249,
1612 3806 1724 3870 laad
1747 3809 1777 3869 et
1800 3808 1830 3869 5.

361 3924 424 3977 Ian.
442 3924 492 3978 IV
507 3925 569 3994 Rep.
590 3925 649 3979 nav.
664 3926 711 3993 VI,
727 3927 748 3993 f.
762 3937 801 3995 39,
825 3946 852 3983 a.
864 3937 913 3984 560
931 3936 955 3983 et
972 3939 1025 3986 561.
1063 3931 1210 3998 Eaeraplar
1234 3930 1357 3998 epistolae
1375 3930 1488 3998 primae,
1511 3926 1583 3996 quod
1599 3926 1706 3992 Hister,
1731 3925 1792 3979 Alb.
1812 3943 1836 3979 r.
1855 3923 1916 3978 noa

254 4016 343 4077 p.194
361 4008 448 4076 aida,
466 4011 628 4064 contulimus
644 4028 705 4065 cam
724 4013 846 4082 Repertis.

362 4096 494 4163 Parmae,
515 4096 577 4165 Rop.
593 4103 673 4152 13392
688 4104 713 4152 a
732 4106 849 4164 13392a,·
868 4102 971 4170 Berper
989 4110 1053 4155 4550
1069 4107 1092 4155 et
1111 4110 1179 4155 4551.

1073 4275 1098 4338 1.

449 4398 592 4472 Nobili
623 4401 713 4471 vire
744 4400 933 4473 Henrice
963 4396 1231 4494 Fraiapanel
1259 4402 1372 4474 sacri
1403 4401 1557 4491 palatii
1586 4401 1730 4471 nostri

752 4524 757 4536 ‘
845 4521 1381 4596 Laterenensisconrili³.

367 4665 465 4731 Clara
488 4667 627 4747 devotio,
652 4692 716 4755 qua
739 4671 823 4735 inter
847 4673 974 4737 nobiles
998 4673 1080 4737 alios
1098 4670 1221 4760 [erga]⁰
1244 4694 1301 4736 nos
1319 4677 1351 4735 et
1368 4672 1579 4758 apostolicam
1596 4668 1708 4734 sedem
1728 4670 1919 4756 specialiter

259 4770 385 4855 fulgere
417 4771 611 4852 dinosceris,
644 4774 806 4839 instanter
835 4777 998 4862 exposcit,
1033 4783 1068 4839 ut
1101 4783 1133 4840 tc
1161 4783 1194 4840 et
1227 4775 1392 4839 continuis
1422 4794 1659 4861 prosequemur
1687 4772 1855 4837 lareribus
1885 4780 1918 4836 et

260 4875 507 4939 honorificentia
529 4876 700 4962 multiplici
723 4880 921 4961 attollamus,
951 4879 1223 4966 predecessorum
1248 4886 1435 4942 nostrorum
1458 4875 1647 4942 imitantes‘¹
1670 4877 1836 4961 exempla,
1860 4876 1914 4962 qui

362 5135 386 5199 ⁵)
407 5138 545 5188 l'lorsntir'r.
593 5179 597 5185 .
650 5136 675 5203 b)
695 5139 820 5205 Fraiapab
835 5139 865 5189 B.
970 5140 993 5205 ο)
1012 5158 1074 5206 erga
1091 5139 1160 5190 (tecm
1178 5138 1209 5188 R.
1314 5134 1339 5202 ἃ)
1357 5138 1488 5189 lmitantss
1508 5136 1539 5187 B.

364 5273 389 5335 1)
408 5272 451 5325 De
471 5271 518 5325 bor
541 5272 575 5337 cf.
593 5272 671 5325 etiam
687 5290 713 5340 p.
727 5278 788 5340 325,
810 5277 864 5326 not.
879 5279 902 5325 2.
999 5276 1026 5337 ⁸2)
1047 5273 1104 5326 Sub
1124 5271 1205 5326 Febr.
1219 5280 1251 5325 17
1267 5288 1345 5340 popa
1368 5272 1458 5325 abbati
1479 5271 1506 5327 S.
1526 5271 1617 5326 iacobi
1637 5271 1669 5324 rte
1688 5271 1814 5325 Prasino
1836 5271 1915 5340 amai

258 5358 383 5423 ficaverot
402 5357 579 5411 bblcariavm
597 5358 698 5426 Iuoobi,
720 5359 849 5413 Iacobma
868 5359 984 5413 Scombii
1005 5364 1028 5412 et
1050 5359 1137 5412 sorios
1154 5373 1247 5411 earam
1267 5363 1422 5412 macatores
1440 5358 1615 5412 Florentiam
1632 5359 1755 5426 episcopo
1773 5357 1915 5411 Parnaso

258 5443 333 5511 oprtet
348 5443 433 5498 aedan
449 5444 618 5512 apostolicam
634 5445 776 5499 wastinio
791 5445 930 5513 masadam
943 5446 1077 5514 peeaaim
1098 5445 1272 5514 quantitatem
1294 5443 1478 5512 macoma,
1503 5445 1534 5498 irs
1555 5444 1690 5499 anamais
1707 5444 1735 5499 S
1753 5445 1865 5514 ΔΜ
1885 5441 1914 5496 de

261 5530 379 5583 laricino
395 5535 460 5583 time
472 5531 596 5598 prorrimo
613 5531 732 5585 matario
747 5531 849 5601 [marce
866 5531 933 5601 Sept.
951 5533 985 5599 cf.
1004 5539 1023 5586 t.
1038 5533 1064 5601 I,
1083 5549 1113 5601 p.
1127 5533 1189 5601 621]
1204 5530 1405 5600 persolvendam
1425 5529 1532 5599 amens,
1557 5530 1628 5599 quood
1646 5531 1750 5597 foetu
1770 5548 1830 5584 nors
1844 5533 1911 5595 eard,

258 5615 391 5685 catanance
407 5615 497 5668 «mari
513 5615 583 5670 banc
600 5633 710 5671 oausam
727 5616 923 5672 terminandam
940 5619 1116 5686 commitam
1133 5618 1230 5687 Βῆριν
1241 5624 1323 5685 4343;
1342 5617 1473 5685 amma,
1487 5616 1553 5686 aa.
1566 5624 1654 5674 13733.
1725 5618 1754 5685 3)
1767 5617 1810 5684 Gs.
1822 5635 1850 5672 a
1862 5621 1909 5671 tta
