<?xml version="1.0" encoding="UTF-8"?>
<!DOCTYPE html PUBLIC "-//W3C//DTD XHTML 1.0 Transitional//EN"
    "http://www.w3.org/TR/xhtml1/DTD/xhtml1-transitional.dtd">
<html xmlns="http://www.w3.org/1999/xhtml" xml:lang="en" lang="en">
 <head>
  <title>
</title>
<meta http-equiv="Content-Type" content="text/html;charset=utf-8" />
  <meta name='ocr-system' content='tesseract 3.04.00' />
  <meta name='ocr-capabilities' content='ocr_page ocr_carea ocr_par ocr_line ocrx_word'/>
</head>
<body>
  <div class='ocr_page' id='page_1' title='image "./monumentagerman00popegoog_0053.png"; bbox 0 0 4328 6232; ppageno 0'>
   <div class='ocr_carea' id='block_1_1' title="bbox 206 342 1301 417">
    <p class='ocr_par' dir='ltr' id='par_1_1' title="bbox 206 342 1301 417">
     <span class='ocr_line' id='line_1_1' title="bbox 206 342 1301 417; baseline 0.004 -16"><span class='ocrx_word' id='word_1_1' title='bbox 206 350 246 417; x_wconf 68' lang='lat'>23</span> <span class='ocrx_word' id='word_1_2' title='bbox 763 342 1301 405; x_wconf 82' lang='lat' dir='ltr'>cxrruoorurnmaumsrno</span> 
     </span>
    </p>
   </div>
   <div class='ocr_carea' id='block_1_2' title="bbox 203 521 1862 706">
    <p class='ocr_par' dir='ltr' id='par_1_2' title="bbox 203 521 1862 706">
     <span class='ocr_line' id='line_1_2' title="bbox 203 521 1862 607; baseline 0.002 -19"><span class='ocrx_word' id='word_1_3' title='bbox 203 530 233 588; x_wconf 88' lang='lat' dir='ltr'>ct</span> <span class='ocrx_word' id='word_1_4' title='bbox 255 543 341 588; x_wconf 90' lang='lat' dir='ltr'>nunc</span> <span class='ocrx_word' id='word_1_5' title='bbox 367 523 411 587; x_wconf 84' lang='lat' dir='ltr'>ad</span> <span class='ocrx_word' id='word_1_6' title='bbox 436 521 622 587; x_wconf 83' lang='lat' dir='ltr'>mandatnm</span> <span class='ocrx_word' id='word_1_7' title='bbox 647 522 791 587; x_wconf 77' lang='lat' dir='ltr'>ecolesma</span> <span class='ocrx_word' id='word_1_8' title='bbox 812 523 915 587; x_wconf 83' lang='lat' dir='ltr'>redire</span> <span class='ocrx_word' id='word_1_9' title='bbox 937 522 1125 601; x_wconf 78' lang='lat' dir='ltr'><strong><em>desiderent,</em></strong></span> <span class='ocrx_word' id='word_1_10' title='bbox 1155 523 1196 586; x_wconf 85' lang='lat' dir='ltr'>ab</span> <span class='ocrx_word' id='word_1_11' title='bbox 1217 524 1547 588; x_wconf 74' lang='lat' dir='ltr'>excommnuicationis</span> <span class='ocrx_word' id='word_1_12' title='bbox 1567 525 1734 603; x_wconf 75' lang='lat' dir='ltr'>sententia,</span> <span class='ocrx_word' id='word_1_13' title='bbox 1765 545 1862 607; x_wconf 87' lang='lat' dir='ltr'>quam</span> 
     </span>
     <span class='ocr_line' id='line_1_3' title="bbox 203 626 1771 706; baseline 0.001 -14"><span class='ocrx_word' id='word_1_14' title='bbox 203 629 410 706; x_wconf 82' lang='lat' dir='ltr'>incurrerint,</span> <span class='ocrx_word' id='word_1_15' title='bbox 432 627 581 692; x_wconf 83' lang='lat' dir='ltr'>absolvat.</span> <span class='ocrx_word' id='word_1_16' title='bbox 1518 631 1612 706; x_wconf 79' lang='lat'>1243,</span> <span class='ocrx_word' id='word_1_17' title='bbox 1637 626 1701 694; x_wconf 84' lang='lat' dir='ltr'>Oct.</span> <span class='ocrx_word' id='word_1_18' title='bbox 1716 630 1771 693; x_wconf 78' lang='lat'>23.</span> 
     </span>
    </p>
   </div>
   <div class='ocr_carea' id='block_1_3' title="bbox 307 745 878 903">
    <p class='ocr_par' dir='ltr' id='par_1_3' title="bbox 307 745 878 903">
     <span class='ocr_line' id='line_1_4' title="bbox 307 745 878 816; baseline -0.004 -14"><span class='ocrx_word' id='word_1_19' title='bbox 307 748 370 802; x_wconf 81' lang='lat' dir='ltr'>Ina.</span> <span class='ocrx_word' id='word_1_20' title='bbox 384 747 432 801; x_wconf 84' lang='lat' dir='ltr'>IV</span> <span class='ocrx_word' id='word_1_21' title='bbox 446 747 513 816; x_wconf 79' lang='lat' dir='ltr'>Rep.</span> <span class='ocrx_word' id='word_1_22' title='bbox 531 746 622 814; x_wconf 77' lang='lat' dir='ltr'>VotI,</span> <span class='ocrx_word' id='word_1_23' title='bbox 639 752 685 814; x_wconf 80' lang='lat'>35;</span> <span class='ocrx_word' id='word_1_24' title='bbox 703 745 803 815; x_wconf 67' lang='lat' dir='ltr'>laur,</span> <span class='ocrx_word' id='word_1_25' title='bbox 820 752 878 800; x_wconf 76' lang='lat'>204.</span> 
     </span>
     <span class='ocr_line' id='line_1_5' title="bbox 307 834 485 903; baseline 0.006 -16"><span class='ocrx_word' id='word_1_26' title='bbox 307 834 407 903; x_wconf 78' lang='lat' dir='ltr'>Berper</span> <span class='ocrx_word' id='word_1_27' title='bbox 427 841 485 890; x_wconf 75' lang='lat'><em>204.</em></span> 
     </span>
    </p>
   </div>
   <div class='ocr_carea' id='block_1_4' title="bbox 425 1029 1643 1226">
    <p class='ocr_par' dir='ltr' id='par_1_4' title="bbox 425 1029 1643 1226">
     <span class='ocr_line' id='line_1_6' title="bbox 425 1029 1643 1122; baseline -0.001 -17"><span class='ocrx_word' id='word_1_28' title='bbox 425 1029 647 1122; x_wconf 90' lang='lat' dir='ltr'>..priori</span> <span class='ocrx_word' id='word_1_29' title='bbox 681 1030 882 1104; x_wconf 79' lang='lat' dir='ltr'>ecclesie</span> <span class='ocrx_word' id='word_1_30' title='bbox 917 1036 1086 1105; x_wconf 81' lang='lat' dir='ltr'>sancte</span> <span class='ocrx_word' id='word_1_31' title='bbox 1119 1030 1260 1104; x_wconf 89' lang='lat' dir='ltr'>Marie</span> <span class='ocrx_word' id='word_1_32' title='bbox 1293 1030 1415 1104; x_wconf 84' lang='lat' dir='ltr'>inter</span> <span class='ocrx_word' id='word_1_33' title='bbox 1450 1030 1643 1105; x_wconf 85' lang='lat' dir='ltr'>Insulas</span> 
     </span>
     <span class='ocr_line' id='line_1_7' title="bbox 695 1145 1365 1226; baseline 0.001 -4"><span class='ocrx_word' id='word_1_34' title='bbox 695 1151 747 1223; x_wconf 91' lang='lat' dir='ltr'>de</span> <span class='ocrx_word' id='word_1_35' title='bbox 782 1147 1005 1226; x_wconf 74' lang='lat' dir='ltr'>Budell.²²</span> <span class='ocrx_word' id='word_1_36' title='bbox 1042 1153 1085 1224; x_wconf 94' lang='lat' dir='ltr'>in</span> <span class='ocrx_word' id='word_1_37' title='bbox 1119 1145 1365 1225; x_wconf 58' lang='lat' dir='ltr'>Sardinial.</span> 
     </span>
    </p>
   </div>
   <div class='ocr_carea' id='block_1_5' title="bbox 202 1297 1862 2214">
    <p class='ocr_par' dir='ltr' id='par_1_5' title="bbox 202 1297 1862 2214">
     <span class='ocr_line' id='line_1_8' title="bbox 315 1297 1861 1385; baseline 0.001 -19"><span class='ocrx_word' id='word_1_38' title='bbox 315 1301 415 1382; x_wconf 82' lang='lat' dir='ltr'>Cum,</span> <span class='ocrx_word' id='word_1_39' title='bbox 440 1303 524 1366; x_wconf 90' lang='lat' dir='ltr'>sicut</span> <span class='ocrx_word' id='word_1_40' title='bbox 546 1300 789 1379; x_wconf 77' lang='lat' dir='ltr'>intelleximus,</span> <span class='ocrx_word' id='word_1_41' title='bbox 812 1301 960 1365; x_wconf 89' lang='lat' dir='ltr'>nonnulli</span> <span class='ocrx_word' id='word_1_42' title='bbox 984 1299 1187 1385; x_wconf 90' lang='lat' dir='ltr'>inpartibus</span> <span class='ocrx_word' id='word_1_43' title='bbox 1212 1297 1362 1364; x_wconf 82' lang='lat' dir='ltr'>Sardinia</span> <span class='ocrx_word' id='word_1_44' title='bbox 1386 1321 1425 1364; x_wconf 94' lang='lat' dir='ltr'>ac</span> <span class='ocrx_word' id='word_1_45' title='bbox 1449 1299 1583 1366; x_wconf 80' lang='lat' dir='ltr'>Corsiae</span> <span class='ocrx_word' id='word_1_46' title='bbox 1607 1307 1861 1383; x_wconf 82' lang='lat' dir='ltr'>commorantes,</span> 
     </span>
     <span class='ocr_line' id='line_1_9' title="bbox 202 1402 1860 1492; baseline 0.002 -25"><span class='ocrx_word' id='word_1_47' title='bbox 202 1426 261 1490; x_wconf 90' lang='lat' dir='ltr'>pro</span> <span class='ocrx_word' id='word_1_48' title='bbox 287 1426 325 1469; x_wconf 91' lang='lat' dir='ltr'>eo</span> <span class='ocrx_word' id='word_1_49' title='bbox 350 1405 435 1492; x_wconf 91' lang='lat' dir='ltr'>quod</span> <span class='ocrx_word' id='word_1_50' title='bbox 452 1405 556 1470; x_wconf 82' lang='lat' dir='ltr'>Enzio</span> <span class='ocrx_word' id='word_1_51' title='bbox 580 1405 738 1492; x_wconf 89' lang='lat' dir='ltr'>principis</span> <span class='ocrx_word' id='word_1_52' title='bbox 760 1404 827 1468; x_wconf 86' lang='lat' dir='ltr'>lilio</span> <span class='ocrx_word' id='word_1_53' title='bbox 845 1410 958 1468; x_wconf 87' lang='lat' dir='ltr'>contra</span> <span class='ocrx_word' id='word_1_54' title='bbox 980 1403 1152 1469; x_wconf 86' lang='lat' dir='ltr'>ecclesiam</span> <span class='ocrx_word' id='word_1_55' title='bbox 1175 1402 1384 1484; x_wconf 87' lang='lat' dir='ltr'>adheserunt,</span> <span class='ocrx_word' id='word_1_56' title='bbox 1407 1403 1537 1468; x_wconf 86' lang='lat' dir='ltr'>vinculo</span> <span class='ocrx_word' id='word_1_57' title='bbox 1553 1405 1618 1468; x_wconf 89' lang='lat' dir='ltr'>sint</span> <span class='ocrx_word' id='word_1_58' title='bbox 1634 1407 1860 1471; x_wconf 87' lang='lat' dir='ltr'>excommuni-</span> 
     </span>
     <span class='ocr_line' id='line_1_10' title="bbox 204 1505 1860 1594; baseline 0.002 -24"><span class='ocrx_word' id='word_1_59' title='bbox 204 1508 339 1572; x_wconf 84' lang='lat' dir='ltr'>cationis</span> <span class='ocrx_word' id='word_1_60' title='bbox 363 1510 499 1589; x_wconf 87' lang='lat' dir='ltr'>astricti,</span> <span class='ocrx_word' id='word_1_61' title='bbox 524 1516 556 1573; x_wconf 91' lang='lat' dir='ltr'>et</span> <span class='ocrx_word' id='word_1_62' title='bbox 573 1508 678 1588; x_wconf 69' lang='lat' dir='ltr'>⁴iidem</span> <span class='ocrx_word' id='word_1_63' title='bbox 701 1528 786 1571; x_wconf 93' lang='lat' dir='ltr'>nunc</span> <span class='ocrx_word' id='word_1_64' title='bbox 803 1507 844 1571; x_wconf 89' lang='lat' dir='ltr'>ad</span> <span class='ocrx_word' id='word_1_65' title='bbox 860 1505 1048 1570; x_wconf 90' lang='lat' dir='ltr'>mandatum</span> <span class='ocrx_word' id='word_1_66' title='bbox 1074 1508 1213 1572; x_wconf 82' lang='lat' dir='ltr'>ecclesie</span> <span class='ocrx_word' id='word_1_67' title='bbox 1237 1506 1335 1593; x_wconf 89' lang='lat' dir='ltr'>plene</span> <span class='ocrx_word' id='word_1_68' title='bbox 1357 1506 1466 1571; x_wconf 89' lang='lat' dir='ltr'>redire</span> <span class='ocrx_word' id='word_1_69' title='bbox 1483 1507 1681 1589; x_wconf 86' lang='lat' dir='ltr'>desiderent,</span> <span class='ocrx_word' id='word_1_70' title='bbox 1705 1531 1748 1573; x_wconf 89' lang='lat' dir='ltr'>ex</span> <span class='ocrx_word' id='word_1_71' title='bbox 1765 1517 1860 1594; x_wconf 89' lang='lat' dir='ltr'>parte</span> 
     </span>
     <span class='ocr_line' id='line_1_11' title="bbox 203 1610 1859 1698; baseline 0.003 -24"><span class='ocrx_word' id='word_1_72' title='bbox 203 1611 347 1698; x_wconf 86' lang='lat' dir='ltr'>ipsorum</span> <span class='ocrx_word' id='word_1_73' title='bbox 371 1613 466 1677; x_wconf 86' lang='lat' dir='ltr'>nobis</span> <span class='ocrx_word' id='word_1_74' title='bbox 489 1612 551 1675; x_wconf 86' lang='lat' dir='ltr'>fuit</span> <span class='ocrx_word' id='word_1_75' title='bbox 566 1612 733 1676; x_wconf 88' lang='lat' dir='ltr'>humiliter</span> <span class='ocrx_word' id='word_1_76' title='bbox 755 1611 985 1697; x_wconf 84' lang='lat' dir='ltr'>supplicatum,</span> <span class='ocrx_word' id='word_1_77' title='bbox 1007 1617 1054 1691; x_wconf 90' lang='lat' dir='ltr'>ut,</span> <span class='ocrx_word' id='word_1_78' title='bbox 1077 1611 1210 1674; x_wconf 89' lang='lat' dir='ltr'>cumeis</span> <span class='ocrx_word' id='word_1_79' title='bbox 1228 1632 1286 1695; x_wconf 89' lang='lat' dir='ltr'>pro</span> <span class='ocrx_word' id='word_1_80' title='bbox 1302 1610 1511 1675; x_wconf 87' lang='lat' dir='ltr'>absolutione</span> <span class='ocrx_word' id='word_1_81' title='bbox 1526 1613 1707 1678; x_wconf 89' lang='lat' dir='ltr'>obtinenda</span> <span class='ocrx_word' id='word_1_82' title='bbox 1722 1634 1859 1680; x_wconf 90' lang='lat' dir='ltr'>securus</span> 
     </span>
     <span class='ocr_line' id='line_1_12' title="bbox 202 1714 1860 1802; baseline 0.003 -26"><span class='ocrx_word' id='word_1_83' title='bbox 202 1734 357 1779; x_wconf 89' lang='lat' dir='ltr'>accessus</span> <span class='ocrx_word' id='word_1_84' title='bbox 381 1737 445 1780; x_wconf 93' lang='lat' dir='ltr'>nou</span> <span class='ocrx_word' id='word_1_85' title='bbox 469 1723 581 1802; x_wconf 89' lang='lat' dir='ltr'>pateat</span> <span class='ocrx_word' id='word_1_86' title='bbox 603 1715 644 1779; x_wconf 91' lang='lat' dir='ltr'>ad</span> <span class='ocrx_word' id='word_1_87' title='bbox 668 1714 781 1781; x_wconf 88' lang='lat' dir='ltr'>sedem</span> <span class='ocrx_word' id='word_1_88' title='bbox 806 1715 1020 1800; x_wconf 86' lang='lat' dir='ltr'>apostolicam</span> <span class='ocrx_word' id='word_1_89' title='bbox 1043 1714 1205 1793; x_wconf 89' lang='lat' dir='ltr'>veniendi,</span> <span class='ocrx_word' id='word_1_90' title='bbox 1231 1734 1343 1777; x_wconf 90' lang='lat' dir='ltr'>eorum</span> <span class='ocrx_word' id='word_1_91' title='bbox 1368 1714 1466 1778; x_wconf 88' lang='lat' dir='ltr'>saluti</span> <span class='ocrx_word' id='word_1_92' title='bbox 1486 1715 1657 1800; x_wconf 84' lang='lat' dir='ltr'>providere</span> <span class='ocrx_word' id='word_1_93' title='bbox 1674 1717 1860 1782; x_wconf 88' lang='lat' dir='ltr'>misericor·</span> 
     </span>
     <span class='ocr_line' id='line_1_13' title="bbox 203 1816 1862 1904; baseline 0.003 -24"><span class='ocrx_word' id='word_1_94' title='bbox 203 1816 288 1881; x_wconf 88' lang='lat' dir='ltr'>diter</span> <span class='ocrx_word' id='word_1_95' title='bbox 313 1839 512 1885; x_wconf 86' lang='lat' dir='ltr'>curaremus.</span> <span class='ocrx_word' id='word_1_96' title='bbox 557 1819 717 1884; x_wconf 89' lang='lat' dir='ltr'>Volentes</span> <span class='ocrx_word' id='word_1_97' title='bbox 740 1819 840 1904; x_wconf 88' lang='lat' dir='ltr'>igitur</span> <span class='ocrx_word' id='word_1_98' title='bbox 862 1819 950 1882; x_wconf 92' lang='lat' dir='ltr'>illius</span> <span class='ocrx_word' id='word_1_99' title='bbox 974 1819 1069 1902; x_wconf 90' lang='lat' dir='ltr'>sequi</span> <span class='ocrx_word' id='word_1_100' title='bbox 1091 1818 1247 1902; x_wconf 79' lang='lat' dir='ltr'>vestigia,</span> <span class='ocrx_word' id='word_1_101' title='bbox 1282 1817 1337 1902; x_wconf 88' lang='lat' dir='ltr'>qui</span> <span class='ocrx_word' id='word_1_102' title='bbox 1361 1818 1460 1881; x_wconf 87' lang='lat' dir='ltr'>vitam</span> <span class='ocrx_word' id='word_1_103' title='bbox 1484 1821 1668 1903; x_wconf 89' lang='lat' dir='ltr'>peccatoris</span> <span class='ocrx_word' id='word_1_104' title='bbox 1692 1819 1862 1885; x_wconf 86' lang='lat' dir='ltr'>desiderat</span> 
     </span>
     <span class='ocr_line' id='line_1_14' title="bbox 203 1921 1860 2008; baseline 0.003 -24"><span class='ocrx_word' id='word_1_105' title='bbox 203 1925 237 1984; x_wconf 90' lang='lat' dir='ltr'>et</span> <span class='ocrx_word' id='word_1_106' title='bbox 267 1941 333 1985; x_wconf 94' lang='lat' dir='ltr'>non</span> <span class='ocrx_word' id='word_1_107' title='bbox 356 1930 513 2001; x_wconf 88' lang='lat' dir='ltr'>mortem,</span> <span class='ocrx_word' id='word_1_108' title='bbox 544 1922 734 1987; x_wconf 89' lang='lat' dir='ltr'>discretioni</span> <span class='ocrx_word' id='word_1_109' title='bbox 764 1929 820 1986; x_wconf 91' lang='lat' dir='ltr'>tue</span> <span class='ocrx_word' id='word_1_110' title='bbox 844 1921 1048 2008; x_wconf 88' lang='lat' dir='ltr'>presentium</span> <span class='ocrx_word' id='word_1_111' title='bbox 1070 1922 1263 1985; x_wconf 88' lang='lat' dir='ltr'>auctoritate</span> <span class='ocrx_word' id='word_1_112' title='bbox 1294 1921 1542 2002; x_wconf 86' lang='lat' dir='ltr'>committimus,</span> <span class='ocrx_word' id='word_1_113' title='bbox 1571 1929 1608 1987; x_wconf 94' lang='lat' dir='ltr'>ut</span> <span class='ocrx_word' id='word_1_114' title='bbox 1635 1923 1794 2008; x_wconf 85' lang='lat' dir='ltr'>predictis</span> <span class='ocrx_word' id='word_1_115' title='bbox 1817 1924 1860 1989; x_wconf 89' lang='lat' dir='ltr'>ad</span> 
     </span>
     <span class='ocr_line' id='line_1_15' title="bbox 203 2023 1860 2114; baseline 0.004 -28"><span class='ocrx_word' id='word_1_116' title='bbox 203 2023 393 2090; x_wconf 91' lang='lat' dir='ltr'>mandatum</span> <span class='ocrx_word' id='word_1_117' title='bbox 416 2027 557 2090; x_wconf 88' lang='lat' dir='ltr'>ecclesie</span> <span class='ocrx_word' id='word_1_118' title='bbox 574 2025 788 2090; x_wconf 88' lang='lat' dir='ltr'>redeuntibus</span> <span class='ocrx_word' id='word_1_119' title='bbox 811 2026 903 2090; x_wconf 90' lang='lat' dir='ltr'>iuxta</span> <span class='ocrx_word' id='word_1_120' title='bbox 926 2025 1067 2089; x_wconf 87' lang='lat' dir='ltr'>ecclesie</span> <span class='ocrx_word' id='word_1_121' title='bbox 1084 2023 1221 2087; x_wconf 87' lang='lat' dir='ltr'>formam</span> <span class='ocrx_word' id='word_1_122' title='bbox 1236 2024 1432 2088; x_wconf 89' lang='lat' dir='ltr'>beneficium</span> <span class='ocrx_word' id='word_1_123' title='bbox 1448 2025 1662 2090; x_wconf 83' lang='lat' dir='ltr'>absolutionis</span> <span class='ocrx_word' id='word_1_124' title='bbox 1677 2027 1860 2114; x_wconf 88' lang='lat' dir='ltr'>impendas,</span> 
     </span>
     <span class='ocr_line' id='line_1_16' title="bbox 203 2128 1239 2214; baseline 0 -23"><span class='ocrx_word' id='word_1_125' title='bbox 203 2130 332 2213; x_wconf 90' lang='lat' dir='ltr'>proviso</span> <span class='ocrx_word' id='word_1_126' title='bbox 357 2151 398 2194; x_wconf 89' lang='lat' dir='ltr'>nc</span> <span class='ocrx_word' id='word_1_127' title='bbox 422 2130 456 2193; x_wconf 90' lang='lat' dir='ltr'>in</span> <span class='ocrx_word' id='word_1_128' title='bbox 478 2128 628 2194; x_wconf 86' lang='lat' dir='ltr'>fraudem</span> <span class='ocrx_word' id='word_1_129' title='bbox 650 2129 813 2194; x_wconf 90' lang='lat' dir='ltr'>absolutio</span> <span class='ocrx_word' id='word_1_130' title='bbox 836 2128 1024 2193; x_wconf 92' lang='lat' dir='ltr'>huiusmodi</span> <span class='ocrx_word' id='word_1_131' title='bbox 1048 2129 1239 2214; x_wconf 90' lang='lat' dir='ltr'>postuletur.</span> 
     </span>
    </p>
   </div>
   <div class='ocr_carea' id='block_1_6' title="bbox 309 2233 1101 2330">
    <p class='ocr_par' dir='ltr' id='par_1_6' title="bbox 309 2233 1101 2330">
     <span class='ocr_line' id='line_1_17' title="bbox 309 2233 1101 2330; baseline 0.003 -18"><span class='ocrx_word' id='word_1_132' title='bbox 309 2248 384 2313; x_wconf 89' lang='lat' dir='ltr'>Dat.</span> <span class='ocrx_word' id='word_1_133' title='bbox 408 2250 562 2316; x_wconf 86' lang='lat' dir='ltr'>Latersn.</span> <span class='ocrx_word' id='word_1_134' title='bbox 585 2233 617 2313; x_wconf 82' lang='grc' dir='ltr'>Χ</span> <span class='ocrx_word' id='word_1_135' title='bbox 637 2248 713 2315; x_wconf 89' lang='lat' dir='ltr'>Kal.</span> <span class='ocrx_word' id='word_1_136' title='bbox 735 2250 943 2330; x_wconf 86' lang='lat' dir='ltr'>Novembris,</span> <span class='ocrx_word' id='word_1_137' title='bbox 967 2271 1052 2314; x_wconf 91' lang='lat' dir='ltr'>anno</span> <span class='ocrx_word' id='word_1_138' title='bbox 1075 2248 1101 2314; x_wconf 94' lang='grc' dir='ltr'>Ι.</span> 
     </span>
    </p>
   </div>
   <div class='ocr_carea' id='block_1_7' title="bbox 825 2561 1236 2570">
    <p class='ocr_par' dir='ltr' id='par_1_7' title="bbox 825 2561 1236 2570">
     <span class='ocr_line' id='line_1_18' title="bbox 825 2561 1236 2570; baseline 0 -2"><span class='ocrx_word' id='word_1_139' title='bbox 825 2561 1236 2570; x_wconf 47' lang='grc' dir='ltr'>-ῌ--ᾴ-</span> 
     </span>
    </p>
   </div>
   <div class='ocr_carea' id='block_1_8' title="bbox 1003 2875 1062 2948">
    <p class='ocr_par' dir='ltr' id='par_1_8' title="bbox 1003 2875 1062 2948">
     <span class='ocr_line' id='line_1_19' title="bbox 1003 2875 1062 2948; baseline 0.017 -1"><span class='ocrx_word' id='word_1_140' title='bbox 1003 2875 1062 2948; x_wconf 85' lang='grc'>35.</span> 
     </span>
    </p>
   </div>
   <div class='ocr_carea' id='block_1_9' title="bbox 307 2987 1860 3109">
    <p class='ocr_par' dir='ltr' id='par_1_9' title="bbox 307 2987 1860 3109">
     <span class='ocr_line' id='line_1_20' title="bbox 307 2987 1860 3109; baseline -0.001 -26"><span class='ocrx_word' id='word_1_141' title='bbox 307 2987 526 3083; x_wconf 76' lang='lat' dir='ltr'>Innocentius</span> <span class='ocrx_word' id='word_1_142' title='bbox 549 3015 605 3081; x_wconf 85' lang='lat' dir='ltr'>IV</span> <span class='ocrx_word' id='word_1_143' title='bbox 627 3037 718 3098; x_wconf 78' lang='lat' dir='ltr'>papa</span> <span class='ocrx_word' id='word_1_144' title='bbox 751 3017 980 3109; x_wconf 75' lang='lat' dir='ltr'>archiepiscopo</span> <span class='ocrx_word' id='word_1_145' title='bbox 1006 3018 1182 3082; x_wconf 85' lang='lat' dir='ltr'>Arborensi</span> <span class='ocrx_word' id='word_1_146' title='bbox 1212 3017 1386 3096; x_wconf 74' lang='lat' dir='ltr'>ennuntiat,</span> <span class='ocrx_word' id='word_1_147' title='bbox 1420 3020 1456 3081; x_wconf 86' lang='lat' dir='ltr'>ut</span> <span class='ocrx_word' id='word_1_148' title='bbox 1481 3016 1667 3082; x_wconf 85' lang='lat' dir='ltr'>Adelasiam</span> <span class='ocrx_word' id='word_1_149' title='bbox 1699 3017 1860 3083; x_wconf 83' lang='lat' dir='ltr'>dominam</span> 
     </span>
    </p>
   </div>
   <div class='ocr_carea' id='block_1_10' title="bbox 202 3119 1860 3405">
    <p class='ocr_par' dir='ltr' id='par_1_10' title="bbox 202 3119 1860 3405">
     <span class='ocr_line' id='line_1_21' title="bbox 202 3119 1860 3202; baseline 0.002 -19"><span class='ocrx_word' id='word_1_150' title='bbox 202 3119 361 3183; x_wconf 83' lang='lat' dir='ltr'>iudicatus</span> <span class='ocrx_word' id='word_1_151' title='bbox 386 3119 555 3184; x_wconf 77' lang='lat' dir='ltr'>Turritmi</span> <span class='ocrx_word' id='word_1_152' title='bbox 577 3124 606 3184; x_wconf 87' lang='lat' dir='ltr'>et</span> <span class='ocrx_word' id='word_1_153' title='bbox 630 3120 792 3198; x_wconf 77' lang='lat' dir='ltr'>Gallonio,</span> <span class='ocrx_word' id='word_1_154' title='bbox 819 3121 896 3201; x_wconf 84' lang='lat' dir='ltr'>quia</span> <span class='ocrx_word' id='word_1_155' title='bbox 917 3120 1056 3184; x_wconf 73' lang='lat' dir='ltr'>Ennium</span> <span class='ocrx_word' id='word_1_156' title='bbox 1082 3122 1239 3202; x_wconf 78' lang='lat' dir='ltr'>principis</span> <span class='ocrx_word' id='word_1_157' title='bbox 1264 3122 1367 3202; x_wconf 71' lang='lat' dir='ltr'>filicem</span> <span class='ocrx_word' id='word_1_158' title='bbox 1390 3121 1424 3183; x_wconf 90' lang='lat' dir='ltr'>in</span> <span class='ocrx_word' id='word_1_159' title='bbox 1448 3121 1551 3184; x_wconf 80' lang='lat' dir='ltr'>vinem</span> <span class='ocrx_word' id='word_1_160' title='bbox 1571 3121 1720 3201; x_wconf 84' lang='lat' dir='ltr'>receperit</span> <span class='ocrx_word' id='word_1_161' title='bbox 1739 3141 1860 3186; x_wconf 79' lang='lat' dir='ltr'>cacom-</span> 
     </span>
     <span class='ocr_line' id='line_1_22' title="bbox 202 3222 1859 3306; baseline 0.003 -20"><span class='ocrx_word' id='word_1_162' title='bbox 202 3224 408 3302; x_wconf 82' lang='lat' dir='ltr'>munioatam‚</span> <span class='ocrx_word' id='word_1_163' title='bbox 439 3228 468 3287; x_wconf 89' lang='lat' dir='ltr'>ct</span> <span class='ocrx_word' id='word_1_164' title='bbox 495 3224 577 3288; x_wconf 79' lang='lat' dir='ltr'>alios</span> <span class='ocrx_word' id='word_1_165' title='bbox 604 3222 701 3287; x_wconf 83' lang='lat' dir='ltr'>cidem</span> <span class='ocrx_word' id='word_1_166' title='bbox 723 3222 827 3287; x_wconf 76' lang='lat' dir='ltr'>Ennio</span> <span class='ocrx_word' id='word_1_167' title='bbox 853 3222 1069 3302; x_wconf 75' lang='lat' dir='ltr'>adhaerentes,</span> <span class='ocrx_word' id='word_1_168' title='bbox 1097 3245 1166 3288; x_wconf 73' lang='lat' dir='ltr'>earne</span> <span class='ocrx_word' id='word_1_169' title='bbox 1193 3225 1339 3289; x_wconf 84' lang='lat' dir='ltr'>ecclesiae</span> <span class='ocrx_word' id='word_1_170' title='bbox 1367 3222 1527 3287; x_wconf 74' lang='lat' dir='ltr'>inundatis</span> <span class='ocrx_word' id='word_1_171' title='bbox 1559 3227 1643 3287; x_wconf 84' lang='lat' dir='ltr'>staro</span> <span class='ocrx_word' id='word_1_172' title='bbox 1671 3225 1782 3306; x_wconf 80' lang='lat' dir='ltr'>velint,</span> <span class='ocrx_word' id='word_1_173' title='bbox 1818 3225 1859 3291; x_wconf 84' lang='lat' dir='ltr'>ab</span> 
     </span>
     <span class='ocr_line' id='line_1_23' title="bbox 202 3325 1771 3405; baseline 0.001 -14"><span class='ocrx_word' id='word_1_174' title='bbox 202 3328 518 3392; x_wconf 75' lang='lat' dir='ltr'>excommunicatione</span> <span class='ocrx_word' id='word_1_175' title='bbox 539 3327 689 3393; x_wconf 85' lang='lat' dir='ltr'>absoluat.</span> <span class='ocrx_word' id='word_1_176' title='bbox 1519 3328 1612 3405; x_wconf 80' lang='lat'>1243,</span> <span class='ocrx_word' id='word_1_177' title='bbox 1637 3325 1700 3392; x_wconf 86' lang='lat' dir='ltr'>Oct.</span> <span class='ocrx_word' id='word_1_178' title='bbox 1717 3330 1771 3392; x_wconf 81' lang='lat'>23.</span> 
     </span>
    </p>
   </div>
   <div class='ocr_carea' id='block_1_11' title="bbox 202 3444 1859 3689">
    <p class='ocr_par' dir='ltr' id='par_1_11' title="bbox 202 3444 1859 3689">
     <span class='ocr_line' id='line_1_24' title="bbox 305 3444 1859 3515; baseline 0.001 -16"><span class='ocrx_word' id='word_1_179' title='bbox 305 3446 368 3500; x_wconf 85' lang='lat' dir='ltr'>Iun.</span> <span class='ocrx_word' id='word_1_180' title='bbox 388 3446 436 3500; x_wconf 87' lang='lat' dir='ltr'>IV</span> <span class='ocrx_word' id='word_1_181' title='bbox 452 3445 515 3515; x_wconf 71' lang='lat' dir='ltr'>Rea.</span> <span class='ocrx_word' id='word_1_182' title='bbox 533 3445 588 3502; x_wconf 84' lang='lat' dir='ltr'>Vol.</span> <span class='ocrx_word' id='word_1_183' title='bbox 605 3446 633 3514; x_wconf 85' lang='lat'>1,</span> <span class='ocrx_word' id='word_1_184' title='bbox 652 3453 701 3513; x_wconf 72' lang='lat'>355</span> <span class='ocrx_word' id='word_1_185' title='bbox 724 3445 783 3500; x_wconf 77' lang='lat' dir='ltr'>La.</span> <span class='ocrx_word' id='word_1_186' title='bbox 800 3446 830 3513; x_wconf 92' lang='lat' dir='ltr'>I,</span> <span class='ocrx_word' id='word_1_187' title='bbox 852 3453 908 3501; x_wconf 77' lang='lat'><em>205.</em></span> <span class='ocrx_word' id='word_1_188' title='bbox 945 3445 1042 3499; x_wconf 76' lang='lat' dir='ltr'>Pertrii</span> <span class='ocrx_word' id='word_1_189' title='bbox 1064 3448 1195 3515; x_wconf 81' lang='lat' dir='ltr'>aanuplar</span> <span class='ocrx_word' id='word_1_190' title='bbox 1220 3447 1383 3500; x_wconf 73' lang='lat' dir='ltr'>conlidimur</span> <span class='ocrx_word' id='word_1_191' title='bbox 1407 3462 1468 3500; x_wconf 88' lang='lat' dir='ltr'>cum</span> <span class='ocrx_word' id='word_1_192' title='bbox 1490 3444 1782 3514; x_wconf 75' lang='lat' dir='ltr'>Huillard-Brtbolles,</span> <span class='ocrx_word' id='word_1_193' title='bbox 1807 3447 1859 3502; x_wconf 73' lang='lat' dir='ltr'>La.</span> 
     </span>
     <span class='ocr_line' id='line_1_25' title="bbox 215 3532 1445 3588; baseline 0 -3"><span class='ocrx_word' id='word_1_194' title='bbox 215 3571 221 3585; x_wconf 92' lang='lat'><strong>.</strong></span> <span class='ocrx_word' id='word_1_195' title='bbox 259 3532 280 3584; x_wconf 89' lang='lat'><em>1</em></span> <span class='ocrx_word' id='word_1_196' title='bbox 323 3575 330 3588; x_wconf 89' lang='lat'><strong>.</strong></span> <span class='ocrx_word' id='word_1_197' title='bbox 390 3577 395 3588; x_wconf 89' lang='lat'>.</span> <span class='ocrx_word' id='word_1_198' title='bbox 1441 3536 1445 3542; x_wconf 89' lang='lat'>&#39;</span> 
     </span>
     <span class='ocr_line' id='line_1_26' title="bbox 202 3531 817 3689; baseline 0 -17"><span class='ocrx_word' id='word_1_199' title='bbox 202 3531 441 3687; x_wconf 50' lang='lat' dir='ltr'>tV’Ii’diiiast,</span> <span class='ocrx_word' id='word_1_200' title='bbox 461 3619 523 3689; x_wconf 64' lang='lat' dir='ltr'>nep.</span> <span class='ocrx_word' id='word_1_201' title='bbox 538 3628 625 3686; x_wconf 76' lang='lat'><strong><em>111653</em></strong></span> <span class='ocrx_word' id='word_1_202' title='bbox 644 3620 741 3688; x_wconf 77' lang='lat' dir='ltr'>Berper</span> <span class='ocrx_word' id='word_1_203' title='bbox 758 3626 817 3675; x_wconf 77' lang='lat'><em>205.</em></span> 
     </span>
    </p>
   </div>
   <div class='ocr_carea' id='block_1_12' title="bbox 673 3817 1388 3910">
    <p class='ocr_par' dir='ltr' id='par_1_12' title="bbox 673 3817 1388 3910">
     <span class='ocr_line' id='line_1_27' title="bbox 673 3817 1388 3910; baseline -0.001 -19"><span class='ocrx_word' id='word_1_204' title='bbox 673 3873 711 3891; x_wconf 92' lang='lat'>..</span> <span class='ocrx_word' id='word_1_205' title='bbox 740 3817 1094 3910; x_wconf 86' lang='lat' dir='ltr'>archiepiscopo</span> <span class='ocrx_word' id='word_1_206' title='bbox 1121 3817 1388 3891; x_wconf 85' lang='lat' dir='ltr'>Arborensi.</span> 
     </span>
    </p>
   </div>
   <div class='ocr_carea' id='block_1_13' title="bbox 199 3963 1858 4985">
    <p class='ocr_par' dir='ltr' id='par_1_13' title="bbox 199 3963 1858 4985">
     <span class='ocr_line' id='line_1_28' title="bbox 310 3963 1856 4051; baseline 0.001 -23"><span class='ocrx_word' id='word_1_207' title='bbox 310 3963 362 4028; x_wconf 82' lang='lat' dir='ltr'>Ex</span> <span class='ocrx_word' id='word_1_208' title='bbox 386 3972 479 4051; x_wconf 90' lang='lat' dir='ltr'>parte</span> <span class='ocrx_word' id='word_1_209' title='bbox 504 3966 621 4030; x_wconf 87' lang='lat' dir='ltr'>nobilis</span> <span class='ocrx_word' id='word_1_210' title='bbox 645 3966 789 4030; x_wconf 86' lang='lat' dir='ltr'>mulieris</span> <span class='ocrx_word' id='word_1_211' title='bbox 813 3966 970 4031; x_wconf 79' lang='lat' dir='ltr'>Adelasie</span> <span class='ocrx_word' id='word_1_212' title='bbox 1000 3965 1130 4030; x_wconf 90' lang='lat' dir='ltr'>domine</span> <span class='ocrx_word' id='word_1_213' title='bbox 1160 3964 1322 4030; x_wconf 89' lang='lat' dir='ltr'>iudicatus</span> <span class='ocrx_word' id='word_1_214' title='bbox 1345 3965 1512 4030; x_wconf 82' lang='lat' dir='ltr'>Turritani</span> <span class='ocrx_word' id='word_1_215' title='bbox 1536 3972 1569 4029; x_wconf 93' lang='lat' dir='ltr'>et</span> <span class='ocrx_word' id='word_1_216' title='bbox 1591 3965 1738 4029; x_wconf 86' lang='lat' dir='ltr'>Galluris</span> <span class='ocrx_word' id='word_1_217' title='bbox 1762 3965 1856 4030; x_wconf 90' lang='lat' dir='ltr'>nobis</span> 
     </span>
     <span class='ocr_line' id='line_1_29' title="bbox 203 4067 1857 4156; baseline 0.002 -26"><span class='ocrx_word' id='word_1_218' title='bbox 203 4067 314 4130; x_wconf 89' lang='lat' dir='ltr'>extitit</span> <span class='ocrx_word' id='word_1_219' title='bbox 337 4068 530 4148; x_wconf 87' lang='lat' dir='ltr'>intimatum,</span> <span class='ocrx_word' id='word_1_220' title='bbox 555 4069 640 4154; x_wconf 92' lang='lat' dir='ltr'>quod</span> <span class='ocrx_word' id='word_1_221' title='bbox 665 4091 737 4133; x_wconf 90' lang='lat' dir='ltr'>cum</span> <span class='ocrx_word' id='word_1_222' title='bbox 762 4069 883 4134; x_wconf 90' lang='lat' dir='ltr'>dudum</span> <span class='ocrx_word' id='word_1_223' title='bbox 907 4090 1080 4156; x_wconf 84' lang='lat' dir='ltr'>pravorum</span> <span class='ocrx_word' id='word_1_224' title='bbox 1105 4069 1240 4133; x_wconf 88' lang='lat' dir='ltr'>seducta</span> <span class='ocrx_word' id='word_1_225' title='bbox 1256 4069 1393 4132; x_wconf 89' lang='lat' dir='ltr'>consilio</span> <span class='ocrx_word' id='word_1_226' title='bbox 1410 4067 1550 4132; x_wconf 79' lang='lat' dir='ltr'>Ennium</span> <span class='ocrx_word' id='word_1_227' title='bbox 1574 4069 1729 4154; x_wconf 90' lang='lat' dir='ltr'>principis</span> <span class='ocrx_word' id='word_1_228' title='bbox 1753 4069 1857 4133; x_wconf 90' lang='lat' dir='ltr'>filium</span> 
     </span>
     <span class='ocr_line' id='line_1_30' title="bbox 200 4171 1858 4259; baseline 0.004 -28"><span class='ocrx_word' id='word_1_229' title='bbox 200 4171 376 4255; x_wconf 90' lang='lat' dir='ltr'>recepisset</span> <span class='ocrx_word' id='word_1_230' title='bbox 399 4172 432 4236; x_wconf 93' lang='lat' dir='ltr'>iu</span> <span class='ocrx_word' id='word_1_231' title='bbox 455 4173 578 4252; x_wconf 78' lang='lat' dir='ltr'>virum,</span> <span class='ocrx_word' id='word_1_232' title='bbox 615 4172 754 4238; x_wconf 90' lang='lat' dir='ltr'>dilectus</span> <span class='ocrx_word' id='word_1_233' title='bbox 785 4174 870 4237; x_wconf 88' lang='lat' dir='ltr'>filius</span> <span class='ocrx_word' id='word_1_234' title='bbox 894 4173 1058 4238; x_wconf 89' lang='lat' dir='ltr'>Orlandus</span> <span class='ocrx_word' id='word_1_235' title='bbox 1087 4172 1306 4237; x_wconf 81' lang='lat' dir='ltr'>subdiaconus</span> <span class='ocrx_word' id='word_1_236' title='bbox 1336 4179 1368 4237; x_wconf 91' lang='lat' dir='ltr'>et</span> <span class='ocrx_word' id='word_1_237' title='bbox 1398 4173 1588 4259; x_wconf 78' lang='lat' dir='ltr'>capellanus</span> <span class='ocrx_word' id='word_1_238' title='bbox 1620 4179 1749 4253; x_wconf 89' lang='lat' dir='ltr'>noster,</span> <span class='ocrx_word' id='word_1_239' title='bbox 1779 4180 1858 4238; x_wconf 90' lang='lat' dir='ltr'>tuno</span> 
     </span>
     <span class='ocr_line' id='line_1_31' title="bbox 200 4271 1858 4363; baseline 0.003 -28"><span class='ocrx_word' id='word_1_240' title='bbox 200 4271 234 4336; x_wconf 90' lang='lat' dir='ltr'>in</span> <span class='ocrx_word' id='word_1_241' title='bbox 252 4271 403 4338; x_wconf 80' lang='lat' dir='ltr'>Sardinia</span> <span class='ocrx_word' id='word_1_242' title='bbox 419 4276 599 4360; x_wconf 87' lang='lat' dir='ltr'>apostolice</span> <span class='ocrx_word' id='word_1_243' title='bbox 624 4276 713 4341; x_wconf 90' lang='lat' dir='ltr'>sedis</span> <span class='ocrx_word' id='word_1_244' title='bbox 730 4277 869 4362; x_wconf 90' lang='lat' dir='ltr'>legatus,</span> <span class='ocrx_word' id='word_1_245' title='bbox 894 4277 927 4340; x_wconf 92' lang='lat' dir='ltr'>in</span> <span class='ocrx_word' id='word_1_246' title='bbox 943 4277 1049 4363; x_wconf 90' lang='lat' dir='ltr'>ipsam</span> <span class='ocrx_word' id='word_1_247' title='bbox 1064 4282 1199 4362; x_wconf 88' lang='lat' dir='ltr'>propter</span> <span class='ocrx_word' id='word_1_248' title='bbox 1214 4275 1274 4339; x_wconf 93' lang='lat' dir='ltr'>hoc</span> <span class='ocrx_word' id='word_1_249' title='bbox 1293 4277 1640 4342; x_wconf 87' lang='lat' dir='ltr'>excommunicationis</span> <span class='ocrx_word' id='word_1_250' title='bbox 1656 4278 1858 4342; x_wconf 89' lang='lat' dir='ltr'>seutentiam</span> 
     </span>
     <span class='ocr_line' id='line_1_32' title="bbox 201 4377 1858 4462; baseline 0.004 -24"><span class='ocrx_word' id='word_1_251' title='bbox 201 4377 430 4462; x_wconf 84' lang='lat' dir='ltr'>promulgavit.</span> <span class='ocrx_word' id='word_1_252' title='bbox 475 4379 588 4460; x_wconf 90' lang='lat' dir='ltr'>Unde,</span> <span class='ocrx_word' id='word_1_253' title='bbox 622 4401 696 4444; x_wconf 92' lang='lat' dir='ltr'>cum</span> <span class='ocrx_word' id='word_1_254' title='bbox 724 4379 839 4445; x_wconf 88' lang='lat' dir='ltr'>eadem</span> <span class='ocrx_word' id='word_1_255' title='bbox 863 4380 904 4444; x_wconf 91' lang='lat' dir='ltr'>ad</span> <span class='ocrx_word' id='word_1_256' title='bbox 928 4379 1137 4444; x_wconf 88' lang='lat' dir='ltr'>corrediens</span> <span class='ocrx_word' id='word_1_257' title='bbox 1160 4379 1240 4444; x_wconf 86' lang='lat' dir='ltr'>velit</span> <span class='ocrx_word' id='word_1_258' title='bbox 1269 4380 1407 4444; x_wconf 89' lang='lat' dir='ltr'>ecclesie</span> <span class='ocrx_word' id='word_1_259' title='bbox 1438 4387 1525 4444; x_wconf 86' lang='lat' dir='ltr'>stare</span> <span class='ocrx_word' id='word_1_260' title='bbox 1555 4379 1736 4461; x_wconf 89' lang='lat' dir='ltr'>mandatis,</span> <span class='ocrx_word' id='word_1_261' title='bbox 1763 4381 1858 4445; x_wconf 90' lang='lat' dir='ltr'>nobis</span> 
     </span>
     <span class='ocr_line' id='line_1_33' title="bbox 200 4478 1857 4570; baseline 0.002 -27"><span class='ocrx_word' id='word_1_262' title='bbox 200 4478 294 4545; x_wconf 89' lang='lat' dir='ltr'>duxit</span> <span class='ocrx_word' id='word_1_263' title='bbox 316 4481 483 4548; x_wconf 90' lang='lat' dir='ltr'>humiliter</span> <span class='ocrx_word' id='word_1_264' title='bbox 505 4485 764 4570; x_wconf 90' lang='lat' dir='ltr'>supplicandum,</span> <span class='ocrx_word' id='word_1_265' title='bbox 788 4491 824 4548; x_wconf 93' lang='lat' dir='ltr'>ut</span> <span class='ocrx_word' id='word_1_266' title='bbox 848 4492 914 4549; x_wconf 90' lang='lat' dir='ltr'>tam</span> <span class='ocrx_word' id='word_1_267' title='bbox 938 4484 1001 4549; x_wconf 88' lang='lat' dir='ltr'>sibi</span> <span class='ocrx_word' id='word_1_268' title='bbox 1026 4505 1121 4570; x_wconf 92' lang='lat' dir='ltr'>quam</span> <span class='ocrx_word' id='word_1_269' title='bbox 1147 4484 1221 4547; x_wconf 88' lang='lat' dir='ltr'>aliis</span> <span class='ocrx_word' id='word_1_270' title='bbox 1237 4483 1278 4548; x_wconf 91' lang='lat' dir='ltr'>do</span> <span class='ocrx_word' id='word_1_271' title='bbox 1298 4483 1450 4548; x_wconf 83' lang='lat' dir='ltr'>Sardinia</span> <span class='ocrx_word' id='word_1_272' title='bbox 1471 4484 1553 4570; x_wconf 90' lang='lat' dir='ltr'>ipss,</span> <span class='ocrx_word' id='word_1_273' title='bbox 1577 4483 1632 4568; x_wconf 91' lang='lat' dir='ltr'>qui</span> <span class='ocrx_word' id='word_1_274' title='bbox 1647 4482 1735 4546; x_wconf 93' lang='lat' dir='ltr'>dicto</span> <span class='ocrx_word' id='word_1_275' title='bbox 1751 4481 1857 4547; x_wconf 75' lang='lat' dir='ltr'>Ennio</span> 
     </span>
     <span class='ocr_line' id='line_1_34' title="bbox 200 4583 1858 4653; baseline 0.002 -6"><span class='ocrx_word' id='word_1_276' title='bbox 200 4583 386 4649; x_wconf 90' lang='lat' dir='ltr'>adherendo</span> <span class='ocrx_word' id='word_1_277' title='bbox 421 4589 771 4653; x_wconf 82' lang='lat' dir='ltr'>excommunicationis</span> <span class='ocrx_word' id='word_1_278' title='bbox 805 4590 969 4653; x_wconf 85' lang='lat' dir='ltr'>vinculum</span> <span class='ocrx_word' id='word_1_279' title='bbox 1003 4588 1210 4652; x_wconf 87' lang='lat' dir='ltr'>incurrerunt</span> <span class='ocrx_word' id='word_1_280' title='bbox 1239 4594 1272 4652; x_wconf 90' lang='lat' dir='ltr'>et</span> <span class='ocrx_word' id='word_1_281' title='bbox 1301 4609 1386 4652; x_wconf 91' lang='lat' dir='ltr'>nunc</span> <span class='ocrx_word' id='word_1_282' title='bbox 1419 4587 1460 4651; x_wconf 93' lang='lat' dir='ltr'>ad</span> <span class='ocrx_word' id='word_1_283' title='bbox 1490 4586 1732 4652; x_wconf 81' lang='lat' dir='ltr'>defendendum</span> <span class='ocrx_word' id='word_1_284' title='bbox 1766 4587 1858 4651; x_wconf 91' lang='lat' dir='ltr'>illam</span> 
     </span>
     <span class='ocr_line' id='line_1_35' title="bbox 201 4686 1858 4769; baseline 0.002 -19"><span class='ocrx_word' id='word_1_285' title='bbox 201 4686 307 4752; x_wconf 91' lang='lat' dir='ltr'>eidem</span> <span class='ocrx_word' id='word_1_286' title='bbox 331 4690 433 4754; x_wconf 91' lang='lat' dir='ltr'>nobili</span> <span class='ocrx_word' id='word_1_287' title='bbox 458 4697 645 4756; x_wconf 89' lang='lat' dir='ltr'>constanter</span> <span class='ocrx_word' id='word_1_288' title='bbox 668 4692 836 4769; x_wconf 86' lang='lat' dir='ltr'>assistunt,</span> <span class='ocrx_word' id='word_1_289' title='bbox 860 4692 902 4756; x_wconf 87' lang='lat' dir='ltr'>ad</span> <span class='ocrx_word' id='word_1_290' title='bbox 924 4691 1113 4756; x_wconf 91' lang='lat' dir='ltr'>mandatum</span> <span class='ocrx_word' id='word_1_291' title='bbox 1137 4692 1274 4756; x_wconf 91' lang='lat' dir='ltr'>ecclesie</span> <span class='ocrx_word' id='word_1_292' title='bbox 1298 4691 1406 4755; x_wconf 88' lang='lat' dir='ltr'>redire</span> <span class='ocrx_word' id='word_1_293' title='bbox 1430 4690 1616 4754; x_wconf 84' lang='lat' dir='ltr'>volentibus</span> <span class='ocrx_word' id='word_1_294' title='bbox 1640 4689 1858 4754; x_wconf 86' lang='lat' dir='ltr'>absolutionis</span> 
     </span>
     <span class='ocr_line' id='line_1_36' title="bbox 199 4790 1858 4882; baseline 0.002 -29"><span class='ocrx_word' id='word_1_295' title='bbox 199 4790 382 4856; x_wconf 86' lang='lat' dir='ltr'>faceremus</span> <span class='ocrx_word' id='word_1_296' title='bbox 405 4793 602 4858; x_wconf 83' lang='lat' dir='ltr'>beneficium</span> <span class='ocrx_word' id='word_1_297' title='bbox 618 4796 783 4881; x_wconf 88' lang='lat' dir='ltr'>impertiri.</span> <span class='ocrx_word' id='word_1_298' title='bbox 817 4796 977 4860; x_wconf 88' lang='lat' dir='ltr'>Volentes</span> <span class='ocrx_word' id='word_1_299' title='bbox 1002 4797 1101 4882; x_wconf 89' lang='lat' dir='ltr'>igitur</span> <span class='ocrx_word' id='word_1_300' title='bbox 1117 4796 1203 4860; x_wconf 88' lang='lat' dir='ltr'>illius</span> <span class='ocrx_word' id='word_1_301' title='bbox 1221 4795 1313 4879; x_wconf 90' lang='lat' dir='ltr'>sequi</span> <span class='ocrx_word' id='word_1_302' title='bbox 1329 4795 1469 4879; x_wconf 86' lang='lat' dir='ltr'>vestigia</span> <span class='ocrx_word' id='word_1_303' title='bbox 1485 4800 1546 4858; x_wconf 91' lang='lat' dir='ltr'>ote.</span> <span class='ocrx_word' id='word_1_304' title='bbox 1563 4801 1600 4856; x_wconf 89' lang='lat' dir='ltr'>ut</span> <span class='ocrx_word' id='word_1_305' title='bbox 1623 4814 1723 4880; x_wconf 90' lang='lat' dir='ltr'>supra</span> <span class='ocrx_word' id='word_1_306' title='bbox 1737 4814 1858 4879; x_wconf 91' lang='lat' dir='ltr'>usque:</span> 
     </span>
     <span class='ocr_line' id='line_1_37' title="bbox 200 4895 1856 4985; baseline 0.004 -29"><span class='ocrx_word' id='word_1_307' title='bbox 200 4895 447 4977; x_wconf 86' lang='lat' dir='ltr'>committimus,</span> <span class='ocrx_word' id='word_1_308' title='bbox 477 4903 512 4961; x_wconf 91' lang='lat' dir='ltr'>ut</span> <span class='ocrx_word' id='word_1_309' title='bbox 538 4905 606 4962; x_wconf 92' lang='lat' dir='ltr'>tam</span> <span class='ocrx_word' id='word_1_310' title='bbox 634 4900 793 4985; x_wconf 84' lang='lat' dir='ltr'>prefatam</span> <span class='ocrx_word' id='word_1_311' title='bbox 822 4901 965 4964; x_wconf 89' lang='lat' dir='ltr'>nobilem</span> <span class='ocrx_word' id='word_1_312' title='bbox 996 4922 1092 4985; x_wconf 91' lang='lat' dir='ltr'>quam</span> <span class='ocrx_word' id='word_1_313' title='bbox 1124 4901 1204 4964; x_wconf 90' lang='lat' dir='ltr'>alios</span> <span class='ocrx_word' id='word_1_314' title='bbox 1233 4899 1398 4984; x_wconf 89' lang='lat' dir='ltr'>predictos</span> <span class='ocrx_word' id='word_1_315' title='bbox 1426 4898 1467 4962; x_wconf 89' lang='lat' dir='ltr'>ad</span> <span class='ocrx_word' id='word_1_316' title='bbox 1499 4898 1687 4963; x_wconf 87' lang='lat' dir='ltr'>mandatum</span> <span class='ocrx_word' id='word_1_317' title='bbox 1712 4899 1856 4964; x_wconf 86' lang='lat' dir='ltr'>ecclesia</span> 
     </span>
    </p>
   </div>
   <div class='ocr_carea' id='block_1_14' title="bbox 1912 1647 1936 1686">
    <p class='ocr_par' dir='ltr' id='par_1_14' title="bbox 1912 1647 1936 1686">
     <span class='ocr_line' id='line_1_38' title="bbox 1912 1647 1936 1686; baseline -0.083 0"><span class='ocrx_word' id='word_1_318' title='bbox 1912 1647 1936 1686; x_wconf 80' lang='lat'>1⁰</span> 
     </span>
    </p>
   </div>
   <div class='ocr_carea' id='block_1_15' title="bbox 198 4998 1929 5088">
    <p class='ocr_par' dir='ltr' id='par_1_15' title="bbox 198 4998 1929 5088">
     <span class='ocr_line' id='line_1_39' title="bbox 198 4998 1929 5088; baseline 0.002 -27"><span class='ocrx_word' id='word_1_319' title='bbox 198 4998 375 5064; x_wconf 87' lang='lat' dir='ltr'>redeuntes</span> <span class='ocrx_word' id='word_1_320' title='bbox 388 5001 480 5065; x_wconf 89' lang='lat' dir='ltr'>iuxta</span> <span class='ocrx_word' id='word_1_321' title='bbox 494 5003 634 5070; x_wconf 89' lang='lat' dir='ltr'>ecclesie</span> <span class='ocrx_word' id='word_1_322' title='bbox 646 5002 783 5067; x_wconf 88' lang='lat' dir='ltr'>formam</span> <span class='ocrx_word' id='word_1_323' title='bbox 797 5004 838 5068; x_wconf 91' lang='lat' dir='ltr'>ab</span> <span class='ocrx_word' id='word_1_324' title='bbox 852 5005 1244 5070; x_wconf 84' lang='lat' dir='ltr'>excommunicationibus</span> <span class='ocrx_word' id='word_1_325' title='bbox 1263 5002 1458 5088; x_wconf 87' lang='lat' dir='ltr'>supradictis</span> <span class='ocrx_word' id='word_1_326' title='bbox 1471 5003 1635 5081; x_wconf 84' lang='lat' dir='ltr'>absolvas,</span> <span class='ocrx_word' id='word_1_327' title='bbox 1650 5001 1780 5088; x_wconf 85' lang='lat' dir='ltr'>proviso</span> <span class='ocrx_word' id='word_1_328' title='bbox 1794 5006 1856 5065; x_wconf 92' lang='lat' dir='ltr'>etc.</span> <span class='ocrx_word' id='word_1_329' title='bbox 1923 5028 1929 5041; x_wconf 93' lang='lat'><em>·</em></span> 
     </span>
    </p>
   </div>
   <div class='ocr_carea' id='block_1_16' title="bbox 199 5102 491 5186">
    <p class='ocr_par' dir='ltr' id='par_1_16' title="bbox 199 5102 491 5186">
     <span class='ocr_line' id='line_1_40' title="bbox 199 5102 491 5186; baseline 0.027 -22"><span class='ocrx_word' id='word_1_330' title='bbox 199 5122 303 5186; x_wconf 91' lang='lat' dir='ltr'>usque</span> <span class='ocrx_word' id='word_1_331' title='bbox 327 5102 360 5165; x_wconf 92' lang='lat' dir='ltr'>iu</span> <span class='ocrx_word' id='word_1_332' title='bbox 383 5103 491 5172; x_wconf 87' lang='lat' dir='ltr'>finem.</span> 
     </span>
    </p>
   </div>
   <div class='ocr_carea' id='block_1_17' title="bbox 305 5368 486 5445">
    <p class='ocr_par' dir='ltr' id='par_1_17' title="bbox 305 5368 486 5445">
     <span class='ocr_line' id='line_1_41' title="bbox 305 5368 486 5445; baseline 0.011 -12"><span class='ocrx_word' id='word_1_333' title='bbox 305 5380 330 5445; x_wconf 56' lang='grc' dir='ltr'>ὓ)</span> <span class='ocrx_word' id='word_1_334' title='bbox 349 5368 444 5435; x_wconf 68' lang='lat' dir='ltr'>Budsd</span> <span class='ocrx_word' id='word_1_335' title='bbox 454 5382 486 5435; x_wconf 81' lang='lat' dir='ltr'>R.</span> 
     </span>
    </p>
   </div>
   <div class='ocr_carea' id='block_1_18' title="bbox 197 5498 1858 5656">
    <p class='ocr_par' dir='ltr' id='par_1_18' title="bbox 197 5498 1858 5656">
     <span class='ocr_line' id='line_1_42' title="bbox 304 5498 1858 5573; baseline 0.001 -21"><span class='ocrx_word' id='word_1_336' title='bbox 304 5501 329 5567; x_wconf 86' lang='lat' dir='ltr'>l)</span> <span class='ocrx_word' id='word_1_337' title='bbox 350 5500 398 5553; x_wconf 80' lang='lat' dir='ltr'>Ex</span> <span class='ocrx_word' id='word_1_338' title='bbox 415 5516 467 5554; x_wconf 85' lang='lat' dir='ltr'>occ.</span> <span class='ocrx_word' id='word_1_339' title='bbox 482 5501 660 5569; x_wconf 73' lang='lat' dir='ltr'>maurentani</span> <span class='ocrx_word' id='word_1_340' title='bbox 672 5500 846 5570; x_wconf 73' lang='lat' dir='ltr'>Spartiatam.</span> <span class='ocrx_word' id='word_1_341' title='bbox 909 5502 936 5570; x_wconf 76' lang='lat'>2)</span> <span class='ocrx_word' id='word_1_342' title='bbox 955 5499 1051 5556; x_wconf 71' lang='lat' dir='ltr'>Eidem</span> <span class='ocrx_word' id='word_1_343' title='bbox 1063 5502 1152 5571; x_wconf 75' lang='lat' dir='ltr'>priori</span> <span class='ocrx_word' id='word_1_344' title='bbox 1165 5518 1241 5572; x_wconf 81' lang='lat' dir='ltr'>papa</span> <span class='ocrx_word' id='word_1_345' title='bbox 1253 5520 1278 5557; x_wconf 93' lang='lat' dir='ltr'>a.</span> <span class='ocrx_word' id='word_1_346' title='bbox 1291 5511 1362 5573; x_wconf 75' lang='grc'><strong><em>1214,</em></strong></span> <span class='ocrx_word' id='word_1_347' title='bbox 1381 5502 1446 5560; x_wconf 87' lang='lat' dir='ltr'>Iun.</span> <span class='ocrx_word' id='word_1_348' title='bbox 1460 5512 1488 5558; x_wconf 85' lang='lat'>11</span> <span class='ocrx_word' id='word_1_349' title='bbox 1500 5502 1668 5572; x_wconf 71' lang='lat' dir='ltr'>mindoniam</span> <span class='ocrx_word' id='word_1_350' title='bbox 1682 5499 1716 5554; x_wconf 84' lang='lat' dir='ltr'>ab</span> <span class='ocrx_word' id='word_1_351' title='bbox 1729 5498 1858 5554; x_wconf 77' lang='lat' dir='ltr'>Adclass&#39;a</span> 
     </span>
     <span class='ocr_line' id='line_1_43' title="bbox 197 5585 973 5656; baseline 0.005 -18"><span class='ocrx_word' id='word_1_352' title='bbox 197 5601 225 5640; x_wconf 88' lang='lat' dir='ltr'>a.</span> <span class='ocrx_word' id='word_1_353' title='bbox 238 5591 310 5652; x_wconf 76' lang='grc'><strong><em>1114,</em></strong></span> <span class='ocrx_word' id='word_1_354' title='bbox 329 5585 423 5640; x_wconf 71' lang='lat' dir='ltr'>Iane</span> <span class='ocrx_word' id='word_1_355' title='bbox 440 5601 591 5642; x_wconf 78' lang='lat' dir='ltr'>aoneoemm</span> <span class='ocrx_word' id='word_1_356' title='bbox 607 5586 786 5655; x_wconf 63' lang='lat' dir='ltr'>oonpinnaoim</span> <span class='ocrx_word' id='word_1_357' title='bbox 804 5585 905 5656; x_wconf 78' lang='lat' dir='ltr'>Barper</span> <span class='ocrx_word' id='word_1_358' title='bbox 919 5592 973 5642; x_wconf 82' lang='grc'><strong><em>731.</em></strong></span> 
     </span>
    </p>
   </div>
   <div class='ocr_carea' id='block_1_19' title="bbox 0 0 2168 6229">
    <p class='ocr_par' dir='ltr' id='par_1_19' title="bbox 0 0 2168 6229">
     <span class='ocr_line' id='line_1_44' title="bbox 0 0 2168 6229; baseline 0 0"><span class='ocrx_word' id='word_1_359' title='bbox 0 0 2168 6229; x_wconf 95' lang='lat' dir='ltr'> </span> 
     </span>
    </p>
   </div>
  </div>
 </body>
</html>
