4784 6334
867 390 1067 448 EPISTOLAE
1083 393 1273 452 succentu.
1309 398 1384 454 1248.
1885 407 1947 470 369

303 559 422 626 nvibus
444 561 677 630 Bucilicnsibuc
698 563 921 630 concedendurn
942 567 1102 648 procedm,
1123 569 1161 634 dc
1187 569 1237 635 us
1257 570 1465 658 [Bcrttoldo]
1481 574 1661 664 praeposito
1685 573 1949 642 Grandicallcusi

296 663 473 744 procident.
1565 680 1658 758 1248,
1681 677 1783 744 Mart.
1807 683 1859 745 31.

407 785 472 840 Iun.
491 787 542 842 IV
557 787 620 857 Ray.
637 788 691 842 Vol.
711 790 734 854 L
754 796 819 846 522.-
836 789 898 846 Lib.
922 791 951 859 V,
967 799 1017 846 767.

310 924 313 930 .
407 873 507 944 Bergan
523 881 595 932 3806.

807 1043 816 1062 .
845 1045 854 1063 .
883 989 1092 1083 episcopo
1120 990 1445 1085 Argentinensi.

408 1134 490 1200 Oum
520 1135 580 1200 tibi
608 1157 706 1222 super
736 1135 842 1202 dando
870 1138 1058 1204 coadiutoro
1081 1141 1261 1206 venerabili
1283 1141 1375 1206 fratri
1398 1148 1510 1207 nostro
1533 1192 1566 1209 ..
1591 1145 1745 1230 episcopo
1768 1143 1947 1210 Basiliensi

304 1261 342 1302 ac
366 1238 573 1303 concedendo
598 1241 768 1325 capitaneo
792 1263 850 1306 seu
873 1241 1046 1308 defensore
1079 1243 1204 1308 civibus
1232 1243 1471 1311 Basilicnsibus
1502 1245 1648 1312 diversas
1677 1246 1803 1312 litteras
1824 1249 1945 1334 diriga-

304 1363 388 1422 mus,
412 1348 445 1407 et
468 1343 508 1407 ad
533 1343 592 1408 hec
609 1342 748 1410 dilectus
771 1346 856 1410 filius
880 1397 887 1410 .
908 1396 915 1410 .
939 1348 1123 1434 prepositus
1141 1347 1419 1414 Grandivelleneis
1443 1356 1575 1436 propter
1598 1372 1691 1414 suam
1711 1351 1914 1418 nobilitatem
1925 1355 1946 1432 ²,

303 1444 494 1510 industriam
518 1453 551 1510 et
573 1448 753 1533 potentiam
775 1448 910 1514 idoneus
934 1456 1113 1540 reputetur,
1137 1450 1265 1516 videtur
1288 1450 1382 1516 nobis
1406 1452 1562 1537 expedire
1586 1475 1624 1518 ao
1647 1454 1773 1540 placet,
1797 1455 1881 1541 quod
1905 1455 1945 1521 de

304 1551 374 1636 ipso
398 1549 440 1615 ad
462 1551 632 1636 premissa,
656 1551 682 1615 si
706 1551 746 1615 nd
771 1573 811 1616 ea
834 1573 1043 1638 processurus
1066 1575 1115 1630 es,
1139 1554 1262 1620 debeas
1285 1554 1464 1640 providere,
1487 1556 1629 1620 maxime
1654 1579 1727 1621 cunr
1750 1558 1835 1622 illius
1859 1566 1945 1624 terre

303 1653 465 1720 nobilibus
494 1675 532 1718 ac
558 1654 695 1741 prefatis
723 1656 847 1722 civibus
874 1664 985 1742 gratus
1013 1657 1055 1722 sit
1082 1664 1115 1722 st
1138 1658 1216 1722 velit
1245 1664 1278 1722 et
1301 1658 1403 1744 possit
1425 1679 1490 1723 una
1513 1680 1586 1724 cum
1610 1660 1656 1724 eie
1681 1661 1819 1726 ecclesie
1842 1684 1944 1748 nogo-

302 1758 383 1822 tium
407 1764 440 1822 et
462 1758 598 1824 viriliter
620 1765 654 1824 et
675 1759 798 1824 utiliter
820 1760 1044 1846 promovere².

405 1879 482 1944 Dat.
504 1877 667 1964 Lugduni,
691 1877 725 1942 ΙΙ
747 1877 823 1944 Kal.
846 1879 949 1966 April.
973 1901 1057 1944 anno
1077 1880 1133 1946 V0.

921 2143 1329 2152 ——a—-—-—--

1081 2387 1167 2462 ouo.

407 2500 624 2594 Innocentius
644 2527 699 2592 IV
716 2549 806 2612 popo
827 2529 923 2592 eidem
947 2528 1086 2608 mundat
1109 2532 1146 2592 nt
1165 2529 1195 2593 si
1209 2527 1414 2613 [dietbaldo]
1428 2530 1568 2612 cpriecopo
1589 2529 1766 2594 Basilicusi
1788 2530 1947 2594 ccudiulcr

301 2629 343 2692 sit
364 2630 567 2708 necessarius,
589 2631 618 2694 ci
638 2631 676 2696 dc
696 2632 804 2712 oliano
826 2632 934 2696 Moneo
949 2633 1123 2714 providem.
1567 2635 1660 2711 1248,
1682 2632 1784 2697 Mart.
1807 2637 1859 2699 31.

405 2749 468 2804 bna
488 2748 536 2802 IV
551 2749 615 2818 Ray.
633 2749 687 2804 Vol.
706 2751 810 2819 I,522,·
828 2751 888 2806 Iub.
912 2752 943 2821 V,
962 2760 1020 2808 758.

405 2837 506 2906 Bergan
522 2844 597 2894 3806.

1042 2951 1211 3025 Eidem.

405 3096 567 3162 (iacentes
602 3097 643 3163 de
678 3099 969 3184 circumspectione
1000 3106 1057 3164 tua
1091 3100 1242 3165 fiduciam
1277 3100 1310 3162 in
1343 3097 1483 3163 Domino
1516 3098 1710 3184 pleniorem,
1741 3100 1943 3180 mandamus,

303 3201 454 3286 quatinus
488 3200 660 3288 diligenter
693 3203 884 3278 attendens,
917 3206 944 3268 si
977 3206 1156 3271 venerabili
1183 3205 1274 3269 fratri
1303 3210 1411 3268 nostro
1442 3252 1478 3270 ..
1506 3203 1660 3290 episcopo
1691 3203 1869 3270 Basiliensi
1904 3205 1945 3268 sit

301 3306 507 3370 necessarius
531 3305 708 3388 condiatur,
732 3314 766 3371 tu
791 3308 821 3372 ei
843 3310 1037 3374 auctoritate
1061 3316 1171 3374 nostra
1193 3308 1234 3372 de
1257 3307 1375 3372 idoneo
1401 3306 1589 3372 coadiutore
1612 3307 1799 3393 provideas,
1825 3309 1880 3394 qui
1904 3309 1945 3372 sit

301 3410 439 3475 devotus
462 3411 601 3476 ecclesie
624 3433 662 3476 ac
678 3413 783 3498 possit
805 3435 843 3478 ac
860 3414 939 3478 velit
955 3413 1100 3479 eiusdem
1116 3414 1294 3500 negotium,
1318 3412 1401 3498 quod
1417 3412 1574 3494 imminet,
1596 3412 1719 3478 utiliter
1735 3433 1943 3497 promovere;

302 3513 558 3580 contradictores
582 3521 644 3580 stc.

403 3636 481 3703 Dat.
504 3643 541 3702 ut
563 3659 671 3724 supra.
920 3693 1329 3702 —--..-

1080 3955 1167 4029 527.

405 4066 623 4158 Innocentius
643 4095 701 4160 IV
712 4116 801 4179 popu
823 4095 919 4160 cidem
941 4095 1084 4176 mundat,
1109 4101 1144 4161 ut
1169 4098 1199 4161 ci
1227 4097 1306 4162 cives
1326 4095 1523 4161 Bucilicnscc
1548 4098 1744 4178 capitaneum
1770 4096 1817 4159 vel
1839 4093 1946 4180 desen·

301 4215 401 4260 sorem
422 4196 533 4261 bcbcrc
555 4197 717 4276 voluerint,
740 4203 768 4262 ct
789 4197 1014 4283 [Lintbcldns]
1034 4200 1194 4282 episcopus
1215 4199 1408 4264 Basilicus-is
1429 4199 1547 4264 adhoc
1574 4199 1715 4284 officium
1736 4197 1946 4278 excusandum

301 4299 427 4364 inuidis
448 4300 498 4378 su,
520 4301 565 4364 eis
586 4300 726 4366 deuotum
748 4303 883 4384 aliquem
905 4306 935 4366 ct
950 4307 1107 4386 pomntcm
1128 4303 1280 4369 concedat.
1568 4305 1660 4380 1248,
1685 4300 1782 4364 Mart.
1807 4305 1859 4364 31.

405 4419 468 4473 Inn
486 4419 536 4474 IV
551 4421 615 4491 ch.
634 4421 691 4476 Vol.
710 4421 734 4490 I,
752 4427 813 4486 622,-
831 4420 890 4475 Lib.
909 4420 939 4490 V,
961 4429 1012 4478 759.

405 4505 503 4576 aanor
521 4513 597 4563 3807.

1040 4619 1207 4694 Eidem.

406 4765 458 4831 De
492 4767 781 4853 circumspectione
816 4773 872 4832 tua
905 4767 1035 4854 plenam
1075 4767 1107 4830 in
1141 4764 1283 4831 Domino
1321 4764 1472 4830 fiduciam
1507 4765 1707 4844 obtinentes,
1743 4765 1945 4846 mandamus,

304 4871 457 4955 quatinus
481 4871 509 4935 si
531 4869 832 4936 civesBasilienses
855 4893 914 4957 pro
931 4870 1017 4935 bono
1040 4876 1127 4935 statu
1150 4869 1290 4934 ecclesio
1313 4890 1351 4933 ac
1375 4869 1516 4933 civitatis
1541 4876 1574 4934 et
1595 4869 1737 4934 diocesis
1753 4868 1945 4933 Basiliensis

303 4973 464 5038 voluerint
497 4974 704 5059 capitaneum
737 4976 791 5040 vel
827 4975 1034 5040 defensorem
1068 4973 1189 5038 habere
1217 4980 1251 5039 et
1272 4973 1470 5038 venerabilia
1501 4973 1603 5038 frater
1634 4978 1745 5038 noster
1773 4973 1945 5058 episcopus

302 5075 496 5142 Basilieueis
519 5079 563 5142 sit
585 5077 668 5144 adeo
691 5079 861 5165 impotens,
885 5079 1057 5164 negligens
1073 5078 1127 5142 vel
1148 5078 1312 5159 remissus,
1330 5075 1416 5162 quod
1432 5076 1474 5141 ad
1489 5076 1636 5163 predicta
1658 5077 1699 5140 sit
1720 5076 1844 5141 inutilis
1867 5097 1945 5141 exe·

410 5337 437 5402 1)
455 5335 611 5392 Batinum
625 5337 713 5403 frater
735 5336 821 5392 Ulrici
846 5337 947 5391 comitia
972 5337 1003 5392 dc
1023 5335 1133 5390 Ferrato
1150 5341 1212 5390 crat.
1352 5335 1378 5402 2)
1396 5333 1480 5388 Ham
1500 5351 1554 5402 cn,
1572 5334 1638 5403 quia
1654 5350 1714 5388 uem
1730 5351 1759 5388 n.
1776 5340 1825 5388 520
1842 5331 1948 5386 minian

302 5420 426 5489 conctnit,
444 5423 665 5489 manufactae
678 5429 807 5492 nummus
831 5428 856 5477 ct
877 5439 927 5491 per
944 5439 1003 5478 cnm
1019 5422 1167 5490 episcopum
1183 5423 1292 5490 Arguat.
1310 5420 1471 5476 muranum
1487 5437 1555 5488 csse,
1573 5419 1640 5489 quid
1653 5437 1729 5488 pepo
1744 5419 1803 5486 ficri
1819 5420 1905 5486 celtu,
1924 5418 1948 5472 si

300 5507 435 5576 episcopus
452 5507 536 5562 Boset
556 5509 696 5578 ‘neptunu
721 5509 761 5564 uel
782 5508 913 5562 rcrnimnc’
934 5514 1014 5577 csact;
1038 5507 1163 5574 cfiinfra
1183 5507 1232 5562 aab
1256 5509 1322 5576 Apr.
1342 5514 1373 5562 12
1389 5512 1412 5562 ct
1430 5515 1469 5562 14.
1505 5506 1600 5561 Eunu
1617 5507 1677 5574 ipsu
1694 5506 1883 5573 instrumento,
1898 5521 1948 5572 per

300 5609 368 5662 quac
384 5593 520 5664 episcopua
537 5596 658 5663 Augeat,
677 5593 701 5648 ei
717 5610 819 5649 ruccasc
835 5599 904 5662 aen,
923 5593 955 5649 dc
972 5595 1032 5648 iure
1044 5594 1181 5664 procedere
1194 5599 1291 5662 persen
1309 5594 1333 5648 ci
1350 5594 1432 5648 nuni
1447 5592 1528 5647 missu
1550 5598 1630 5660 sunt,
1653 5609 1680 5645 n.
1698 5599 1745 5647 526
1762 5596 1785 5645 u
1801 5599 1862 5660 ⁶2⁷5
1878 5608 1947 5660 qnae

300 5684 324 5733 ct
341 5679 402 5747 ipen
419 5678 450 5732 in
462 5679 596 5748 pubinum
613 5681 808 5736 natumnatum
824 5680 912 5735 uenire
928 5683 985 5736 sinc
1002 5680 1083 5737 dnbio
1100 5697 1157 5736 uon
1174 5680 1311 5746 debebunt,¹
1327 5681 1360 5748 cf.
1378 5698 1406 5736 n.
1424 5689 1475 5737 539
1491 5684 1515 5735 ct
1532 5679 1569 5735 N.
1588 5681 1625 5733 A.
1642 5683 1661 5733 t.
1681 5678 1719 5746 X,
1733 5695 1761 5746 p.
1779 5686 1833 5734 565.

405 5773 469 5829 Rue.
482 5775 562 5830 Ponr.
576 5775 612 5828 Π.
1707 5775 1741 5828 47
