4328 6232
261 340 324 407 asc
508 307 510 311 ’
821 335 871 396 ax
888 336 1107 397 ranocmrn
1125 337 1164 395 rr
1181 336 1362 397 suasano

262 512 504 600 Signeringen¹
528 521 562 579 et
584 512 808 602 H[srtmanni]
834 516 874 580 de
898 514 1112 601 Grueningen
1136 515 1288 579 comitum
1307 514 1455 580 Romane
1478 517 1618 580 ecclesie
1642 515 1836 581 devotorum
1859 537 1917 603 per

261 618 386 683 litteras
408 618 503 683 nobis
528 620 638 684 extitit
660 619 860 699 intimatum,
888 619 975 704 quod
1003 621 1031 684 si
1058 627 1195 684 actenus
1223 619 1308 682 circa
1335 619 1502 705 negotium
1531 620 1673 685 ecclesie
1696 621 1785 685 risus
1814 620 1915 685 tueris

261 723 432 807 negligens
456 727 489 787 et
512 722 679 800 remissus,
706 724 857 809 provenit
880 744 922 787 ex
944 723 1116 804 industria,
1147 744 1211 787 non
1235 724 1439 788 contumacia
1462 724 1514 789 vel
1536 722 1680 804 deiectu,
1703 724 1861 789 videlicet
1881 731 1916 788 ut

260 828 418 911 temporis
443 829 665 912 oportunitate
691 834 822 914 captata
843 829 948 912 magis
970 847 1086 914 posses
1102 827 1292 891 resistentes
1309 826 1475 892 offendere
1492 849 1590 912 quam
1606 826 1739 909 offendi,
1762 828 1916 913 opinione

260 950 318 1014 pro
349 931 495 1015 ipsorum
524 931 706 996 assertione
736 931 942 997 manifestius
969 932 1128 1012 faciente,
1161 928 1246 1015 quod
1274 952 1348 994 eum
1374 953 1480 1017 nuper
1507 930 1913 1016 cannamomum

258 1033 468 1118 imperatoris
493 1037 683 1120 aggregatis
706 1034 849 1120 undique
872 1035 1015 1114 viribus,
1044 1056 1109 1099 non
1133 1034 1306 1098 adendens
1330 1034 1415 1119 quod
1438 1055 1505 1099 non
1527 1035 1560 1098 in
1583 1032 1795 1099 multitudine
1820 1056 1916 1099 exer-

260 1138 344 1200 citus
366 1137 502 1202 victoria
525 1137 603 1201 belli
627 1138 685 1202 sed
710 1145 760 1203 est
784 1138 824 1203 de
847 1140 919 1204 celo
943 1138 1167 1203 tantummodo
1190 1136 1355 1216 fortitudo,
1380 1158 1451 1201 cum
1474 1138 1553 1222 ipsis
1570 1137 1743 1202 comitibus
1759 1137 1916 1223 congredi

260 1248 506 1326 attemptasset,
534 1243 666 1306 astitisti
695 1243 744 1307 cis
771 1244 912 1308 viriliter
938 1250 972 1307 et
999 1247 1152 1330 potenter
1179 1264 1252 1306 cum
1281 1241 1411 1306 decenti
1440 1248 1638 1305 armatorum
1666 1248 1700 1306 et
1730 1241 1915 1306 honorabili

261 1346 427 1425 comitiva,
456 1346 502 1409 ita
525 1345 610 1430 qnod
633 1353 824 1431 persecutor
847 1347 989 1411 ecclesie
1013 1352 1107 1431 terga
1129 1352 1262 1410 vertens
1285 1345 1409 1409 relictis
1432 1345 1531 1410 rebus
1554 1367 1650 1431 quam
1674 1344 1826 1431 plurimis
1849 1345 1916 1410 iere

260 1448 322 1512 fuit
344 1469 442 1512 mauu
465 1448 572 1512 valida
596 1450 779 1535 captivatus
790 1448 814 1516 ².
852 1448 962 1522 Quare
986 1471 1045 1536 pro
1070 1457 1102 1513 te
1127 1449 1222 1514 nobis
1246 1447 1414 1513 humiliter
1437 1449 1672 1535 supplicarunt,
1695 1455 1733 1512 ut
1747 1455 1914 1534 tamquam

260 1552 399 1616 ecclesie
423 1550 576 1616 devotum
600 1553 703 1616 filium
728 1554 761 1616 in
783 1559 929 1617 nostram
953 1554 1092 1638 gratiam
1117 1559 1150 1618 et
1173 1553 1317 1617 favorem
1340 1559 1374 1617 te
1397 1551 1572 1617 admittere
1596 1573 1634 1615 ae
1649 1553 1809 1638 prosequi
1824 1551 1915 1617 beni-

260 1655 404 1718 volentia
428 1656 582 1739 specialis
606 1656 712 1741 gratie
736 1656 954 1741 dignaremur.
999 1657 1067 1722 Nos
1091 1679 1185 1736 vero,
1213 1662 1383 1742 sperantes
1412 1655 1499 1741 quod
1521 1654 1562 1719 de
1585 1662 1695 1721 cetero
1720 1677 1788 1720 non
1811 1657 1917 1721 latitet

258 1760 394 1823 lucerna
415 1759 475 1823 sub
499 1758 606 1823 modio
630 1759 688 1823 scd
711 1760 746 1822 in
768 1761 874 1824 lucem
897 1760 1010 1824 veniat
1034 1766 1067 1825 et
1090 1761 1123 1824 in
1155 1759 1353 1825 evidentiam
1384 1764 1609 1845 expectatam,
1638 1760 1914 1846 contemplatione

259 1862 408 1927 eiusdem
443 1863 588 1949 episcopi
621 1868 654 1926 et
688 1862 846 1927 dictorum
874 1863 1031 1928 nobilium
1066 1865 1099 1928 in
1133 1865 1273 1949 gratiam
1306 1869 1340 1927 et
1371 1863 1513 1928 favorem
1547 1863 1728 1949 apostolice
1761 1864 1852 1929 sedis
1882 1874 1915 1930 et

258 1973 403 2031 nostram
430 1972 464 2030 te
493 1966 646 2031 'duximus
676 1965 929 2046 admittendum,
958 1966 1151 2031 mandantes
1182 1968 1332 2052 quatinus
1360 1967 1471 2031 taliter
1497 1971 1530 2030 te
1552 1965 1678 2031 habeas
1703 1967 1737 2030 in
1761 1967 1911 2047 laturum,

258 2070 343 2154 quod
359 2092 417 2155 per
432 2070 597 2135 evidentia
614 2091 714 2156 opera
731 2090 979 2155 cognoscamus,
1004 2070 1091 2154 quod
1107 2091 1186 2134 vera
1203 2076 1288 2150 sunt,
1313 2090 1376 2155 que
1392 2068 1433 2134 de
1458 2077 1490 2134 te
1514 2068 1613 2134 iidem
1636 2071 1758 2133 nostris
1782 2072 1911 2136 auribus

257 2173 459 2238 intimarunt.
509 2173 692 2240 Petitioncs
727 2194 804 2239 vero
837 2180 925 2256 tuas,
962 2181 1119 2261 quantum
1154 2196 1227 2239 eum
1258 2173 1331 2238 Deo
1366 2174 1560 2259 poterimus,
1596 2173 1823 2241 favorabiliter
1856 2175 1909 2240 ad-

257 2279 437 2345 mittemus.

368 2397 445 2465 Dat.
470 2398 635 2484 Lugduni,
657 2398 770 2464 Idibus
793 2398 883 2479 Maii,
907 2419 992 2463 anno
1008 2398 1087 2463 V⁰³.

1044 2836 1130 2910 559.

361 2933 580 3027 Innocentius
595 2960 650 3025 IV
657 2981 747 3044 papa
763 2960 920 3045 [Henrico
935 2959 1016 3043 ΙΙΙ]
1030 2961 1169 3040 episcopo
1184 2959 1412 3042 Arpentinensi
1431 2959 1568 3023 macedit
1581 2960 1766 3041 facecitatem
1789 2961 1909 3041 dispen-
1951 2983 1959 3022 r

256 3063 352 3127 samii
366 3084 436 3127 cnm
451 3064 595 3130 Conrado
611 3066 716 3129 consite
732 3064 768 3127 de
780 3064 927 3140 Fribnrc,
950 3063 1093 3127 ecelesiae
1108 3062 1222 3141 denoto,
1245 3067 1280 3125 nt
1300 3062 1337 3125 in
1359 3063 1567 3140 matrimonio,
1589 3063 1673 3144 quod
1693 3064 1737 3127 ad
1758 3065 1911 3128 sniaadm

256 3168 430 3232 discordias
461 3191 529 3233 cnm
558 3168 676 3249 Sophia
710 3172 789 3234 reate
815 3167 977 3234 Friderici
1008 3168 1128 3231 comitis
1157 3167 1195 3230 dc
1220 3167 1314 3231 Zoire
1344 3166 1418 3230 oiim
1447 3166 1656 3244 contraxerit,
1694 3172 1812 3248 qrrarta
1844 3187 1911 3232 cen

255 3272 485 3353 sanguinitatis
507 3277 537 3336 et
557 3271 732 3357 affinitatis
755 3272 841 3335 tinec
862 3290 927 3335 non
949 3269 1097 3348 obstante,
1120 3273 1292 3335 remancat.
1555 3271 1649 3346 1248,
1672 3269 1758 3335 Mai.
1776 3273 1828 3334 18.

361 3389 487 3471 1ΜΝ
501 3391 566 3460 Rep.
585 3390 642 3444 Vol.
655 3390 683 3458 Ι,
702 3396 764 3456 alm·
783 3388 843 3443 Iac.
860 3388 891 3457 V,
911 3394 969 3443 840.
1005 3389 1161 3455 Ecmrptar,
1178 3386 1250 3456 qnod
1266 3386 1415 3456 Scirdprliin,
1434 3389 1521 3442 Alsat.
1539 3387 1604 3456 dipl.
1621 3393 1639 3442 t.
1652 3389 1682 3456 1,
1702 3405 1731 3457 p.
1744 3396 1805 3457 398,
1824 3407 1852 3444 n
1865 3398 1912 3445 ato

255 3474 345 3544 edidit,
362 3493 424 3530 enm
442 3476 560 3545 Emerita
575 3477 688 3530 eontulit
706 3477 735 3530 V.
749 3476 789 3530 ct.
805 3476 834 3531 0.
851 3475 884 3529 de
896 3473 988 3529 Fame.

362 3562 491 3630 Poetae,
512 3562 683 3632 Rep.12931;
702 3563 800 3632 Berper
815 3567 892 3618 3888.

757 3782 796 3800 ..
826 3725 1038 3818 episcopo
1066 3723 1406 3818 Argentinensi.

366 3856 440 3921 Etsi
458 3858 641 3923 coniunctio
659 3859 776 3944 copule
794 3859 971 3943 coniugalis
987 3859 1020 3922 in
1036 3864 1150 3943 quarto
1167 3857 1461 3941 consanguinitatis
1477 3857 1531 3921 vel
1546 3857 1716 3922 affinitatis
1732 3859 1839 3945 gradu
1854 3868 1912 3927 ete.

256 3967 292 4024 ut
315 3972 434 4047 supra·
457 3983 577 4048 usque:
606 3962 768 4049 exposcit.
806 3961 889 4026 Cum
912 3962 1022 4046 igitur,
1051 3963 1136 4025 sieut
1159 3984 1202 4026 ex
1217 3968 1310 4048 parte
1334 3959 1452 4025 nobilis
1477 3961 1537 4024 viri
1554 3960 1695 4026 Conradi
1720 3967 1850 4030 comitis
1873 3965 1911 4030 de

256 4064 440 4129 Friburch⁴
466 4068 668 4154 accepimus,
698 4064 740 4129 ad
769 4063 932 4129 sedandas
955 4086 1073 4149 graves
1097 4064 1274 4128 discordias
1298 4071 1332 4128 et
1353 4063 1492 4148 gravesb
1515 4065 1701 4129 inimicitias
1725 4067 1911 4153 sopiendas,
1955 4097 1959 4130 :

255 4167 338 4230 inter
360 4171 625 4254 progenitorem⁰
647 4171 718 4234 cius
743 4177 776 4235 et
798 4169 941 4234 nobilem
964 4169 1069 4232 virum
1093 4168 1296 4233 Fridericum
1319 4169 1473 4232 comitem
1497 4167 1538 4232 de
1562 4169 1681 4233 Zolre⁵
1703 4167 1829 4236 diutius
1852 4195 1912 4237 non

360 4395 384 4460 Ι)
402 4397 518 4462 epistota,
536 4413 601 4463 qnae
612 4397 649 4447 eie
659 4397 756 4462 incipit,
774 4414 827 4448 nen
838 4397 976 4457 antecedit·
986 4397 1109 4464 formata
1121 4395 1224 4462 caepim
1236 4395 1355 4459 occurrit,
1373 4395 1407 4461 cf.
1419 4412 1445 4446 n.
1458 4395 1525 4447 681.
1606 4394 1632 4460 b)
1651 4398 1688 4447 ita
1700 4396 1734 4448 R.
1816 4398 1841 4464 ο)
1859 4416 1913 4467 pro·

253 4484 383 4549 genitores
402 4483 431 4535 S.

363 4584 390 4650 1)
409 4582 464 4636 Sub
482 4602 507 4638 a.
521 4591 591 4650 1247,
609 4585 680 4653 Anp.
695 4592 726 4638 19
740 4601 818 4652 papa
834 4584 951 4652 episcopo
965 4583 1161 4637 Corniamiensi
1178 4581 1360 4650 manducaret,
1378 4587 1411 4635 nt
1428 4599 1488 4636 nrm
1506 4581 1647 4637 &liraldo
1663 4584 1764 4650 clerica
1779 4585 1913 4650 sanctiori

256 4668 396 4724 Grberardi
413 4671 515 4724 cernitis
531 4670 563 4723 de
581 4671 783 4740 Sipemorinpim
800 4676 896 4724 centra
913 4670 1035 4723 inimicos
1057 4669 1176 4723 ecclesiae
1196 4685 1223 4722 se
1245 4668 1355 4721 tiriliter
1375 4670 1515 4723 macentia
1537 4674 1561 4723 et
1579 4674 1709 4737 potentm
1734 4670 1913 4740 dispensaret,-

254 4757 355 4824 Berper
371 4764 444 4811 3327.
480 4755 537 4810 Snb
554 4775 581 4812 a.
594 4766 665 4825 1247,
685 4758 750 4811 Nor.
763 4764 797 4810 27
809 4758 927 4825 praticm
946 4756 983 4810 ad
1002 4773 1092 4825 preces
1116 4756 1218 4809 comitis
1241 4755 1272 4808 de
1292 4754 1495 4824 Sr'pernerinpen,
1520 4761 1543 4809 et
1566 4757 1679 4810 almam
1702 4757 1811 4811 obtedn
1830 4763 1865 4812 H.
1882 4758 1914 4811 de

256 4841 416 4910 Gmrninpen
438 4849 462 4896 et
483 4842 515 4897 G.
533 4843 564 4896 de
581 4843 777 4912 rdiponarinpen
800 4844 925 4896 comitam
946 4844 1021 4911 sen'n·
1045 4842 1322 4896 Pottbast12773cet
1341 4843 1368 4905 b,·
1389 4843 1553 4908 efi13148m
1576 4859 1645 4910 qnae
1667 4859 1705 4911 ep.
1724 4845 1756 4896 in
1775 4845 1841 4914 Rep.
1857 4862 1913 4899 aaa

253 4932 352 4981 extant.
389 4929 428 4994 Os.
446 4948 474 4982 n.
488 4938 545 4984 491.
632 4931 660 4997 2)
675 4929 712 4996 Gt
727 4928 958 4996 Britain-Ficta,
978 4930 995 4984 l.
1008 4946 1030 4983 c.
1043 4935 1137 4983 45200.
1225 4929 1252 4993 3)
1272 4928 1330 4982 Snlr
1343 4928 1414 4981 arat.
1427 4935 1457 4982 13
1471 4945 1549 4997 pape
1565 4928 1602 4982 ad
1617 4928 1772 4994 samardaci
1789 4931 1912 4985 bonorem

255 5014 447 5082 Ratispenensi
471 5017 601 5086 episcopo,
632 5017 709 5070 eleeto
735 5016 870 5085 Spirensi,
899 5017 988 5070 abbati
1013 5017 1107 5069 Sancti
1130 5014 1216 5082 Galli,
1243 5015 1332 5068 abban
1353 5016 1485 5084 Arrpiensi
1512 5015 1697 5084 comitibusque
1718 5023 1744 5070 et
1766 5018 1913 5072 baronibus

253 5100 380 5168 Suana,
405 5100 501 5155 deictis
524 5104 652 5171 melariae,
676 5103 855 5156 Eiciistetensi
877 5103 993 5170 episcopo
1010 5102 1195 5167 mandarant,
1220 5106 1251 5154 nt
1269 5101 1393 5155 Βετίοῖᾱο
1415 5101 1575 5156 vicedomina
1593 5103 1791 5171 Ratispormasi
1807 5106 1838 5158 ia
1851 5121 1912 5174 pre

251 5189 341 5242 cinna
359 5188 555 5258 Saiislrnrpensi
573 5190 605 5243 de
623 5191 753 5257 benefieiis
771 5191 947 5244 eccesicdicis
965 5188 1101 5256 usquead
1118 5206 1248 5242 staminiam
1265 5195 1372 5242 centnm
1389 5206 1543 5243 marsanam
1556 5188 1716 5258 procideret.
1751 5190 1811 5244 Suo
1827 5190 1912 5245 codar

252 5275 295 5329 die
311 5275 392 5329 adem
411 5275 532 5328 Bataldc
549 5276 756 5331 corraderetione
775 5276 916 5345 Ratispon.
935 5276 1047 5344 episcopi
1064 5281 1087 5328 et
1106 5275 1140 5329 G.
1159 5275 1259 5329 comitis
1275 5275 1307 5328 de
1326 5276 1519 5344 Sipmcrinpen,
1535 5276 1653 5343 fratrum
1670 5275 1737 5343 eine,
1754 5277 1912 5344 indulserat,

250 5367 282 5416 nt
295 5368 402 5431 practer
418 5362 639 5417 meedeminatnm
656 5379 736 5416 arram
755 5364 879 5430 berrefieia
895 5379 979 5430 usqne
996 5361 1033 5415 ad
1049 5378 1180 5415 summme
1196 5360 1371 5414 ‹iacenter-nm
1395 5377 1549 5416 marcarum
1570 5364 1708 5431 reciperen
1732 5362 1834 5431 Rapa
1847 5368 1913 5419 8822

251 5454 275 5503 et
286 5456 365 5517 3891,·
382 5450 414 5515 cs.
433 5466 461 5503 n.
472 5457 520 5504 aio
530 5455 553 5502 et
564 5457 619 5504 552.
700 5450 728 5517 4)
745 5448 784 5515 Of.
797 5466 824 5502 n.
836 5456 893 5516 392,
907 5466 938 5518 p.
949 5454 1010 5517 348,
1029 5453 1083 5501 rtet.
1097 5456 1110 5501 1
1128 5453 1153 5501 ct
1170 5447 1247 5514 infra
1263 5447 1314 5501 areb
1326 5448 1392 5502 Inrr.
1403 5454 1427 5502 3.
1510 5449 1537 5515 b)
1556 5447 1612 5502 Hic
1627 5446 1911 5519 &deneganda

249 5536 281 5590 in
294 5536 448 5605 praeseutia
468 5535 589 5590 Oonrodi
604 5536 671 5604 repra
688 5553 713 5590 a.
733 5542 807 5604 1246,
831 5536 901 5604 Anp.
916 5543 949 5590 29
971 5535 1119 5603 conanipta
1141 5534 1212 5588 testis
1234 5535 1381 5602 incendam·
1399 5532 1628 5603 name-atae,
1644 5534 1787 5593 tum
1821 5534 1911 5607 Nque

249 5622 319 5689 eina
340 5619 500 5676 Fridericna
517 5622 675 5693 brrrprarins
691 5621 724 5677 de
742 5621 909 5691 Mirantem,
923 5621 1137 5692 panicoctariae
1152 5620 1326 5689 aritmerdmt3
1342 5621 1375 5689 cs.
1394 5621 1458 5677 ibid.
1469 5628 1546 5691 487⁹,
1564 5626 1636 5678 4888
1649 5622 1676 5677 d
1760 5636 1770 5681 ’.
