4328 6232
393 352 458 408 xvl
1115 342 1329 398 PRAEFATIO.

250 549 369 615 auaro.
492 527 584 614 Etsi,
610 528 648 593 nt
674 523 990 609 ‹lorrronstraoioroos,
1015 521 1263 594 otorano-tiaran
1286 523 1509 616 epistolarum
1531 525 1796 615 rapistrataraor
1823 533 1854 598 et
1885 528 1987 599 eerlra
2015 535 2046 599 ot

232 653 291 688 “m
303 636 626 743 ffi‘insoriptiones
649 651 680 718 et
698 651 799 715 notae
818 642 1071 734 elrrouolopieae
1088 667 1159 714 non
1166 667 1315 736 prorsus
1329 668 1406 716 eroon
1420 646 1619 717 autlroootiois
1638 649 1905 739 concordarunt,
1920 651 2010 721 aeilril
2032 689 2046 700 ·

389 776 503 846 minus
542 767 698 857 Repostis
733 766 821 853 fidos
859 786 995 834 morenae
1034 765 1255 836 attribuenda
1289 772 1346 836 ost.
1413 765 1547 837 Moneta
1580 768 1686 859 onism,
1729 791 1815 860 auae
1854 778 2047 860 ornarant,

385 916 503 988 perrea
529 896 622 979 sunt,
649 893 679 958 et
706 909 783 958 neon
809 884 972 973 sciamus,
1010 887 1174 976 pionoao
1206 893 1284 957 orta
1311 886 1455 978 fecerint,
1488 893 1518 958 et
1551 888 1665 960 oninns
1690 890 1830 961 neolesta
1856 893 2050 964 reddantur

391 1023 422 1089 ot
450 1013 549 1106 attasi
573 1010 676 1083 utilia
701 1013 796 1098 stant,
823 1030 900 1078 onan
925 1006 1113 1098 illast-rent,
1148 1010 1376 1098 peroratione
1410 1008 1572 1100 epistolae
1599 1012 1749 1101 papales
1778 1017 1943 1082 erraratae
1968 1016 2049 1103 sint,

391 1138 543 1225 ideoque,
571 1130 691 1223 ornanti
715 1127 870 1219 s'inpnlae
897 1150 1017 1199 eorum
1046 1128 1242 1198 enistinrari
1268 1127 1427 1217 oldeant,
1453 1128 1593 1220 plenius
1618 1138 1849 1220 ooanoseatnr.
1903 1134 2050 1224 Ropasta

392 1258 537 1347 insuper
567 1252 722 1323 nanniano
754 1249 934 1339 dilianatia
973 1249 1104 1339 scripta
1134 1270 1206 1320 esse
1241 1271 1347 1339 eaque
1379 1251 1473 1340 aptat
1499 1251 1633 1322 auriane
1663 1253 1754 1323 idone
1781 1253 1930 1325 oedrnsse
1956 1257 2050 1346 aeneid

390 1378 468 1470 ipsa
504 1367 715 1446 antlrootiea¹
741 1370 878 1461 saepius
910 1368 1095 1459 prrobatnno
1133 1376 1190 1441 est.
1257 1368 1345 1440 Ioule
1378 1370 1610 1442 concludimus
1642 1376 1791 1444 onooriinn
1826 1376 2049 1467 epistolarum

392 1498 656 1589 ropistratorrno
682 1492 876 1563 aotleoatiaa
900 1513 1031 1582 quoquo
1049 1492 1208 1579 anteesse,
1231 1514 1318 1581 qnae
1332 1495 1437 1563 otissa
1456 1491 1597 1580 tulerint.
1627 1531 1673 1541 -
1703 1494 1772 1566 Sed
1797 1495 1945 1584 sortasse
1972 1502 2050 1589 areis

394 1618 524 1690 <trinta
549 1616 587 1686 id
614 1638 655 1686 eu
680 1636 729 1701 eo,
757 1613 848 1704 qnod
872 1613 1039 1703 peramant
1057 1610 1220 1703 epistolae
1239 1613 1352 1682 eodone
1366 1618 1514 1705 tenepore
1534 1614 1636 1684 datae
1655 1615 1721 1685 silri
1739 1617 1828 1687 inter
1854 1643 1889 1688 sa
1915 1627 2049 1691 aordra-

394 1743 513 1811 elionnt
540 1738 594 1809 oel
619 1759 686 1807 non
714 1736 849 1805 oorrroino
875 1739 1072 1823 conponant,
1099 1736 1151 1805 ita
1176 1740 1214 1804 nt
1241 1756 1360 1804 aaran
1386 1734 1497 1805 altera
1524 1739 1657 1805 tanteent
1683 1735 1837 1824 eonfoeta
1863 1762 1935 1810 essa
1956 1742 2049 1812 ride-

394 1869 474 1934 atur
482 1885 494 1949 ;
507 1864 651 1950 propte-r
665 1857 755 1947 quad
774 1855 861 1945 antid
869 1876 986 1944 popae
1000 1855 1204 1944 qeoibusdam
1222 1855 1372 1945 epistolis
1386 1854 1523 1944 officere
1535 1854 1716 1944 voluerint,
1725 1860 1852 1948 paneis
1866 1859 1978 1931 vertis
1992 1885 2048 1933 ea·-

387 1975 582 2074 ponoonud.
636 1977 793 2048 Litteras
818 1981 966 2047 secretas
990 1998 1014 2045 a
1036 1977 1144 2066 papis
1160 1975 1282 2047 missas
1302 1997 1382 2063 osse,
1400 1976 1529 2047 noueiai
1547 1976 1616 2048 nisi
1643 1978 1673 2048 oi
1700 1981 1755 2049 eni
1775 1979 1925 2053 directae
1943 1991 2050 2054 essent

392 2101 609 2186 revelandas,
630 2103 890 2170 consentaneum
910 2101 969 2182 est,
992 2101 1023 2167 et
1041 2117 1100 2166 eas
1121 2118 1250 2186 qnoque
1273 2097 1312 2167 in
1329 2096 1475 2187 ,Repesta
1494 2103 1646 2188 roeeptas
1671 2098 1830 2170 conrad.
1875 2102 1977 2174 Aliae
2004 2105 2052 2172 ad

393 2229 525 2314 ternpus
537 2226 684 2292 saeratae
698 2223 808 2306 erant,
827 2223 858 2288 et
871 2218 1046 2308 personis,
1064 2216 1187 2307 quitus
1201 2219 1390 2288 destinatae
1409 2224 1518 2305 erant,
1533 2224 1602 2288 tone
1627 2219 1758 2290 elerrrrna
1778 2222 1826 2290 eis
1844 2225 1895 2292 nti
1918 2224 2049 2313 licelid,

394 2366 469 2414 onor
497 2348 610 2414 certae
637 2361 693 2410 res
720 2338 905 2409 evenissent
911 2360 925 2423 ;
951 2360 1057 2427 noerae
1076 2360 1155 2408 nero
1177 2339 1396 2424 conditiones,
1409 2339 1472 2409 sali
1487 2339 1609 2429 prailius
1632 2341 1794 2429 epistolae
1812 2344 1944 2432 paldiei
1962 2346 2050 2416 ionis

393 2464 575 2554 sanandae
589 2467 696 2548 erant,
712 2461 762 2530 ais
774 2480 906 2549 seneper
919 2460 1067 2529 insertae
1080 2464 1170 2546 sent,
1185 2462 1266 2549 quia
1285 2465 1322 2530 nt
1335 2459 1426 2531 aliae
1446 2483 1575 2550 aeraque.
1588 2484 1766 2551 personae,
1789 2487 1875 2553 ariete
1888 2467 2050 2558 epistolas

395 2586 562 2672 uiderent,
589 2582 813 2673 aoaitationes
839 2585 871 2651 ot
898 2579 1046 2651 consilia
1067 2602 1246 2670 papa-nnn
1263 2579 1366 2671 plene
1384 2580 1614 2671 intellieerent,
1640 2583 1723 2654 attile
1748 2608 1813 2655 noa
1833 2586 2049 2677 lialnlratar⁴;

398 2729 466 2798 qna
493 2728 530 2776 ra
557 2703 705 2793 coortiait,
731 2708 768 2772 nt
795 2701 965 2792 quaedam
991 2699 1152 2790 epistolae
1185 2707 1223 2771 nt
1252 2701 1301 2770 ita-
1333 2702 1490 2772 dieamus
1520 2704 1765 2776 conditionales
1799 2706 1945 2797 sinerint,
1974 2710 2050 2781 lieet

395 2828 432 2898 in
459 2829 507 2898 ais
533 2827 605 2896 eius
631 2823 681 2895 roi
706 2823 832 2893 orrentia
859 2823 958 2912 fetata
983 2845 1048 2892 non
1076 2822 1122 2892 sit
1130 2820 1151 2891 ⁵.
1206 2821 1317 2909 Aliae,
1349 2845 1435 2913 areae
1460 2844 1477 2891 e
1503 2825 1600 2894 auria
1627 2826 1792 2905 arierant,
1820 2831 1879 2915 eis,
1908 2855 2049 2920 qraarrna

396 2948 538 3019 nomino
564 2947 601 3018 in
627 2943 908 3035 inscriptionilurs
931 2942 1045 3034 posita
1072 2948 1183 3030 erant,
1220 2942 1388 3013 euleibilae
1413 2967 1591 3035 natatoriam
1625 2953 1724 3034 send,
1752 2948 1856 3039 ideae
1880 2953 2050 3023 interdura

396 3067 528 3158 faotione
566 3073 615 3138 est
641 3088 741 3157 papa
772 3088 840 3136 oron
871 3065 992 3136 inuito.
1049 3064 1130 3135 Non
1167 3086 1283 3135 omnes
1325 3065 1415 3136 enirn
1456 3066 1616 3156 epistolae
1644 3068 1710 3156 ais,
1745 3070 1866 3160 qroilnes
1900 3076 2051 3165 scriptae

396 3194 513 3276 orant,
541 3210 563 3256 a
589 3187 689 3258 aeria
716 3184 951 3275 rieittelrantur,
983 3186 1044 3257 sod
1069 3185 1195 3256 novettae
1220 3186 1266 3257 eis
1291 3183 1533 3275 tradebantur,
1562 3211 1705 3279 quarunt
1730 3195 1767 3259 nt
1794 3194 2051 3285 condierant-ar,

395 3307 610 3397 interfuerat,
636 3313 673 3378 nt
701 3309 737 3379 ot
763 3330 821 3378 eas
846 3306 920 3378 illi-s
948 3307 1165 3398 deportarent
1190 3307 1303 3398 iisqne
1324 3307 1610 3398 pr·aasentarent⁶.
1665 3309 1745 3380 Iaera
1763 3335 1882 3383 aarum
1904 3314 2052 3405 (alianae,

398 3454 464 3522 qeoo
501 3432 689 3502 destinatae
721 3435 838 3518 erant,
870 3451 940 3499 non
972 3435 1208 3520 peraeae-nod.
1268 3428 1337 3498 Sed
1371 3432 1474 3501 atauo
1501 3430 1620 3519 lepidis
1647 3437 1678 3500 et
1705 3432 1787 3503 aliis
1815 3435 1900 3504 airis
1927 3437 2053 3506 proniori

397 3551 599 3623 auetoritate
615 3550 844 3624 eeclesiastiea
857 3550 1042 3639 praeditis,
1070 3550 1129 3640 arri
1155 3550 1288 3639 rroaotia
1317 3552 1435 3621 euriae
1461 3553 1498 3621 in
1517 3551 1633 3641 reliana
1653 3559 1748 3621 terra
1767 3553 1919 3642 repedant,
1935 3559 2054 3627 rariae

398 3673 562 3764 epistolae
593 3679 625 3744 et
655 3672 837 3760 nrandata,
874 3670 921 3738 ad
954 3670 1110 3741 diuersas
1142 3691 1312 3760 personas
1348 3672 1500 3762 (lineata,
1528 3673 1689 3743 ronnnitti
1715 3672 1884 3764 solebant,
1921 3682 1956 3745 at
1982 3684 2055 3747 teron

400 3797 545 3881 (lomatio,
563 3815 639 3864 erent
656 3791 744 3883 ipsis
765 3789 920 3881 placeret
945 3789 998 3860 nol
1026 3795 1135 3861 certae
1160 3812 1214 3861 ros
1239 3790 1381 3878 pittanae
1407 3792 1447 3862 id
1465 3800 1693 3883 erproseereat.
1717 3795 1774 3881 iis,
1797 3795 1917 3885 ateihas
1944 3798 2053 3887 sarip-

398 3921 453 3985 tae
479 3914 632 4003 feurant,
658 3908 1003 3997 tr·ansneitterenl·ur·⁷;
1029 3911 1068 3982 id
1094 3913 1192 4001 piot,
1219 3911 1320 3984 rubas
1349 3913 1449 3984 aliter
1471 3920 1570 4005 aton
1584 3920 1848 4006 praesrnaptuor
1873 3923 1921 3987 est
1944 3921 2054 3989 erani-

399 4034 546 4123 ontilras,
572 4055 640 4105 non
668 4032 777 4123 fiebat.
832 4031 885 4100 Do
911 4037 1076 4121 tantopore,
1104 4033 1242 4122 qnando
1269 4033 1355 4104 tales
1381 4034 1542 4124 epistolae
1567 4035 1813 4107 correlitioaales
1839 4037 1906 4107 iriae
1934 4038 2055 4110 lnrlrera

399 4155 572 4244 riderent,
608 4162 639 4227 et
670 4157 712 4226 de
745 4176 799 4244 eo,
834 4153 924 4245 arrad
944 4174 1042 4242 papa
1070 4153 1193 4223 eisdem
1218 4153 1358 4242 effiearo
1387 4155 1493 4242 uellet,
1514 4179 1697 4246 personae,
1725 4157 1846 4247 acriores
1877 4182 1936 4230 eae
1966 4183 2053 4231 eanr-

397 4280 524 4350 nissae
549 4283 639 4365 sarit,
666 4282 726 4348 ant
751 4275 862 4346 uerbis
887 4275 1086 4344 nuntiarant
1114 4279 1173 4344 ant
1199 4274 1278 4345 aliis
1305 4275 1457 4364 epistolis
1480 4275 1760 4366 instructionum
1787 4281 1848 4348 sed
1872 4287 2055 4372 praecepta

398 4396 548 4490 epistolis
574 4395 748 4485 adiuncta,
776 4393 835 4466 ast
860 4391 1029 4464 nonnulla
1058 4394 1096 4463 in
1128 4392 1285 4484 Repestis
1316 4393 1501 4484 lopuntnr⁸,
1532 4399 1647 4469 onnia
1681 4398 1806 4470 ilridene·
1832 4401 1960 4471 relatae
1987 4424 2056 4472 orori

399 4525 487 4590 sunt.
541 4517 718 4606 Quantum
753 4538 829 4607 arao
856 4513 1021 4607 epistolae
1050 4512 1200 4604 papales
1234 4515 1485 4586 conditionibus
1515 4518 1683 4590 subiectae
1710 4526 1824 4609 orant,
1851 4544 1937 4610 arras
1961 4521 2055 4610 iario-

399 4661 530 4727 ramus,
557 4661 665 4729 nequae
695 4640 733 4709 in
767 4637 919 4708 omnibns
954 4633 1105 4727 epistolis
1132 4656 1233 4724 papa
1268 4657 1319 4723 aa,
1358 4658 1445 4725 quero
1479 4638 1555 4725 fiori
1582 4639 1728 4728 rnrlolrat,
1756 4642 1847 4711 niolo
1874 4646 2056 4732 ‹epi-essu.-

399 4762 461 4832 sed
488 4756 646 4830 ononilrns
672 4757 827 4850 epistolis
852 4757 1048 4848 ropistrotis
1074 4755 1267 4826 authentica·
1291 4754 1447 4847 perfeeto
1477 4761 1696 4850 respondisse
1732 4784 1769 4833 oo
1796 4762 1921 4832 eortius
1948 4770 2058 4834 tenera

399 4880 497 4952 nobis
525 4879 610 4968 lieet,
637 4880 720 4970 areta
738 4879 901 4970 epistolae
919 4882 1075 4949 cassatae
1100 4876 1137 4946 in
1164 4876 1318 4968 Repestis
1345 4902 1473 4970 arna-uo
1491 4880 1588 4951 aerbo
1606 4879 1722 4954 Vacat
1741 4884 1894 4973 apposito
1914 4883 2057 4954 alrolitao

399 5002 631 5074 inueniuntur.

507 5169 543 5176 —
1074 5167 1442 5176 ——--—-—-——-—--·—-—
1455 5171 1631 5179 —-----—-—

504 5304 530 5369 1)
556 5302 597 5368 Of.
618 5302 653 5357 N.
667 5307 700 5357 Α.
721 5308 738 5357 t.
754 5301 794 5370 X,
808 5319 837 5372 p.
850 5310 908 5358 572.
1012 5304 1040 5370 2)
1065 5301 1107 5368 Cf.
1127 5301 1162 5356 N.
1176 5301 1210 5356 A.
1229 5307 1247 5355 t.
1263 5300 1304 5369 X,
1324 5319 1354 5372 p.
1366 5308 1422 5358 563.
1521 5306 1548 5369 3)
1570 5304 1610 5371 Os.
1630 5323 1656 5360 n.
1669 5314 1717 5361 211
1734 5312 1757 5360 et
1774 5308 1860 5373 intra.
1960 5310 1988 5377 4)
2010 5310 2055 5362 Ea

400 5405 503 5459 mua
525 5405 610 5443 carna
631 5396 701 5458 nat,
722 5406 772 5444 aar
788 5389 930 5459 mandato,
957 5407 1027 5458 anae
1044 5390 1135 5459 lepidis
1151 5388 1386 5457 committebantur,
1407 5391 1515 5460 sinodo
1539 5392 1571 5445 in
1588 5391 1709 5460 aenidos
1725 5395 1848 5461 epistolas
1866 5395 2056 5463 sordidantur,

399 5476 433 5542 es.
449 5482 590 5544 201-221,
613 5481 673 5544 303,
696 5482 753 5545 ott,
780 5484 840 5540 tut,-
865 5477 900 5541 of.
917 5476 997 5530 fiam
1013 5493 1040 5530 n.
1058 5484 1105 5531 615
1125 5480 1150 5528 ot
1163 5492 1192 5545 p.
1207 5481 1264 5542 532,
1282 5480 1335 5529 not.
1349 5484 1372 5529 2.
1476 5479 1504 5545 ὃ)
1524 5476 1565 5545 Gt.
1583 5495 1610 5532 a.
1629 5485 1683 5546 217,
1702 5486 1758 5541 2211,
1778 5486 1837 5546 34ῖ,
1854 5489 1909 5549 526,
1928 5490 1982 5548 527,
2005 5490 2058 5537 tot.

401 5565 429 5627 a)
449 5560 490 5629 or.
504 5579 534 5630 p.
549 5568 606 5630 roo,
623 5567 676 5617 au.
689 5570 713 5630 e,
739 5570 801 5629 no,
819 5568 873 5617 ror.
891 5572 915 5631 e,
934 5569 991 5631 aaa,
1014 5568 1067 5618 nu.
1085 5572 1111 5631 4,
1128 5570 1186 5630 aaa,
1205 5562 1252 5618 tn.
1264 5568 1306 5617 oo.
1416 5564 1442 5627 a
1466 5562 1508 5631 or.
1526 5580 1553 5618 a.
1567 5573 1603 5630 11,
1619 5580 1649 5633 p.
1663 5571 1709 5631 ae,
1730 5572 1785 5622 noe.
1799 5577 1821 5635 1,
1840 5585 1870 5636 p.
1886 5574 1944 5637 rao,
1969 5575 2023 5624 nu.
2042 5576 2058 5625 o

400 5664 428 5703 n.
440 5656 493 5718 212,
508 5666 538 5719 p.
550 5656 606 5719 336,
625 5654 679 5705 not.
691 5657 715 5706 3.
802 5650 830 5716 8)
850 5649 891 5718 Os.
910 5650 967 5719 el,
985 5666 1014 5705 n.
1034 5655 1084 5705 784
1097 5650 1158 5719 VII,
1179 5648 1256 5716 infra
1272 5656 1363 5704 11525
1379 5655 1404 5703 et
1422 5649 1458 5704 N.
1472 5650 1506 5703 A.
1524 5655 1543 5704 t.
1558 5649 1595 5717 X,
1608 5666 1638 5719 p.
1650 5658 1706 5706 565.
