4790 6340
853 392 1052 448 sermonen
1069 393 1258 450 SELEO'PAE.
1297 395 1371 450 1248.
1875 399 1937 460 353

291 566 407 652 petitio
443 567 645 644 continebat,
675 567 873 632 venerabilia
908 567 1012 632 irater
1045 577 1157 633 noster
1182 619 1214 635 ..
1238 570 1412 654 episcopus
1430 568 1655 634 Veronensis¹
1680 568 1737 633 tibi
1770 570 1873 633 locum
1905 576 1938 634 et

292 670 485 734 beneficium
510 672 542 734 in
568 672 706 736 ecclesia
722 671 917 747 Veronensi,
941 671 1075 758 siquod
1098 678 1175 736 tunc
1194 673 1330 736 vacabat
1347 675 1398 738 vel
1414 673 1654 758 quamprimum
1677 672 1796 737 ibidem
1821 693 1937 736 vacare

294 774 476 858 eontigerit,
500 775 599 838 nostri
623 776 815 840 auctoritate
838 773 982 839 mandati
1005 775 1134 840 duxerit
1154 775 1360 860 assignanda,
1387 799 1457 854 nes,
1475 775 1561 860 quod
1585 775 1757 840 abeodem
1781 777 1936 861 episcopo

294 877 428 964 provide
452 877 572 942 iactum
596 885 647 942 est
670 880 703 942 in
727 879 789 943 hee
813 885 903 964 parte
927 885 1053 964 gratum
1078 885 1111 943 et
1140 887 1244 942 ratum
1273 879 1448 956 habentes,
1478 879 1510 943 id
1538 880 1732 943 anctoritate
1757 879 1937 964 apostoliea

228 1003 239 1039 s
294 980 522 1045 confirmamus
547 988 581 1045 et
603 983 765 1067 presentis
791 982 902 1067 scripti
925 984 1101 1068 patrocinio
1127 984 1373 1048 communimus.
1417 982 1506 1047 Nulli
1530 1003 1608 1069 ergo
1633 988 1695 1049 ete.
1719 991 1830 1048 nostre
1859 1005 1936 1047 eon-

293 1083 482 1149 firmationie
506 1091 568 1149 ete.

396 1204 472 1271 Dat.
494 1205 657 1291 Lugduni,
681 1205 793 1272 Idibus
816 1206 972 1272 Februar.
995 1228 1080 1272 anno
1097 1206 1153 1270 V0.

1071 1694 1158 1768 500.

398 1809 614 1902 Innocentius
641 1835 697 1900 IV
703 1857 793 1918 papa
815 1836 921 1900 albati
943 1836 1079 1901 Sanctae
1101 1835 1273 1899 Meet-iotae
1296 1836 1332 1899 (lc
1358 1835 1456 1899 Turni
1478 1835 1626 1900 Senensis
1648 1835 1777 1899 diocesis
1800 1835 1937 1912 emendet,

294 1944 329 2002 nt
349 1940 523 2003 electionem
544 1939 679 2022 episcopi
693 1939 844 2004 Messeni
860 1961 921 2020 per
943 1939 1173 2024 impressionem
1191 1941 1356 2020 potcstatis
1378 1941 1436 2004 toci
1458 1940 1601 2016 cundem,
1619 1938 1764 2023 fautoris
1778 1939 1938 2003 Frictericc'

217 2073 242 2110 ιο
294 2041 449 2124 quercetum
475 2044 679 2126 temperaturis,
702 2043 886 2107 celebratam
909 2044 1036 2106 irritam
1057 2043 1211 2106 decernet.
1565 2046 1657 2122 1246,
1683 2043 1777 2109 Febr.
1802 2045 1852 2108 13.

396 2162 460 2216 aa.
479 2162 527 2216 rr
544 2162 606 2232 aa.
622 2163 674 2217 nu
694 2164 718 2231 1,
736 2171 797 2224 soc:
815 2163 875 2217 ne.
899 2163 931 2230 ν,
949 2171 1001 2218 an.

396 2251 492 2319 Beroe
507 2257 583 2306 aceo.

357 2485 396 2504 ..
424 2431 578 2504 abbati
604 2432 764 2506 Sancte
788 2431 1000 2506 Mustiole
1028 2431 1080 2504 de
1108 2429 1260 2504 Turrr
1287 2431 1455 2504 ordinis
1481 2430 1624 2504 Vallis
1651 2430 1869 2504 Umbrose

895 2552 1096 2626 diocesis
1121 2553 1346 2628 Senensis

219 2729 242 2766 a
400 2700 491 2780 (lum,
515 2702 599 2764 sieut
621 2701 820 2786 accepimus,
850 2701 992 2766 eeclesia
1014 2701 1189 2766 Messana³
1212 2708 1344 2788 pastore
1367 2707 1504 2766 vacante
1528 2751 1562 2767 ..
1586 2707 1732 2788 potestas
1763 2701 1825 2766 loci
1849 2701 1935 2765 eius-

294 2804 385 2882 dem,
413 2804 450 2869 F.
479 2803 642 2889 quondam
672 2805 877 2891 imperatoris
900 2802 1024 2886 fautor,
1049 2805 1223 2870 eanonicus
1247 2803 1394 2869 eiusdem
1418 2805 1559 2869 ecclesie
1589 2805 1732 2888 coegerit
1754 2805 1873 2868 invitos
1896 2803 1937 2866 ed

294 2907 481 2992 eligendum
503 2907 665 2992 quendem
688 2909 721 2971 in
745 2928 856 2972 eorum
880 2909 1069 2995 episcopum
1092 2916 1125 2973 et
1147 2915 1324 2995 pastorem,
1340 2906 1544 2986 mandemus,
1568 2909 1731 2992 quatinus,
1756 2909 1782 2972 si
1806 2914 1857 2971 est
1880 2907 1936 2986 ita,

295 3009 482 3075 huiusmodi
506 3010 701 3074 electionem
725 3010 905 3076 decernens
930 3011 1125 3076 auctoritate
1149 3018 1262 3076 nostra
1284 3012 1406 3074 irritam
1432 3017 1464 3075 et
1488 3012 1632 3088 inanem,
1657 3011 1780 3076 eisdem
1805 3010 1937 3074 eanoni-

296 3116 343 3179 eis
372 3135 414 3180 ex
444 3120 536 3201 parte
565 3120 676 3178 nostra
698 3115 873 3200 precipias,
907 3121 943 3178 ut
966 3115 1007 3179 ed
1031 3115 1227 3180 electionem
1254 3116 1395 3200 aliquem
1419 3137 1481 3178 non
1505 3115 1703 3202 procedant,
1728 3114 1786 3180 sed
1808 3115 1940 3178 mittant

220 3241 247 3282 ao
299 3218 424 3303 aliquos
453 3239 495 3281 ex
528 3217 643 3304 seipsis
677 3217 718 3281 ad
752 3219 950 3304 presentiam
982 3225 1127 3282 nostram
1157 3239 1228 3282 cum
1253 3219 1351 3303 pleno
1375 3218 1528 3283 mandato
1550 3218 1709 3296 faciendi,
1733 3218 1818 3303 qued
1842 3238 1941 3302 super

296 3321 358 3385 hoo
382 3322 570 3386 duxerimus
594 3321 820 3400 ordinandum,
844 3343 882 3385 ae
906 3321 1065 3387 decernas
1090 3322 1283 3386 auctoritate
1307 3329 1420 3386 nostre
1447 3323 1575 3385 irritum
1604 3329 1637 3386 et
1659 3323 1771 3401 inane,
1797 3321 1823 3384 si
1847 3341 1941 3384 secus

297 3446 395 3510 super
417 3425 478 3489 hoe
502 3425 676 3510 eontigerit
698 3427 896 3512 attemptari.

404 3544 480 3610 Dat.
503 3545 665 3632 Lugduni,
689 3545 800 3610 Idibus
825 3545 1006 3626 Februarii,
1029 3565 1113 3608 anno
1131 3545 1187 3612 V0.

1073 4036 1159 4110 501.

399 4149 618 4243 Innocentius
645 4177 702 4242 IV
714 4199 804 4259 papa
827 4176 991 4263 P[ctrnm]
1013 4177 1124 4244 Sancti
1148 4179 1276 4260 Georgii
1298 4177 1341 4241 nd
1363 4169 1470 4242 Vclnm
1491 4177 1634 4242 Aureum
1654 4177 1819 4240 diaconum
1841 4175 1943 4242 cerdi-

219 4305 244 4346 as
297 4282 414 4360 nalem,
435 4281 619 4363 apostolicae
645 4283 727 4348 sedis
756 4282 904 4364 lepatum,
932 4281 1145 4362 reprehendit,
1171 4282 1254 4364 qnod
1274 4303 1335 4364 per
1356 4281 1569 4367 [Henrieum]
1589 4280 1762 4360 episcopam
1790 4277 1942 4345 Constan-

297 4385 425 4450 tienscnc
451 4385 487 4450 dc
518 4383 648 4466 Capella
676 4389 706 4450 et
733 4385 770 4448 dc
792 4385 977 4450 Muristctln
1003 4386 1169 4467 ceterisque
1195 4385 1360 4450 abbatibus
1385 4385 1598 4451 Gistcrcicnsis
1625 4381 1747 4446 ordinis
1776 4381 1943 4445 indebitum

293 4489 545 4568 procreationem
563 4488 784 4570 pecuniarium
800 4488 989 4570 imposuerit,
1005 4489 1093 4570 cique
1107 4488 1246 4566 mandat,
1269 4493 1304 4552 nt
1325 4487 1493 4569 concentui
1514 4487 1551 4552 dc
1572 4489 1668 4550 cetero
1687 4504 1751 4548 nen
1767 4486 1941 4566 permittet.

400 4606 987 4676 Ian.1VRe9.Vol.I,coe,·Le.V,cac
1572 4591 1665 4666 1248,
1687 4588 1780 4654 Febr.
1806 4589 1855 4652 15.

401 4692 531 4762 Potttmst,
550 4693 612 4762 Req.
633 4700 726 4761 1284&
744 4695 843 4764 Bcrper
854 4700 926 4750 3643.

221 4893 247 4932 ω
399 4856 439 4929 Ρ.
467 4855 626 4929 Sancti
654 4854 850 4948 Georgii*
884 4855 940 4930 ad
966 4853 1114 4929 Velum
1144 4855 1338 4928 Aureum
1374 4853 1568 4927 diacono
1603 4853 1842 4941 cardinali,

830 4975 1080 5069 apostolice
1108 4975 1229 5049 sedis
1254 4975 1416 5067 legate.

400 5125 430 5192 A
447 5133 479 5191 te
496 5127 694 5193 venerabilis
710 5128 811 5192 trater
826 5132 936 5191 noster
952 5123 1214 5190 constantiensis
1231 5124 1406 5210 episcopus
1425 5121 1613 5187 mandatum
1630 5123 1747 5187 dieitur
1763 5124 1939 5208 recepisse,

298 5239 333 5298 ut
371 5231 412 5296 ab
448 5232 594 5297 ecclesiis
628 5239 662 5296 et
696 5232 900 5297 monasteriis
935 5252 993 5294 sue
1030 5229 1170 5294 civitatis
1204 5237 1238 5292 et
1272 5227 1431 5308 diocesis,
1466 5234 1532 5290 tem
1565 5225 1727 5310 exemptis
1755 5246 1852 5311 quam
1879 5248 1943 5291 non

401 5373 550 5381 .-.-—-—--·-
803 5374 837 5380 ...
858 5373 890 5378 --
1063 5369 1408 5378 ——...--—.-—-.-·-—.
1799 5367 1835 5372 —

401 5455 426 5522 ⁸)
445 5457 532 5509 Sancti
550 5459 654 5526 Georgii
672 5459 739 5510 decen
757 5459 789 5510 R.

220 5591 245 5630 ss
403 5577 429 5641 1)
449 5573 490 5641 Cf.
508 5591 535 5626 n.
556 5580 613 5628 240.
716 5575 743 5640 2)
763 5575 793 5628 Ε
809 5591 870 5629 rnen
888 5579 911 5628 ct
927 5591 965 5629 or.
983 5575 1029 5628 eir.
1049 5574 1183 5642 Seterrae,
1204 5590 1287 5642 prope
1309 5572 1355 5625 cie.
1381 5569 1606 5638 Montepntciano.
1710 5570 1737 5636 3)
1755 5567 1815 5621 Scit.
1836 5569 1944 5622 Mesae

299 5662 462 5715 Maritimae.

402 5755 465 5809 Ilso.
478 5755 559 5810 Pour.
572 5754 607 5809 Il.
1704 5747 1738 5803 45
