4328 6232
719 346 925 404 cussonis
942 348 1134 405 sensoria
1169 349 1246 407 1245.
1630 345 1633 351 ’
1754 357 1812 421 111

605 577 646 598 ..
673 525 1035 620 archiepiscopo
1061 526 1362 603 Treverensi.

262 670 337 736 Etsi
366 673 508 738 libenter
540 674 667 738 cunctis
695 675 885 761 petentibus
908 677 1048 762 gratiam
1071 677 1315 763 impendamus,
1345 679 1410 743 illis
1434 684 1544 745 tamen
1568 682 1815 749 favorabiliores

155 773 318 841 exhibere
347 797 407 840 nos
440 777 609 859 convenit,
642 777 698 863 qui
729 799 791 864 per
817 784 913 863 grata
940 778 1126 844 devotionis
1155 781 1315 866 obsequia
1342 782 1489 848 lavorem
1522 782 1610 850 sedis
1634 787 1814 872 apostolice

156 885 360 944 meruerunt.
384 877 487 950 ,Cum
518 880 618 966 igitur
649 880 787 946 dilectus
816 882 902 947 filius
932 883 1091 968 magister
1117 883 1343 951 Theodericus
1374 887 1570 953 scolasticus
1600 888 1815 956 Treverensis

96 1030 101 1041 .
158 1004 217 1069 pro
241 983 307 1049 lide
331 1005 371 1049 ac
393 982 581 1061 devotione,
605 1006 702 1071 quam
726 984 828 1050 habet
850 985 892 1051 ad
916 986 1030 1052 sedem
1052 988 1278 1074 apostolicam,
1306 989 1448 1077 dampna
1471 991 1623 1078 plurima,
1652 998 1749 1078 prout
1772 1015 1816 1058 ex

157 1095 214 1152 tuo
237 1109 277 1151 ac
300 1087 436 1153 aliorum
459 1086 525 1153 lide
555 1087 727 1173 dignorum
755 1088 941 1153 testimonio
971 1091 1172 1177 accepimus,
1205 1092 1247 1155 sit
1275 1115 1471 1179 perpessus,
1500 1117 1575 1176 nos,
1604 1094 1815 1160 intendentes

157 1190 265 1275 ipsum
288 1196 424 1277 propter
446 1190 507 1256 hoc
529 1191 739 1277 prerogativa
761 1192 919 1278 prosequi
941 1193 1047 1277 gratie
1077 1193 1247 1278 specialis,
1280 1196 1487 1278 mandamus,
1517 1198 1670 1284 quatinus
1694 1197 1813 1278 eidem,

157 1292 319 1358 beneficis
341 1314 411 1374 sua,
433 1294 552 1380 quibus
574 1301 709 1382 propter
731 1296 881 1361 homines
904 1295 1033 1381 imperii
1056 1295 1203 1381 gaudere
1220 1320 1285 1363 non
1301 1307 1422 1386 potest,
1446 1301 1613 1386 resignare
1629 1308 1756 1387 parato,
1780 1303 1813 1366 in

158 1396 224 1462 alio
246 1396 448 1482 equivalenti
469 1397 710 1464 beneficio‘seu
724 1404 901 1485 personatu
917 1398 971 1464 vel
988 1397 1149 1484 dignitate
1168 1400 1202 1464 in
1217 1401 1327 1487 aliqua
1343 1403 1557 1469 ecclesiarum
1573 1409 1630 1468 tue
1645 1404 1814 1490 provincie

160 1501 354 1567 auctoritate
384 1506 498 1566 nostra
528 1501 703 1588 provideas
726 1502 778 1567 vel
806 1501 909 1567 facias
937 1501 1166 1588 provideri-
1190 1504 1455 1571 nonobstante·
1478 1505 1816 1593 aliquaindulgentia

160 1602 247 1669 sedis
271 1604 471 1690 apostolice,
499 1626 679 1691 perquam
703 1605 829 1692 possitb
853 1604 1040 1669 huiusmodi
1063 1607 1188 1691 gratia⁰
1211 1607 1377 1693 impediri,
1406 1610 1459 1674 vel
1484 1609 1511 1674 si
1534 1611 1567 1674 in
1597 1610 1753 1692 eoelesia,
1782 1611 1815 1674 in

159 1728 224 1793 qua
252 1707 286 1773 ei
314 1707 552 1790 providendum
587 1707 736 1786 durans,
774 1707 954 1777 direximus
988 1730 1047 1795 pro
1082 1709 1155 1773 aliis
1190 1710 1312 1796 scripta
1345 1718 1470 1793 nostra,
1508 1713 1627 1799 quibus
1661 1714 1815 1779 nolumus

159 1812 354 1877 auctoritate
378 1811 582 1899 presentium
605 1812 822 1898 preiudicium
844 1813 997 1898 generari
1019 1836 1077 1888 -;
1100 1812 1355 1880 contradictores
1379 1815 1460 1881 etc.²

267 1931 345 2000 Dat.
367 1931 531 2018 Lugduni,
554 1931 654 1998 XVII
676 1931 752 1999 Kal.
775 1931 983 2015 Decembris,
1005 1955 1091 1999 anno
1114 1933 1177 2000 III.

786 2195 1197 2204 ——-----——

947 2456 1032 2530 147.

265 2552 484 2647 remea
499 2579 556 2645 rv
570 2600 660 2664 papa
674 2579 874 2665 [manso]
893 2579 1033 2664 episcopo
1052 2580 1281 2647 veniesne
1300 2580 1441 2658 mnan,
1463 2584 1498 2646 a
1512 2581 1652 2646 noeto
1669 2583 1818 2647 anonae

161 2684 360 2764 Trcoercasi,
390 2689 467 2753 nato
494 2684 615 2751 moritis
635 2684 833 2762 Altimontis,
860 2684 897 2748 in
923 2684 1051 2750 molesia
1070 2683 1297 2753 Wormacicnsi
1322 2685 1360 2749 dc
1381 2685 1565 2770 praebendo
1586 2689 1616 2750 ct
1636 2686 1673 2749 iu
1694 2685 1817 2749 ciuitate

159 2788 208 2853 orl
228 2787 344 2855 diocesi
362 2786 589 2855 Wormaoicnsi
609 2786 647 2853 dc
669 2806 733 2851 uno
749 2790 923 2868 pecccata
943 2787 991 2852 vel
1012 2786 1081 2855 alia
1103 2787 1312 2854 ccdesicsticc
1332 2788 1487 2872 dipnitatc
1502 2787 1679 2868 provideat.

1467 2892 1562 2970 1245,
1585 2890 1662 2959 Dec.
1679 2896 1730 2957 19.

264 3007 1104 3080 narvnq.vor.1‚ras;1nalzr,ssn1vprmuan
1121 3010 1543 3081 Rameaaespatvzotx.
1561 3012 1639 3067 Mau.

265 3098 449 3169 Bupalus.

607 3182 609 3187 ’
654 3264 693 3283 ..
721 3208 942 3300 episcopo
972 3207 1327 3285 Warmaciensi².

270 3357 357 3432 Quia
385 3358 500 3426 honori
528 3357 670 3424 ecclesie
699 3356 898 3423 intendimus
922 3362 956 3421 et
978 3361 1170 3442 augmento,
1204 3356 1277 3421 illos
1299 3355 1457 3444 precipue
1481 3356 1640 3423 debemus
1663 3358 1818 3444 prosequi

162 3462 270 3547 gratia
292 3460 440 3548 speciali,
462 3484 523 3549 per
545 3483 625 3547 quos
648 3468 682 3527 et
704 3461 806 3527 decus
829 3465 991 3546 augeatur
1013 3460 1117 3546 ipsius
1140 3464 1174 3523 et
1196 3459 1321 3524 utilitas
1344 3460 1565 3546 procuretura
1611 3460 1695 3526 (ium
1717 3461 1818 3547 igitur

162 3563 303 3630 dilectus
326 3565 413 3631 lilius
433 3565 600 3632 Henricus
623 3567 798 3632 canonicus
813 3565 1041 3647 Treverensis,
1065 3569 1161 3629 natus
1184 3562 1303 3629 nobilis
1323 3564 1385 3628 viri
1402 3611 1409 3627 .
1424 3612 1431 3627 .
1449 3564 1577 3629 comitis
1593 3564 1818 3646 Altirnontis³,

164 3689 229 3733 nou
252 3669 377 3736 habeat
398 3671 573 3752 beneficia,
605 3670 646 3737 de
670 3669 787 3756 quibus
808 3670 903 3734 iuxta
925 3667 1130 3736 nobilitatem
1154 3687 1247 3731 suam
1271 3673 1305 3732 et
1328 3675 1414 3732 terre
1439 3667 1725 3749 consuetudinem,
1754 3690 1818 3754 que

163 3780 298 3859 propter
320 3772 581 3861 hospitalitatem
604 3796 667 3860 que
684 3774 729 3839 ibi
745 3774 836 3857 viget
852 3793 990 3859 magnas
1006 3772 1171 3856 impensas
1188 3771 1302 3856 exigit,
1326 3772 1436 3839 valeat
1452 3773 1641 3854 sustentari,
1664 3772 1817 3839 fraterni-

164 3877 223 3939 tati
252 3881 310 3943 tua
338 3875 380 3942 ad
408 3900 525 3965 preces
552 3885 625 3944 tuas
654 3876 853 3965 presentium
883 3875 1078 3942 auctoritate
1106 3871 1326 3956 mandamus0,
1357 3875 1512 3961 quatinus
1536 3876 1598 3963 ipsi
1621 3876 1654 3940 in
1678 3877 1818 3942 ecclesia

165 3977 407 4047 Warmaoiensi
428 3981 462 4046 iu
485 3980 666 4068 prebenda,
690 3981 717 4046 si
740 4001 805 4067 qua
826 3979 874 4044 ibi
889 3985 984 4045 vacat
999 3978 1180 4067 adpresens
1195 3978 1248 4043 vel
1264 3978 1502 4065 quamprimum
1519 3977 1561 4045 ad
1577 3979 1610 4043 id
1626 4001 1662 4044 se
1679 3980 1818 4045 facultas

166 4082 335 4167 obtulerit,
367 4093 400 4151 et
428 4086 462 4151 in
491 4106 556 4151 uno
586 4091 765 4174 personatu
796 4106 856 4151 seu
885 4085 951 4149 alia
974 4083 1200 4149 ecclesiastica
1224 4081 1384 4168 dignitate
1407 4082 1441 4148 in
1464 4082 1596 4147 civitate
1620 4083 1674 4148 vel
1696 4083 1818 4147 diocesi

165 4186 424 4271 Warmaciensi,
461 4190 544 4277 quer
573 4190 789 4276 recipientem
826 4189 944 4256 deceat
975 4195 1008 4255 et
1038 4188 1230 4269 donantem,
1269 4187 1464 4252 auctoritate
1500 4192 1615 4251 nostra
1643 4186 1817 4273 providere

166 4314 319 4380 procures
343 4331 383 4341 —
408 4316 471 4359 uon
496 4295 669 4362 obstante⁸
692 4295 778 4382 quod
800 4295 888 4360 idem
911 4295 992 4359 alias
1014 4293 1230 4359 beneficiatus
1254 4291 1377 4370 existit,
1405 4310 1463 4355 seu
1486 4290 1570 4354 siin
1595 4289 1755 4367 ecclesiis,
1784 4290 1818 4353 in

165 4399 282 4483 quibus
304 4399 336 4466 ei
358 4398 597 4487 pmvidendum
620 4397 768 4480 duxeris,
796 4398 1014 4465 direxerimus
1037 4418 1096 4485 pro
1118 4396 1191 4461 aliis
1215 4395 1339 4481 scripta
1360 4399 1491 4473 nostra,
1525 4393 1643 4479 quibus
1666 4393 1817 4458 nolumus

166 4503 359 4568 auctoritate
382 4503 583 4588 presentium
605 4502 843 4590 preludiciumh
866 4502 1028 4588 generari,
1051 4502 1103 4566 vel
1127 4505 1249 4565 statuto
1273 4498 1314 4564 de
1330 4503 1419 4562 certo
1435 4495 1667 4560 canonicorum
1682 4515 1818 4560 numero

269 4728 295 4796 ⁸)
313 4746 350 4780 aia
367 4747 419 4782 non
436 4730 502 4782 obst
515 4749 549 4773 =
565 4747 619 4782 non
637 4728 819 4783 obstantrhusl
896 4725 922 4794 b)
940 4728 1039 4796 possint
1053 4727 1081 4778 P.
1161 4725 1185 4791 ⁰)
1203 4726 1312 4793 gratim
1324 4724 1355 4775 P.
1434 4720 1459 4789 d)
1479 4731 1631 4791 procuratur
1648 4740 1716 4775 eom
1735 4722 1820 4774 altero

167 4833 260 4868 mur
277 4824 436 4884 procuretur.
472 4884 484 4906 n
513 4815 538 4883 0)
555 4819 574 4868 f.
592 4826 610 4870 ι
629 4818 662 4869 ad
678 4843 712 4855 ·-
730 4816 884 4868 anctoritate
901 4831 1035 4867 monemus
1052 4831 1141 4881 apogr.
1217 4810 1334 4879 ¹)quam
1347 4809 1386 4862 Μ.
1461 4809 1488 4875 8)
1506 4828 1543 4861 on
1560 4827 1612 4862 non
1630 4809 1696 4863 obst.
1715 4827 1748 4852 =
1767 4825 1819 4860 non

165 4911 345 4964 obstantibus?
418 4908 444 4976 ιι)
462 4914 580 4979 generari
596 4887 767 4980 preiudicium
779 4911 812 4961 B.

269 5043 901 5114 l)DceodaaTltcodcrieocf.Berpcr1647.
987 5042 1014 5110 2)
1035 5039 1441 5110 mammaeae,
1466 5035 1819 5107 Moi11[o.n.119]co-

164 5131 389 5185 mucetum
408 5131 561 5200 macrianus,
584 5132 633 5188 tor
656 5137 771 5200 ternpore
784 5146 874 5199 popae
891 5145 918 5184 sc
935 5127 1070 5183 notares
1087 5127 1203 5195 videtum
1225 5143 1285 5180 cam
1302 5126 1372 5180 mim
1388 5126 1460 5180 circa
1476 5141 1588 5179 miraeo
1604 5123 1670 5178 Dec.
1689 5121 1821 5191 Lupdoni

163 5216 406 5283 [misina
427 5212 1397 5287 variamen,ss.r.xv1r‚pso‚uaaoaeaaffim.
1439 5210 1531 5279 Neque
1550 5209 1819 5278 ocroaportcim-

88 5326 116 5364 so
163 5302 261 5373 Moli
280 5303 392 5359 omnino
412 5303 528 5373 rorem&
548 5304 705 5373 qudt'ler,
727 5301 989 5369 AthaBdiaovp.
1007 5307 1054 5356 122
1075 5300 1190 5355 ctAm
1208 5297 1307 5354 Worai.
1329 5299 1383 5354 lc.
1403 5315 1431 5367 p.
1450 5304 1495 5365 50,
1519 5295 1565 5350 lio.
1583 5302 1624 5352 38.
1710 5296 1738 5362 3)
1761 5294 1821 5350 uuo

166 5380 1821 5463 amhasstmpamadood,sddoddmdoemmodmididimmlimm,‘qmdwwmdmffl

167 5476 826 5549 amnemamnem
846 5471 1520 5542 stmmd,consarrmsr;ssarpcr1705.
1547 5465 1822 5522 mmmmm

168 5551 1821 5634 mmmmaflameatlflouamp,aoep.etv.2oetrseren],quoe11menrroeat

171 5637 1742 5735 mmmhmseecmrra.,vumieaaaaea,cs.axxrv¹,ereo.
