4328 6232
730 348 933 412 EPIS'POLAE
950 348 1143 411 SELEO'I'AE.
1172 355 1256 451 'rma
1757 359 1816 422 501

169 532 198 600 iu
221 530 431 600 monasteriis
458 531 693 599 commiserunt
720 532 942 618 symoniacam
972 531 1182 617 pravitatem,
1213 530 1318 617 possis
1349 531 1558 618 dispensare,
1587 532 1671 596 sicut
1699 530 1819 596 videris

171 637 331 725 expedire,
354 674 396 687 -
418 658 485 704 non
507 636 661 703 obstante
684 637 916 702 constitutione
940 636 1069 701 concilii
1093 636 1269 720 generalis.

272 759 349 825 Dat.
372 764 409 825 ut
432 780 542 847 supra.
975 845 996 910 h

899 955 928 1026 Ε
941 955 953 1027 i
967 956 991 1028 d
1007 976 1090 1028 em.

95 1113 114 1148 a
273 1088 378 1154 Cum*
398 1094 431 1153 te
454 1087 496 1153 ad
511 1093 621 1174 partes
637 1093 699 1153 ete.
723 1107 840 1173 usque:
865 1086 1076 1168 destinemus,
1101 1087 1293 1153 discretioni
1317 1094 1373 1151 tue
1396 1086 1598 1172 presentium
1622 1087 1819 1151 auctoritate

170 1192 388 1269 concedimus,
417 1197 455 1257 ut
481 1193 508 1257 si
536 1192 622 1258 forte
646 1191 821 1279 impeditus
850 1192 969 1268 tueris,
999 1191 1086 1278 quod
1109 1191 1196 1257 idem
1221 1213 1356 1277 regnum
1382 1211 1527 1276 nequeas
1551 1190 1654 1254 libere
1676 1190 1819 1255 introire.

170 1296 225 1360 vel
240 1296 268 1360 si
291 1294 412 1360 exinde
435 1301 470 1360 te
492 1317 550 1382 pro
573 1296 684 1381 aliqua
707 1315 806 1361 causa
830 1296 922 1361 exire
946 1297 1129 1383 oportuerit
1151 1316 1189 1359 ac
1213 1295 1254 1359 ad
1277 1302 1388 1382 partes
1412 1295 1495 1359 alias
1511 1294 1688 1373 declinare,
1712 1294 1819 1380 possis

167 1399 242 1464 inibi
267 1396 442 1464 existendo
464 1398 636 1484 legationis
659 1400 800 1465 cilicium
824 1399 856 1463 in
880 1398 1026 1486 predicto
1050 1421 1151 1483 regno
1173 1399 1406 1494 nichilominus
1429 1418 1598 1463 exercere.

272 1518 349 1584 Dat.
373 1525 411 1585 ut
433 1540 541 1605 supra.
983 1609 990 1620 ·

980 1629 1001 1672 r.

897 1715 950 1787 Ei
965 1717 988 1788 d
1003 1739 1023 1790 e
1037 1739 1087 1789 m.

271 1847 377 1913 (lumb
393 1853 426 1913 te
443 1846 613 1934 adportes
630 1855 692 1914 etc.
710 1868 826 1933 usque:
851 1847 1065 1925 destinemus,
1088 1870 1158 1925 nos,
1181 1854 1218 1913 ut
1234 1869 1274 1913 eo
1291 1849 1457 1913 efficacius
1474 1847 1660 1914 huiusmodi
1677 1846 1819 1911 officium

163 1952 284 2038 exequi
299 1951 422 2031 valeas,
445 1972 510 2038 quo
533 1952 649 2017 maiori
669 1951 771 2017 fueris
795 1973 855 2038 per
870 1973 927 2016 nos
946 1953 1144 2018 auctoritate
1167 1953 1323 2032 munitus,
1347 1952 1536 2017 discretioni
1561 1959 1616 2015 tue
1641 1951 1819 2037 recipiendi

164 2056 329 2120 cessiones
352 2061 419 2121 tam
442 2055 763 2142 archiepiscoporum
794 2062 828 2120 et
857 2057 1084 2142 episcoporum
1115 2078 1212 2142 quam
1243 2057 1442 2143 prelatorum
1473 2057 1626 2131 aliorum,
1656 2056 1725 2119 sive
1754 2055 1820 2119 sint

169 2160 310 2244 exempti
334 2159 498 2240 nivenen,
520 2165 577 2224 tue
601 2159 783 2244 legationis,
807 2159 945 2223 liberam
967 2167 1082 2224 tenere
1106 2161 1306 2245 presentium
1331 2158 1541 2223 concedimus
1565 2164 1774 2245 potestatem.

273 2278 351 2343 Dat.
374 2283 411 2341 ut
434 2292 541 2364 supra:
975 2367 996 2431 k

896 2476 950 2549 Ei
965 2478 988 2549 d
1004 2499 1025 2550 e
1039 2499 1089 2551 m.

272 2605 376 2673 Cum⁶
392 2612 425 2672 te
442 2605 483 2671 ad
499 2613 610 2693 partes
627 2613 690 2672 ete.
708 2629 825 2694 usque:
850 2608 1066 2691 destinemus,
1089 2609 1274 2675 discretioni
1291 2616 1346 2674 tue
1363 2609 1573 2696 dispensandi
1593 2629 1667 2672 cum
1692 2607 1820 2673 clericis

166 2719 220 2778 tue
237 2710 413 2796 legationis
430 2709 594 2775 defectum
611 2712 768 2776 natalium
786 2712 997 2797 patientibus,
1021 2713 1108 2798 quod
1128 2750 1161 2759 —
1180 2712 1367 2777 huiusmodi
1384 2733 1449 2776 nen
1465 2712 1617 2777 obstante
1633 2711 1765 2776 deiectu
1782 2749 1818 2756 —

167 2815 198 2879 in
214 2813 375 2901 susceptis
396 2813 583 2878 ministrare
607 2812 787 2895 ordinibus,
812 2815 992 2880 ascendere
1016 2815 1056 2880 ad
1081 2815 1244 2881 maioresd
1269 2837 1306 2880 ac
1330 2815 1556 2881 ecclesiastica
1578 2812 1738 2881 beneficia
1762 2835 1820 2877 scu

167 2923 362 3005 personatus
385 2918 438 2983 rel
461 2916 654 3003 dignitates,
684 2920 864 3004 pontificali
893 2918 1066 2985 dumtaxat
1088 2929 1245 3007 excepta,
1275 2921 1373 2985 etiam
1397 2921 1424 2984 si
1448 2940 1556 2984 curam
1580 2918 1727 2984 habeant
1750 2917 1819 2981 ani-

167 3042 289 3087 marum
313 3040 488 3103 annexam,
510 3021 659 3087 obtinere
684 3023 825 3097 valeant,
850 3023 1047 3088 auctoritate
1070 3025 1272 3109 presentium
1298 3023 1507 3089 concedimus
1531 3023 1734 3087 facultatem.

271 3138 348 3207 Dat.
372 3149 408 3206 ut
431 3160 542 3228 supra.
984 3233 993 3296 l

896 3340 1088 3414 Eidem.

272 3468 377 3535 (Ῐιιιῐιο
399 3473 433 3533 te
457 3467 499 3532 ad
521 3475 632 3554 partes
656 3476 719 3536 etc.
744 3493 863 3558 usquc:
896 3473 1116 3550 destinemus,
1145 3473 1286 3551 clericis,
1311 3473 1365 3558 qui
1389 3480 1499 3538 tecum
1522 3472 1764 3557 permanserint
1787 3478 1821 3536 et

169 3594 247 3660 quos
268 3594 328 3661 pro
352 3570 491 3658 agendis
515 3573 656 3639 ecclesie
678 3573 814 3641 duxeris
837 3575 1059 3658 destinandos,
1083 3577 1138 3641 utr
1159 3576 1313 3662 quamdiu
1336 3583 1444 3641 tecum
1466 3575 1587 3640 luerint
1608 3576 1660 3640 vel
1678 3575 1821 3661 negotiis

167 3678 266 3764 ipsius
290 3676 432 3744 ecclesie
456 3677 497 3743 de
520 3675 675 3743 mandato
701 3676 807 3765 [tuolss
830 3680 1011 3745 institerint
1034 3680 1242 3766 peragendis,
1265 3681 1395 3766 integre
1411 3681 1570 3767 recipiant
1586 3678 1820 3744 beneficiorum

168 3803 296 3848 suorum
318 3789 514 3870 proventus,
544 3781 829 3850 distributionibus
854 3784 1030 3850 cotidianis
1054 3785 1218 3871 exceptis,
1250 3806 1288 3850 ac
1312 3786 1339 3849 si
1362 3784 1582 3872 personaliter
1604 3784 1635 3846 in
1660 3782 1821 3853 ecclesiis,

168 3886 339 3972 inquibus
361 3886 527 3953 beneficia
549 3885 622 3972 ipsa
644 3887 803 3969 obtinent,
827 3889 1019 3970 residerent,
1042 3889 1285 3976 -privilegio,
1309 3889 1522 3974 indulgentia,
1547 3893 1671 3952 statuto
1694 3893 1728 3951 et
1744 3907 1820 3950 con-

168 3988 336 4056 suetudine
360 3989 544 4055 iuramento
569 4010 628 4055 seu
656 4010 860 4076 quacumque
888 3993 953 4057 alia
975 3992 1130 4057 firmitate
1154 3993 1286 4057 vallatis
1314 4012 1521 4077 nequaquam
1551 3989 1756 4055 obstantibus
1781 4028 1821 4036 -

169 4093 360 4159 auctoritate
384 4091 587 4179 presentium
611 4092 830 4178 indulgemus.
875 4095 965 4161 Nulli
990 4117 1070 4179 crgo
1095 4104 1158 4162 etc.

269 4213 346 4279 Dat.
370 4219 408 4278 ut
430 4234 541 4301 supra.

927 4440 1052 4506 XXIV.

266 4541 487 4637 Innocentius
509 4570 534 4636 1
538 4570 567 4634 V
580 4591 670 4654 popa
693 4569 863 4635 Perusinis
885 4570 1025 4648 retondat,
1054 4574 1090 4633 at
1111 4569 1241 4635 madunt
1262 4574 1290 4633 ct
1313 4571 1450 4655 sectant,
1478 4592 1558 4652 pause
1581 4568 1731 4654 Hatria]
1753 4588 1822 4631 car·

168 4672 285 4739 diaulia
305 4673 427 4757 wales
447 4675 490 4738 iis
506 4673 715 4758 proponant.
1467 4677 1561 4752 1249,
1584 4676 1667 4754 Apr.
1684 4676 1734 4738 17.

267 4792 331 4848 Ian.
348 4793 398 4848 IV
413 4792 479 4863 ch.
498 4793 560 4849 Iab.
579 4794 625 4862 VL
642 4795 663 4860 f.
679 4800 716 4861 73,
730 4792 789 4849 ‘cara
807 4811 835 4847 n.
847 4801 888 4849 62.
1372 4796 1375 4803 '

269 4878 399 4946 Panaca
419 4878 482 4949 aa.
500 4886 594 4948 snas·
615 4881 716 4950 near
730 4886 802 4936 4723.

431 5117 471 5134 ..
499 5061 733 5153 potestati,
761 5060 951 5134 consitio
980 5068 1026 5135 et
1053 5062 1282 5136 communi
1310 5059 1556 5136 Perusinis,

270 5207 353 5274 Cum
388 5208 547 5276 dilectum
581 5210 682 5275 filium
717 5216 864 5274 nostrum
893 5209 929 5274 P.
955 5208 1068 5276 Sancti
1097 5210 1233 5296 Georgii
1262 5211 1302 5275 ad
1323 5209 1442 5276 Velum
1472 5210 1618 5275 Aureum
1649 5209 1821 5274 diaconum

168 5311 376 5395 cardinalem,
406 5313 586 5399 apostolice
616 5310 703 5377 sedis
731 5312 893 5396 legatum,
921 5313 963 5377 ad
986 5320 1097 5399 partes
1120 5312 1215 5379 Italic
1239 5313 1280 5377 dc
1303 5314 1439 5378 fratrum
1464 5320 1650 5377 nestrorum
1674 5313 1820 5392 censitio,

267 5472 622 5481 ——-——-——....·
631 5474 684 5480 .—-
692 5474 704 5480 --
852 5474 1062 5482 —---—-—-—.
1074 5475 1148 5480 ——
1162 5474 1295 5481 ——-.—.
1306 5474 1374 5480 —--
1383 5473 1454 5479 -—--
1466 5473 1531 5480 .....-—.
1541 5473 1593 5479 -—
1606 5472 1640 5479 ..—
1652 5471 1711 5478 —-

266 5570 293 5638 ι)
311 5572 348 5639 es.
366 5571 564 5624 n.303XVII.
662 5571 687 5636 n)
707 5574 742 5640 cs.
759 5591 786 5626 n.
798 5576 850 5627 303
862 5575 941 5625 XVI.
1038 5575 1061 5639 ο)
1079 5576 1114 5642 cs.
1131 5577 1221 5627 aaut
1232 5572 1300 5624 XII.
1396 5572 1423 5637 ¹¹)
1442 5574 1487 5625 tin.
1505 5573 1684 5625 clamata
1702 5573 1822 5624 stannea.

70 5640 121 5689 ⁴⁰
169 5656 191 5721 ⁸)
207 5659 242 5725 cs.
259 5660 350 5711 anot
362 5657 414 5711 ΙΧ.
517 5657 583 5726 flet
600 5657 633 5710 B.
737 5661 763 5723 8)
782 5662 901 5713 mandam
916 5660 921 5728 Ι
936 5662 1075 5713 institerint
1094 5661 1139 5723 n.,·
1156 5661 1225 5711 steen
1241 5670 1295 5712 tuo.
