4784 6332
431 413 493 477 250
987 405 1033 460 EX
1052 405 1271 462 ΙΝΝΟΟΕΝΤΙΙ
1288 405 1326 459 lV
1347 403 1529 461 arelauno

429 585 473 648 ud
491 585 629 665 pretium
656 583 798 647 ecclesiae
824 581 1076 662 admitterentur,
1106 585 1275 662 antequem
1303 580 1543 665 satisfecissent,
1569 581 1657 661 cipue
1680 581 1824 656 rrmrrdnt,
1856 584 1890 642 nt
1918 578 2083 643 rclrcltibna

429 688 565 751 ‘uiriliter
588 689 724 752 resisteut.
1411 722 1416 732 ·
1755 688 1848 760 1247,
1864 683 1947 746 Mai.
1964 691 1995 749 3.

533 791 597 843 Intra
610 789 661 843 IV
677 790 739 858 Rep.
758 788 811 842 Vol.
826 788 851 854 Ι,
868 793 933 854 381,·
950 785 1010 842 Da.
1024 787 1074 853 IV,
1092 793 1149 840 596.
1186 785 1287 840 Persii
1305 787 1438 854 memptnr
1453 787 1615 841 comedimus
1632 803 1692 840 cnm
1710 785 1832 854 Tinincr,
1853 785 1914 842 Occi.
1932 784 1996 854 dipl.
2015 785 2082 838 dein.

429 880 504 944 terrm.
523 892 544 930 s,
562 875 629 929 adia
647 881 665 930 t.
679 876 704 943 I,
718 893 747 943 p.
762 881 815 942 123,
834 891 860 926 n.
879 879 937 928 221.

536 960 667 1028 Potttmst,
688 960 751 1029 neq.
766 967 862 1027 12500;
880 961 979 1028 Baper
994 967 1063 1014 2593.

1029 1145 1075 1161 ..
1105 1089 1308 1181 prefecto
1342 1087 1489 1163 Urbis,

541 1240 626 1315 Quia
663 1242 779 1325 cuique
818 1262 876 1326 pro
918 1240 1041 1304 meritis
1086 1239 1300 1304 retributione
1344 1239 1497 1304 convenit
1540 1259 1682 1323 congrua
1725 1238 1933 1323 responderi,
1971 1237 2086 1301 fideles

434 1351 467 1408 et
495 1343 630 1408 devotos
656 1343 813 1421 ecclesie,
849 1343 990 1406 maxime
1020 1363 1102 1427 quos
1137 1343 1300 1428 presentis
1334 1343 1489 1428 temporis
1524 1342 1724 1405 examinavit
1755 1343 1949 1412 necessitas,
1978 1339 2086 1424 dignis

434 1447 529 1511 decet
552 1446 753 1512 remunerari
782 1446 913 1531 premiis
946 1453 979 1510 et
1007 1445 1185 1510 infidelium
1217 1467 1255 1510 ac
1295 1445 1521 1510 indevotorum
1551 1445 1824 1508 inconstantiam*
1856 1466 1941 1531 pena
1974 1443 2086 1509 debita

435 1551 603 1635 castigari,
634 1557 669 1613 ut
704 1558 737 1614 et
766 1549 894 1613 illorum
924 1549 1143 1612 remuneratio
1182 1549 1316 1613 inducat
1349 1550 1431 1613 alios
1460 1549 1500 1613 ad
1529 1549 1631 1634 ipsius
1660 1549 1800 1612 ecclesie
1829 1549 2020 1613 famulatum
2051 1554 2084 1613 et
2138 1575 2163 1612 a

435 1655 570 1718 istorum
605 1652 747 1716 vindicta
783 1652 902 1716 ceteris
936 1673 1051 1715 ausum
1089 1652 1241 1716 cohibeat
1271 1651 1491 1738 delinquendi.
1543 1651 1630 1716 Hinc
1661 1660 1726 1728 est,
1754 1652 1839 1737 quod
1866 1673 1939 1716 cum
1961 1651 2085 1716 Tusca-

436 1777 556 1820 nenses
567 1756 589 1834 ¹,
612 1753 872 1832 Vetrallenses2,
896 1753 1018 1818 domini
1042 1754 1138 1820 Tulle
1154 1756 1300 1820 veteris³
1325 1762 1357 1820 et
1381 1777 1492 1820 eorum
1515 1737 1664 1819 homines
1682 1755 1820 1820 ecclesie
1836 1755 1983 1820 Romane
2006 1753 2086 1820 lide-

434 1858 528 1923 litate
550 1859 666 1922 relicta
681 1865 846 1941 tamquam
862 1857 920 1920 filii
938 1856 1117 1942 degeneres
1140 1859 1209 1939 tibi,
1233 1880 1330 1942 quem
1347 1857 1387 1922 ab
1411 1859 1512 1944 ipsius
1529 1857 1701 1922 devotione
1724 1878 1826 1942 prava
1847 1859 2011 1942 suggestio
2034 1859 2086 1922 vel

437 1961 620 2026 adversitas
644 1961 753 2044 aliqua
779 1981 844 2024 non
868 1959 1041 2032 subtraxit,
1065 1959 1206 2046 dampna
1230 1962 1262 2025 in
1286 1963 1415 2036 castris,
1440 1962 1589 2026 vassallis
1613 1967 1646 2024 et
1670 1961 1742 2024 aliis
1766 1961 1861 2024 bonis
1883 1961 1949 2024 tuis
1973 1961 2086 2044 gravia

435 2064 625 2149 irrogarint,
649 2084 718 2139 nos,
742 2084 783 2127 ne
808 2062 848 2128 de
872 2063 971 2127 illatis
995 2062 1053 2126 tibi
1077 2063 1208 2126 offensis
1231 2064 1457 2149 relinquantur
1479 2065 1641 2150 impunes,
1666 2063 1868 2149 presentium
1892 2064 2083 2128 auctoritate
2140 2096 2164 2134 n.

437 2168 646 2253 precipimus,
669 2173 705 2231 ut
729 2168 837 2231 omnia
860 2165 1045 2231 huiusmodi
1068 2166 1209 2254 dampna
1231 2167 1290 2231 tibi
1316 2168 1356 2232 ab
1381 2167 1507 2232 eisdem
1528 2167 1805 2247 Tuscanensibus,
1822 2166 2086 2231 Vetrallensibus

437 2278 471 2335 ct
501 2270 641 2334 dominis
665 2269 761 2334 'lulla
792 2271 915 2333 veteris
948 2271 1000 2334 vel
1033 2271 1204 2334 occasione
1236 2271 1363 2335 illorum
1397 2271 1501 2347 illata,
1534 2275 1567 2335 et
1595 2291 1658 2356 que
1687 2269 1856 2356 deinceps,
1885 2269 2027 2354 quandiu
2054 2271 2087 2334 in

437 2373 633 2438 infidelitate
656 2371 890 2457 perstiterintl‘,
919 2372 1032 2436 inferri
1056 2373 1245 2458 contigerit,
1286 2395 1413 2438 necnon
1448 2381 1481 2438 et
1517 2374 1627 2438 ablata
1656 2375 1764 2437 omnia
1799 2373 1858 2437 tibi
1884 2396 1903 2439 a
1932 2374 2087 2459 predictis

436 2476 587 2540 omnibus
612 2476 740 2560 integre
764 2482 1007 2554 restaurentur,
1035 2481 1209 2560 antequam
1240 2478 1386 2561 plenarie
1423 2477 1480 2540 tibi
1512 2477 1733 2541 satisfecerint
1765 2477 1805 2542 de
1834 2478 2018 2563 premissis,
2046 2475 2088 2540 ad

436 2581 575 2666 gratiam
615 2579 755 2644 ecclesie
786 2578 972 2642 nullatenus
1000 2577 1222 2645 admittendis.
1274 2577 1318 2644 Et
1346 2581 1421 2665 quia
1452 2579 1549 2644 iidem
1582 2579 1829 2656 Tuscanenses,
1856 2579 2084 2644 Vetrallenses
2138 2607 2164 2645 so

438 2690 471 2746 et
493 2682 617 2747 domiui
632 2681 728 2746 Tulte
752 2682 872 2746 veteris
895 2689 928 2746 te
953 2687 987 2746 et
1009 2681 1092 2746 alios
1116 2684 1257 2748 ecclesie
1279 2685 1406 2769 pretate
1429 2683 1544 2748 fideles
1561 2684 1754 2770 impugnare
1778 2705 1816 2747 ac
1834 2683 2000 2752 offendere
2024 2703 2087 2746 non

439 2787 616 2866 desistunt,
646 2785 761 2850 eadem
790 2787 851 2850 tibi
877 2787 1072 2850 auctoritate
1097 2786 1320 2864 concedimus,
1344 2793 1380 2850 ut
1402 2787 1443 2851 de
1467 2787 1603 2851 offensis
1626 2788 1727 2852 illatis
1751 2785 1930 2851 rebellibus
1953 2786 2033 2872 ipsis
2057 2791 2091 2849 et

439 2891 539 2956 etiam
563 2889 603 2954 de
628 2899 737 2954 cetero
762 2911 781 2952 a
804 2897 837 2953 te
861 2888 1040 2954 inferendis
1064 2891 1234 2954 occasione
1266 2891 1453 2955 huiusmodi
1481 2912 1545 2954 non
1574 2891 1679 2977 possis
1711 2889 1884 2975 abaliquo
1909 2889 2090 2962 conveniri;

440 2992 622 3079 dequibus
651 2999 684 3055 te
715 2991 865 3055 duximus
896 2991 1143 3057 absolvendum.
1188 2992 1234 3056 Ut
1257 3000 1368 3058 autem
1390 2993 1468 3058 fidei
1491 3001 1546 3058 tue
1569 2994 1698 3079 puritas
1724 3014 1855 3079 semper
1877 2994 1997 3058 elarius
2020 2993 2089 3056 elu-

441 3102 567 3176 cescat,
591 3095 794 3160 nobilitatem
816 3101 905 3158 tuam
928 3115 1108 3176 monemus,
1133 3117 1286 3181 rogamus
1311 3104 1343 3160 et
1366 3097 1534 3161 hortamur
1556 3103 1693 3176 attente,
1718 3097 1912 3162 mandantes
1936 3097 2089 3182 quatinus
2142 3131 2167 3169 n

440 3199 563 3266 eisdam
603 3221 641 3265 ac
675 3200 747 3264 aliis
778 3198 916 3264 ecclesie
941 3198 1116 3264 rebellibus
1140 3199 1393 3285 promptitudine
1428 3222 1466 3264 ac
1500 3199 1688 3265 tortitudine
1721 3200 1855 3285 spiritus
1886 3198 2089 3286 premunitus

437 3305 572 3369 resistas
595 3303 744 3382 viriliter,
768 3303 802 3366 in
826 3303 927 3387 ipsius
950 3302 1092 3366 ecclesie
1116 3301 1300 3382 devotione,
1324 3324 1387 3388 que
1411 3310 1443 3368 te
1468 3304 1556 3368 inter
1571 3311 1697 3368 ceteros
1721 3305 1791 3369 eius
1815 3304 1899 3368 filios
1916 3303 2028 3367 favore
2051 3324 2089 3367 ac

438 3409 543 3495 gratia
566 3407 718 3494 proponit
741 3408 891 3472 attollere
915 3407 1060 3492 speciali,
1084 3405 1212 3472 stabilis
1236 3429 1327 3473 more
1351 3408 1447 3472 solito
1471 3408 1702 3494 permanendo.

545 3527 623 3592 Dat.
646 3526 809 3612 Lugduni,
832 3526 864 3590 V
886 3526 998 3591 Nonas
1020 3525 1109 3604 Maii,
1132 3547 1217 3592 anno
1240 3527 1300 3594 IV.

544 3649 584 3712 In
608 3645 750 3712 eundem
772 3647 903 3713 modum
926 3646 1088 3712 nobilibus
1111 3648 1189 3713 viris
1213 3647 1352 3713 dominis
1375 3647 1471 3714 'suite
1495 3671 1588 3717 nove.

1124 3877 1282 3884 .-—--.--—-.-
1292 3877 1470 3884 Ἥ

1226 4069 1311 4142 335.
1406 4013 1410 4021 1

542 4164 760 4256 Innocentius
776 4189 800 4254 I
803 4188 831 4252 V
856 4209 944 4272 pape
965 4188 1157 4272 [Octauiano
1189 4191 1325 4256 Sancme
1347 4191 1479 4256 Martiae
1508 4193 1543 4254 in
1573 4191 1631 4255 iliu
1653 4189 1739 4255 Lata
1765 4189 1895 4256 aaran
1922 4193 2091 4270 erudiunt-i,

438 4294 624 4376 aprestetiene
640 4293 722 4358 sedis
740 4293 868 4376 rqaap
882 4292 1026 4369 concutit,
1049 4300 1084 4356 nt
1107 4293 1142 4356 in
1161 4293 1275 4358 Ynscin
1297 4294 1742 4376 superinscripsissent,
1754 4295 1943 4374 praebentis
1957 4297 2092 4378 aliisque

441 4398 598 4481 beneficiis
619 4395 835 4461 cmtcaiasticis
857 4394 958 4460 tritas
979 4396 1026 4460 oet
1049 4399 1196 4476 quattuor
1211 4399 1359 4478 personis
1381 4399 1501 4464 idoneis
1517 4397 1682 4483 proscidere
1703 4397 1815 4463 valcat.

1757 4505 1851 4581 1247,
1873 4501 1958 4568 Mai.
1973 4507 2005 4569 4.

543 4603 606 4654 Ina.
621 4601 668 4654 IV
683 4601 747 4669 nep.
765 4600 820 4654 Vol.
834 4600 859 4666 I,
874 4605 942 4666 4265
960 4599 1019 4654 In'b.
1033 4601 1086 4668 IV,
1097 4617 1152 4656 cnr.
1165 4611 1220 4658 106.
1256 4603 1408 4672 Epictetum
1425 4619 1458 4658 cr
1476 4604 1593 4672 Repertis
1610 4605 1747 4672 descripsit
1768 4604 1797 4659 V.
1812 4604 1854 4660 Gt.
1867 4606 1901 4658 A.
1923 4605 2001 4658 Man.
2144 4623 2169 4662 as

543 4689 642 4756 Berper
658 4693 735 4742 3022.

656 4824 713 4930 [Ο.
741 4834 903 4908 Sancte
928 4833 1067 4907 Marie
1095 4835 1137 4908 in
1165 4834 1247 4910 Via
1273 4836 1381 4911 Lata
1410 4835 1601 4910 diacono
1630 4833 1879 4924 cardinali,

944 4954 1201 5047 apostolice
1228 4957 1352 5030 sedis
1379 4948 1577 5054 leget0]⁰.

551 5109 633 5173 (ium
657 5115 688 5170 te
711 5127 770 5191 pro
794 5105 926 5169 instanti
944 5104 1077 5189 negotio
1093 5105 1233 5170 ecclesie
1257 5105 1469 5185 destinemus,
1494 5105 1684 5170 discretioni
1707 5113 1772 5186 tue,
1795 5116 1832 5169 ut
1854 5107 1886 5169 in
1906 5105 2028 5170 Tuscia
2051 5106 2092 5172 de

442 5212 683 5300 personatibus,
706 5209 863 5288 canoniis,
887 5206 1065 5294 prebendis
1089 5208 1226 5293 aliisque
1250 5208 1420 5274 beneficiis
1444 5209 1695 5288 ecclesiasticis,
1720 5208 1789 5272 sive
1814 5230 1925 5273 curam
1949 5209 2093 5274 habeant
2145 5245 2171 5283 a

546 5469 570 5535 ⁸)
589 5471 762 5522 inconstantia
781 5469 810 5519 P.
910 5468 936 5535 b)
955 5471 1121 5538 perstiterunt
1143 5469 1169 5520 Τ.
1268 5469 1291 5534 ⁰)
1311 5470 1393 5520 omnia
1411 5471 1542 5538 irneriptie
1562 5473 1629 5523 deest
1649 5471 1694 5532 Β,
1711 5473 1831 5539 epistolis,
1848 5488 1913 5537 quae
1933 5469 2094 5535 attractant,

442 5578 469 5610 n.
483 5562 538 5622 317,
558 5567 582 5610 et
599 5557 630 5620 ci,
647 5573 712 5622 quiae
730 5557 851 5621 requiam,
868 5575 894 5606 n.
912 5561 967 5621 315,
984 5557 1072 5607 Eidem
1091 5556 1240 5622 inscriptum
1257 5563 1301 5619 cst,
1320 5559 1337 5608 i.
1356 5575 1376 5609 c,
1399 5558 1538 5610 Octaviano
1557 5560 1649 5624 tapam.
1704 5629 1710 5638 .

548 5693 574 5757 1)
594 5691 642 5744 En
658 5703 709 5744 occ.
727 5689 773 5744 cta
799 5689 908 5746 Viterbn.
1012 5695 1038 5758 2)
1059 5689 1089 5744 E
1106 5707 1165 5748 nter.
1183 5696 1209 5748 et
1227 5707 1279 5748 ocu.
1297 5692 1345 5749 cic.
1371 5691 1480 5750 Vasa.
1583 5695 1611 5764 3)
1631 5691 1662 5752 E
1678 5709 1741 5752 rnn-
1759 5691 1806 5750 cie.
1832 5692 1942 5750 Viturbo.
