4784 6334
1012 448 1060 504 EX
1077 447 1295 505 innocuum}
1313 445 1352 502 IV
1370 446 1551 503 REGISTRO

1242 748 1327 822 545.

560 866 778 960 Innocentius
797 892 823 956 Ι
826 887 854 954 V
876 911 965 974 papa
991 890 1198 976 O[ctaviano]
1220 891 1355 956 Sanctae
1376 888 1508 952 Mariae
1536 889 1573 952 in
1594 887 1655 952 Via
1677 886 1762 951 Lata
1788 886 1919 951 dianna
1940 884 2109 963 cardinali,

456 996 641 1078 apostolicae
656 995 738 1060 sedis
753 996 859 1078 leqato,
880 994 1020 1072 ircandat,
1042 998 1078 1057 nt
1091 994 1288 1079 F[riderlci]
1302 993 1460 1076 qnondam
1473 991 1672 1073 imperatoris
1683 991 1769 1072 filios
1783 993 1812 1054 ct
1826 993 1957 1073 nepotes,
1975 988 2110 1052 umecti-

456 1119 538 1178 ones,
560 1099 682 1164 comites
703 1102 733 1162 ct
753 1099 894 1178 barones,
913 1099 1074 1180 praelatos
1095 1101 1125 1161 ct
1146 1097 1271 1162 clericos
1292 1100 1322 1161 et
1336 1115 1440 1160 omnes
1461 1095 1550 1173 (elios,
1574 1095 1630 1176 qni
1651 1093 1748 1158 dmm
1761 1093 1803 1160 F.
1821 1091 1968 1177 faveant,
1991 1111 2110 1156 ancon

456 1203 606 1280 manicat,
641 1202 707 1266 loca
737 1201 767 1264 ct
798 1201 1006 1267 adhaerentia
1033 1201 1197 1264 interdicto
1225 1202 1382 1281 supponat
1407 1202 1436 1262 et
1462 1221 1499 1262 ca
1528 1199 1741 1279 etpraesatos
1762 1215 1867 1261 ornnes
1888 1197 1975 1260 omni
1995 1195 2110 1261 bonne

454 1308 574 1388 privet,
601 1311 710 1371 contra
735 1304 902 1370 declinam
930 1305 967 1368 de
994 1304 1137 1369 Romano
1165 1307 1194 1368 ct
1218 1304 1362 1389 fautores
1388 1304 1456 1368 eicos
1483 1302 1631 1366 similiter
1654 1299 1803 1382 procedat
1824 1303 1855 1364 et
1875 1302 1985 1364 contra
2006 1316 2110 1362 omnes

458 1410 531 1475 illos
553 1411 589 1474 in
611 1409 707 1474 terris
729 1409 893 1492 topationts
915 1427 990 1472 sanc
1012 1428 1132 1473 cracem
1151 1407 1320 1490 praedicet.
1748 1405 1843 1482 1248,
1865 1403 1948 1484 apr.
1969 1404 2023 1468 27.

564 1528 629 1582 Inn.
647 1528 698 1583 IV
713 1529 777 1598 Req.
796 1528 851 1582 Vol.
870 1528 895 1595 I,
911 1535 970 1592 cen·
992 1526 1053 1580 loo.
1072 1525 1103 1594 V,
1122 1542 1179 1580 cnr.
1196 1534 1237 1580 47.
1285 1525 1385 1579 Pataui
1409 1525 1542 1593 eacntpln
1566 1523 1728 1578 cornminus
1755 1539 1814 1577 acm
1839 1538 1882 1591 co,
1915 1520 1986 1590 qaod
2010 1519 2111 1588 Hdtlcr,

462 1613 554 1669 Fn'cd.
572 1614 612 1682 11,
632 1632 662 1683 p.
679 1622 734 1682 376,
752 1632 780 1668 n.
798 1621 831 1670 33
847 1613 935 1683 edidit,
953 1612 1025 1681 qnod
1041 1612 1144 1666 mendis
1160 1611 1291 1682 amasdat,
1310 1629 1378 1682 quac
1393 1628 1450 1666 non
1467 1611 1665 1666 anentaainns.

562 1699 692 1768 Pottbast,
712 1699 776 1769 Rea.
794 1706 895 1768 129105
913 1700 1011 1768 Beroen
1028 1707 1100 1754 4097.

703 1879 747 1953 0.
776 1880 938 1954 Sancte
965 1877 1101 1953 Maria
1128 1877 1263 1952 inVia
1288 1879 1395 1951 Lata
1422 1876 1609 1952 diacono
1637 1875 1875 1964 cardinali,

974 1998 1246 2093 apostolice
1273 1998 1404 2072 sedis
1430 2000 1601 2092 legata.

568 2151 756 2218 Instantem,
773 2150 1040 2236 persecutionem
1064 2147 1205 2213 ecelesia
1229 2168 1267 2211 ac
1289 2145 1508 2232 persecutoris
1532 2135 1762 2231 tirampnidem
1786 2143 1974 2229 diligentius
2003 2150 2110 2208 atten-

456 2254 587 2336 dentes,
612 2255 759 2340 cogimur
781 2252 948 2340 querendo
972 2251 1118 2316 remedia
1141 2250 1322 2337 procedere
1346 2256 1461 2314 eontra
1483 2250 1572 2332 illos,
1603 2251 1658 2334 qui
1680 2248 1904 2336 persecutioni
1926 2246 2112 2313 huiusmodi

457 2359 545 2421 lacto
562 2359 614 2422 vel
638 2357 735 2439 dicto,
759 2378 821 2442 ope
839 2356 891 2420 vel
914 2376 1015 2441 opere
1039 2376 1172 2419 eausam
1195 2359 1352 2440 prestant.
1392 2352 1475 2417 Cum
1498 2353 1597 2438 igitur
1620 2352 1714 2416 multi
1736 2350 1777 2416 de
1800 2352 1939 2417 diversis
1962 2351 2110 2437 partibus

458 2459 496 2525 F.
523 2459 687 2545 quondam
719 2460 907 2546 imperatori
941 2458 1122 2522 adhereant
1155 2457 1362 2520 immemores
1400 2476 1457 2519 sue
1494 2457 1624 2534 salutis,
1658 2476 1732 2535 nos,
1767 2455 1917 2520 uolentes
1951 2455 2013 2520 hec
2048 2454 2108 2520 sub

458 2564 719 2629 dissimulatione
736 2563 884 2644 transire,
908 2583 949 2626 ne
966 2560 1052 2647 quod
1069 2561 1154 2626 absit
1173 2566 1343 2626 assumant
1364 2560 1552 2645 exemplum
1573 2558 1693 2623 exinde
1715 2558 1885 2640 convicini,
1908 2559 2112 2641 mandamus,

458 2668 610 2752 quatinus
633 2667 753 2754 prefati
775 2665 813 2733 F.
837 2667 921 2730 filios
945 2672 978 2730 et
1000 2672 1154 2752 nepotes,
1185 2665 1370 2729 nominibus
1393 2684 1504 2728 eornm
1530 2664 1711 2749 expressis,
1743 2683 1869 2728 necnon
1896 2662 2113 2740 marchiones,

459 2771 596 2835 comites
625 2777 660 2835 ot
689 2769 844 2850 barones,
882 2771 1026 2856 prelatos
1059 2770 1158 2834 etiam
1190 2777 1223 2833 et
1253 2770 1407 2848 elericos,
1448 2769 1680 2853 cuiuscumque
1712 2768 1833 2832 luerint
1864 2767 2030 2852 diguitatis
2061 2767 2113 2832 vel

459 2873 598 2954 ordinis,
628 2880 662 2938 et
689 2873 771 2938 alios
801 2895 930 2955 omnes,
962 2873 1018 2959 qni
1048 2872 1157 2938 eidem
1180 2873 1216 2939 F.
1240 2873 1354 2957 quovis
1377 2872 1474 2937 modo
1497 2871 1608 2937 lavere
1631 2877 1823 2958 presumunt
1845 2871 1965 2936 autad
1989 2869 2113 2934 curiam

459 2977 531 3041 eius
563 2999 621 3042 sen
652 2984 807 3063 nepotum
838 2977 891 3040 vel
927 2976 1065 3040 filiorum
1100 2975 1245 3040 eiusdem
1274 2977 1380 3040 vocati
1411 2976 1463 3040 vel
1493 2996 1556 3039 non
1586 2976 1695 3041 vocati
1733 2974 1856 3039 vadunt
1887 2975 1939 3039 vel
1969 2975 2112 3054 mittunt,

460 3081 806 3145 excommunicationis
840 3102 995 3145 mucrone
1028 3080 1191 3166 percellas
1226 3080 1379 3165 ipsosque
1413 3080 1715 3144 excommunicatas
1749 3079 1880 3165 publice
1914 3078 2045 3142 nunties
2082 3084 2115 3142 ct

458 3184 601 3247 nuntiari
631 3184 734 3248 facias
765 3207 824 3271 per
854 3186 941 3262 loca,
974 3185 1007 3247 in
1037 3184 1154 3268 quibus
1187 3182 1343 3269 expedire
1373 3182 1510 3264 videris,
1541 3183 1679 3269 pulsatis
1711 3181 1877 3268 campanis
1908 3187 1941 3245 et
1968 3180 2114 3246 candelis

459 3288 604 3352 accensis
628 3287 765 3371 singulis
789 3287 904 3352 diebus
927 3286 1093 3352 dominicis
1117 3294 1150 3351 et
1171 3287 1312 3352 festivis.
1357 3285 1516 3351 Civitates
1541 3307 1686 3371 qnoque,
1716 3293 1839 3366 castra,
1869 3285 1964 3350 villas
1987 3293 2020 3349 et
2042 3286 2115 3349 loca

459 3392 546 3456 dicto
566 3390 603 3454 F.
627 3390 821 3455 adherentia
843 3392 1034 3456 nominatim
1061 3392 1286 3457 ecclesiastiea
1309 3390 1482 3456 interdicto
1507 3411 1708 3476 supponens,
1738 3390 1847 3476 prives
1872 3411 1911 3454 ea
1935 3397 1968 3454 et
1989 3387 2115 3453 iudices

460 3517 498 3559 ac
522 3495 716 3560 tabelliones
741 3517 853 3559 eorum
878 3502 912 3560 et
933 3496 1077 3582 prelatos
1101 3515 1213 3559 omnes
1237 3495 1325 3558 omni
1348 3494 1481 3574 honore,
1504 3493 1653 3578 quolibet
1676 3494 1796 3575 officio,
1819 3493 1935 3578 quavis
1951 3493 2111 3578 dignitate

459 3619 498 3662 ac
528 3598 744 3683 quibuslibet,
778 3600 842 3664 nisi
875 3599 1047 3665 dumtaxat
1081 3601 1115 3663 in
1151 3620 1229 3662 casu
1261 3620 1280 3663 a
1308 3599 1378 3662 iure
1411 3619 1583 3678 concesso,
1619 3599 1854 3663 ecclesiasticis
1888 3597 2112 3678 sacramentis,

460 3701 654 3787 baptismate
678 3703 885 3787 parvulorum
913 3709 945 3766 et
969 3702 1155 3788 penitentiis
1181 3701 1387 3766 morientium
1411 3703 1516 3766 solum
1538 3702 1724 3788 exceptis¹;
1748 3702 1866 3787 quibus
1882 3701 1964 3766 nulli
1980 3721 2112 3787 prorsus

459 3809 634 3868 tencantur
656 3805 689 3869 in
713 3805 831 3869 iudicio
854 3805 1062 3891 respondere.
1108 3804 1291 3870 Interdicas
1315 3806 1415 3869 etiam
1439 3802 1636 3890 specialiter,
1666 3811 1702 3869 ut
1732 3806 1841 3870 nullus
1865 3827 1908 3870 ex
1931 3805 2114 3870 fautoribus

460 3907 579 3993 prelati
604 3907 642 3972 F.
668 3909 702 3971 in
733 3915 930 3994 potestatem
958 3915 1014 3973 aut
1044 3917 1206 3975 rectorem
1237 3909 1288 3974 vel
1319 3909 1361 3973 ud
1390 3908 1521 3995 aliquod
1553 3909 1696 3973 officium
1726 3930 1784 3972 seu
1812 3908 2007 3994 dignitatem
2036 3906 2114 3993 eligi

460 4011 569 4074 valeat
597 4011 650 4076 vel
681 4010 835 4093 assumil,
870 4011 1217 4077 excommunicationis
1250 4011 1281 4076 in
1312 4011 1397 4092 illos,
1429 4011 1484 4096 qui
1515 4018 1629 4076 contra
1658 4011 1809 4090 iecerint,
1845 4011 2008 4076 sententia
2037 4032 2112 4098 pro-

461 4115 616 4199 mulgata.
667 4113 711 4178 Et
745 4117 822 4201 quia
855 4115 1009 4180 Enelinus
1044 4115 1084 4182 de
1114 4115 1283 4180 Roman0³
1316 4123 1469 4201 tanquam
1503 4116 1674 4180 menbrum
1707 4113 1831 4179 diaboli
1865 4120 1899 4179 et
1931 4113 2113 4200 iniquitatis

460 4219 630 4282 vasculum
659 4223 772 4282 contra
801 4220 975 4284 ecelesiam
999 4218 1040 4283 ad
1064 4220 1184 4305 prolati
1205 4220 1429 4305 persecutoris
1453 4219 1613 4304 obsequia
1636 4217 1891 4304 dampnabiliter
1913 4239 1949 4282 se
1972 4216 2114 4298 devovit,

461 4330 575 4386 eontra
590 4321 730 4386 eundem
746 4321 917 4387 Eeelinum
933 4330 966 4388 et
988 4324 1133 4388 fautores
1157 4325 1228 4388 eius
1252 4323 1350 4388 simili
1372 4321 1480 4404 modo,
1503 4328 1539 4386 ut
1561 4320 1740 4408 predictum
1764 4327 1824 4401 est,
1848 4319 2026 4406 procedere
2049 4341 2113 4384 non

461 4433 656 4513 postponas;
680 4433 794 4490 contra
816 4447 897 4511 quos
922 4448 1034 4490 omnes
1057 4428 1090 4490 in
1114 4427 1210 4492 terris
1235 4435 1290 4492 tue
1313 4425 1489 4512 legationis
1513 4446 1642 4490 crucem
1665 4425 1813 4512 predices
1837 4431 1870 4490 et
1884 4424 1988 4489 iacias
2003 4424 2111 4511 predi·

461 4531 537 4610 cari,
561 4530 650 4594 illam
673 4530 803 4616 signum
826 4530 932 4594 erucis
953 4529 1112 4595 adsersus
1135 4531 1302 4617 predictos
1324 4529 1570 4595 assumentibus
1594 4534 1802 4614 peecatorum
1825 4549 1956 4592 suorum
1972 4527 2112 4606 veniam,

461 4633 681 4720 protectiones
705 4641 738 4698 et
761 4633 934 4720 privilegia
957 4656 1188 4716 concessurus,
1216 4655 1279 4719 qne
1309 4633 1533 4699 conceduntur
1562 4633 1796 4718 crucesignatis
1825 4632 2114 4697 transfretantibus

461 4738 494 4802 in
519 4736 700 4802 subsidium
723 4736 824 4801 Terre
849 4736 1004 4802 Sancte&

569 4857 647 4921 Dat.
669 4855 832 4941 Lugduni,
848 4857 880 4922 V
900 4856 974 4922 Kal.
998 4857 1086 4940 Maii,
1110 4880 1195 4922 anno
1209 4858 1266 4924 V⁰.

570 4979 609 5044 In
644 4980 783 5044 eundern
817 4978 949 5044 modum
982 4978 1169 5066 G[regorio]
1204 4979 1245 5044 de
1279 4979 1489 5064 Montelongo
1524 4977 1724 5043 subdiacono
1760 4984 1794 5042 et
1828 4978 1955 5041 notario
1991 4983 2114 5057 nostru,

462 5084 643 5170 apostolice
668 5082 756 5148 sedis
779 5083 898 5169 legato.

570 5188 609 5251 In
643 5185 784 5252 eundem
817 5186 948 5250 modum
982 5184 1172 5275 R[aynerio]
1210 5187 1329 5252 Sancte
1363 5185 1468 5251 Maria
1502 5186 1536 5250 in
1570 5183 1738 5249 Cosmidin
1772 5184 1910 5249 diacono
1946 5182 2114 5263 cardinali,

464 5291 644 5377 apostolice
668 5289 755 5354 sedis
778 5290 919 5374 legato⁵.

566 5547 592 5614 l)
613 5546 765 5612 Ofin.509.
852 5543 1056 5612 bonnac.
1149 5545 1177 5611 3)
1197 5543 1235 5610 Os.
1253 5561 1280 5598 n.
1293 5551 1348 5600 542.
1436 5545 1463 5612 t)
1483 5544 1524 5612 Of.
1536 5564 1565 5614 p.
1579 5550 1637 5612 383,
1655 5548 1709 5598 not.
1723 5552 1745 5597 1.
1833 5545 1860 5610 b)
1881 5542 2115 5600 Fortassceadem

369 5655 370 5658 ¹
460 5648 508 5698 ep,
526 5633 637 5686 mutatis
653 5630 801 5697 mutandis,
829 5629 907 5683 etiam
926 5629 1006 5683 Petro
1025 5628 1119 5684 Sartcti
1140 5629 1246 5698 Georgii
1263 5631 1302 5684 ad
1318 5630 1412 5685 Vclnrn
1429 5631 1553 5686 Aureum
1571 5630 1685 5685 diacmw
1702 5627 1850 5699 araboli,
1875 5631 2032 5699 apostolicae
2049 5631 2116 5686 sodis

462 5719 546 5786 leqato
558 5733 608 5786 per
628 5718 786 5771 Temenion
803 5717 953 5785 wandalo,
970 5717 1130 5771 transmissa
1148 5722 1198 5785 cst,·
1213 5719 1248 5785 cs.
1263 5735 1292 5787 p.
1305 5725 1361 5780 383.
1380 5723 1436 5772 not.
1448 5725 1472 5772 2.

2166 4556 2191 4596 35

2166 5114 2192 5154 40

2166 5736 2191 5776 ⁴5
