4734 6334
849 381 1050 437 celerabat
1070 382 1264 441 SELEGTAE.
1301 389 1376 442 1249.
1876 397 1938 460 493

289 558 434 645 Ideoque
471 558 718 624 universitatem
749 565 892 623 vestram
924 579 1076 643 rogamus
1111 565 1144 622 ct
1177 559 1347 627 hortamur
1377 567 1518 645 attente,
1551 563 1746 652 mandantes
1782 567 1945 652 quatinus,

288 669 466 753 pensantes
492 662 626 749 provide
654 661 740 748 quod
768 661 854 726 idem
883 661 1058 726 cardinalis
1082 662 1182 726 Urbis
1210 663 1368 730 honorem
1398 668 1478 732 totis
1507 669 1595 754 eupit
1617 667 1789 734 affectibus
1813 676 1846 734 et
1868 692 1944 757 pro·

290 773 382 832 curat
405 765 543 832 sollicite
568 767 653 830 sicut
675 771 795 851 potest,
817 764 971 849 quodque
996 768 1046 830 sui
1069 766 1216 831 eiusdem
1234 767 1333 832 Urbis
1356 771 1533 837 utilitatem
1558 778 1592 836 et
1614 779 1734 836 statum
1750 793 1944 860 prosperum
2019 760 2023 767 ’

291 891 334 936 ex
357 869 454 934 eorde
478 869 626 933 zelantur
649 876 683 933 et
705 879 840 956 propter
863 868 924 932 hoo
947 890 1105 954 personas
1129 877 1162 934 et
1185 870 1272 935 bona
1295 893 1355 936 sua
1378 894 1544 959 exponere
1568 875 1701 940 minime
1721 874 1914 944 dubitarunt
1923 880 1945 959 ¹,

290 975 338 1039 sio
362 974 469 1060 ipsum
492 972 610 1038 devote
634 973 801 1058 suscipere
826 992 864 1036 ao
887 973 1109 1060 multipliciter
1132 973 1292 1040 honorare
1317 977 1449 1058 curatis,
1481 979 1653 1044 consilium
1677 979 1707 1043 ei
1731 985 1764 1043 et
1787 980 1943 1046 auxilium

289 1085 576 1164 quantumcunque
604 1074 790 1159 largiendo,
818 1074 905 1161 quod
930 1078 1126 1162 premissum
1149 1079 1316 1162 negotium
1340 1087 1450 1146 vestro
1475 1082 1630 1167 suffragio
1653 1081 1818 1148 mediante
1840 1085 1945 1169 poenit

289 1181 468 1248 efficaciter
488 1201 683 1269 promovere
707 1199 832 1264 nosque
848 1178 889 1243 de
907 1177 993 1243 bono
1009 1181 1235 1246 universorum
1254 1189 1288 1247 et
1303 1182 1504 1268 singulorum
1522 1184 1562 1250 de
1577 1183 1669 1250 Urbe
1686 1186 1757 1271 ipsa
1774 1193 1945 1253 teneamur

289 1284 491 1370 diligentius,
515 1283 594 1349 licet
615 1282 802 1348 adiectione
826 1280 997 1366 plenitudo
1020 1304 1085 1347 non
1109 1292 1215 1368 egeat,
1239 1285 1394 1370 cogitare.

397 1405 473 1469 Dat.
496 1410 534 1468 ut
556 1425 664 1490 snpra.

1095 1629 1137 1692 X.

392 1734 611 1829 Iaaocmua
632 1759 690 1823 IV
701 1779 794 1840 papo
813 1758 945 1846 P[ctro]
966 1761 1127 1828 cardinali
1149 1761 1248 1844 legato
1264 1765 1448 1844 potestatem
1469 1763 1605 1830 cmccdit
1626 1763 1836 1846 cmprepaadi
1856 1784 1944 1829 cam·

287 1866 383 1932 citum
404 1865 442 1930 dc
464 1863 567 1930 Itcslc'cs
588 1861 693 1928 media
713 1866 743 1926 et
763 1863 912 1928 intrandi
932 1884 1001 1928 eum
1023 1885 1057 1928 eo
1075 1885 1207 1948 imam
1228 1864 1368 1931 Siciliae.
1611 1867 1704 1943 1249,
1728 1867 1807 1947 Apr.
1825 1869 1854 1932 9.

392 1985 454 2039 Ian.
469 1983 517 2038 IV
533 1983 597 2051 aa.
617 1981 678 2036 Lib.
694 1981 741 2050 VI,
755 1983 777 2048 f.
793 1991 828 2052 71,
846 2000 903 2039 cur.
924 2001 952 2039 a.
965 1991 1003 2038 37.

391 2069 520 2136 Maca,
541 2068 603 2138 Rip.
618 2074 712 2133 carsa-
730 2071 830 2140 Rapa
846 2081 922 2128 scos.

378 2265 419 2339 P.
448 2267 610 2340 Sancti
640 2266 831 2359 Georgii
860 2267 1089 2344 advelum
1118 2269 1326 2342 Aureum
1356 2269 1568 2359 [diacono
1596 2268 1844 2356 cardinali,

789 2387 1055 2478 apostolice
1084 2387 1214 2461 sedis
1241 2387 1448 2481 legato]³.

395 2533 478 2600 Cum
502 2541 535 2600 te
559 2557 617 2622 pro
640 2537 773 2622 negotio
796 2536 889 2622 regni
912 2535 1040 2616 Sicilie,
1071 2534 1156 2621 quod
1187 2535 1411 2622 principaliter
1434 2536 1556 2602 insidet
1579 2535 1669 2602 cordi
1692 2541 1820 2616 nostro,
1852 2557 1940 2603 com·

287 2638 387 2703 misso
410 2639 471 2703 tibi
492 2640 590 2724 plene
613 2639 787 2726 legationis
811 2639 919 2704 officio
949 2638 1165 2718 destinemus,
1195 2637 1385 2704 discretioni
1414 2646 1485 2720 tue,
1516 2647 1552 2704 ut
1579 2639 1745 2704 efficacius
1773 2640 1940 2725 negotium

287 2742 392 2828 ipsum
416 2743 536 2827 exequi
558 2742 680 2820 valeas,
710 2742 933 2827 congregandi
957 2743 1138 2807 exereitum
1162 2740 1201 2806 de
1225 2741 1433 2808 Anconitana
1455 2741 1602 2806 marchia
1624 2748 1657 2806 et
1680 2741 1799 2806 ducatu
1824 2740 1940 2828 Spole·

287 2853 373 2926 tano,
401 2844 443 2911 de
466 2845 586 2910 Tuscia
607 2853 641 2910 et
663 2845 866 2910 Patrimonio
889 2846 975 2910 beati
1000 2846 1090 2910 Petri
1114 2847 1145 2909 in
1169 2845 1235 2926 illa,
1259 2866 1389 2911 necnon
1412 2845 1453 2910 de
1477 2845 1613 2912 Sabinia
1635 2851 1669 2909 et
1691 2844 1733 2910 de
1758 2843 1939 2931 Campania

206 2969 212 2984 ·
286 2955 319 3012 et
347 2949 389 3013 de
416 2947 596 3030 Maritima,
632 2957 666 3015 et
697 2950 839 3014 ducendi
867 2957 974 3014 tecum
1006 2948 1119 3016 illumi
1147 2970 1186 3014 ao
1216 2948 1419 3035 ingrediendi
1451 2970 1524 3015 eum
1553 2971 1593 3015 eo
1622 2950 1707 3014 idem
1739 2970 1874 3036 regnum
1907 2955 1941 3013 et

286 3052 543 3120 contradictores
566 3054 727 3139 quoslibet
751 3062 786 3119 et
808 3053 949 3120 rebelles
972 3053 1134 3138 spirituali
1158 3060 1191 3118 et
1206 3053 1376 3140 temporali
1392 3053 1596 3120 districtione
1613 3054 1834 3140 appellatione
1850 3059 1940 3139 post·

284 3143 394 3241 posite
423 3155 652 3242 compescendi
680 3158 809 3245 plenam
833 3163 867 3222 et
890 3156 1026 3221 liberam
1051 3155 1260 3221 concedimus
1284 3157 1480 3222 auctoritate
1503 3157 1704 3244 presentium
1727 3163 1938 3243 potestatem.

391 3275 468 3341 Dat.
490 3276 653 3362 Lugduni,
673 3276 704 3339 V
727 3275 776 3340 Id.
799 3275 933 3363 Aprilis,
957 3299 1045 3342 anno
1062 3277 1158 3344 VI⁰².

1050 3615 1059 3626 '
1083 3603 1143 3670 XI.

389 3701 609 3796 [armentius
631 3729 686 3796 IV
699 3751 790 3812 papa
819 3731 917 3798 adem
937 3737 1121 3818 potestatem
1149 3733 1285 3797 concedit
1304 3734 1458 3816 monadi
1473 3738 1626 3815 perpretata
1647 3733 1773 3800 clericos
1794 3735 1823 3796 ct
1845 3733 1941 3797 laicos

284 3835 375 3918 repsi
396 3833 527 3900 Siciliae
549 3833 638 3898 bonis
659 3835 735 3914 sais,
758 3836 815 3917 qrii
835 3837 899 3918 ipsi
920 3837 1118 3902 restiterint:
1610 3840 1703 3916 1249,
1725 3837 1806 3918 Ape.
1824 3839 1852 3901 9.

388 3955 452 4009 Im.
464 3953 514 4007 IV
529 3953 594 4024 ch.
614 3953 673 4008 Icib.
693 3953 740 4024 VI,
755 3955 775 4022 j.
789 3963 826 4024 71,
843 3971 901 4012 erar.
918 3974 947 4012 n.
959 3963 1000 4011 38.

390 4039 520 4108 Poetae,
539 4038 601 4107 Ray.
616 4045 696 4094 13281
700 4058 710 4106 ;
728 4039 827 4108 Beroea·
841 4047 914 4096 4699.

1030 4151 1200 4226 Eidem.

394 4298 477 4365 Cum
500 4308 533 4367 te
557 4321 615 4388 pro
639 4301 772 4386 negotio
792 4308 855 4366 etc.
878 4307 915 4366 ut
931 4322 1028 4387 supra
1044 4322 1162 4387 usque:
1188 4300 1401 4378 destinemus,
1425 4300 1613 4367 discretioni
1628 4305 1695 4381 tue,
1718 4306 1755 4365 ut
1770 4299 1939 4366 eflioaeius

287 4405 454 4493 negotium
482 4406 587 4491 ipsum
617 4406 735 4491 exequi
758 4406 887 4484 valeas,
916 4405 1064 4492 privandi
1092 4412 1252 4492 perpetuo
1283 4413 1349 4470 tam
1380 4405 1518 4470 clericos
1541 4405 1633 4469 bonis
1657 4405 1807 4469 omnibus
1830 4405 1937 4469 eccle-

284 4509 426 4576 siastieis
456 4514 491 4574 et
519 4507 691 4574 mundanis
720 4529 816 4595 quam
848 4511 950 4576 laicos
979 4508 1125 4574 eiusdem
1157 4511 1248 4594 regni
1279 4509 1404 4574 cunctis
1435 4508 1612 4573 mobilibus
1646 4529 1683 4573 ac
1716 4507 1937 4578 inmobilibus.

284 4612 568 4701 patrimonialibus
598 4621 632 4677 et
661 4613 748 4694 aliis,
781 4614 876 4680 bonis
908 4615 991 4693 suis,
1023 4614 1077 4699 qni
1104 4613 1164 4678 tibi
1191 4613 1373 4677 restiterint
1395 4613 1446 4676 rel
1471 4633 1506 4675 se
1531 4611 1743 4698 opposuerint
1765 4611 1797 4676 in
1821 4610 1938 4677 eodem

284 4717 415 4804 negotio
449 4723 506 4782 ant
540 4715 810 4803 impedimentum
844 4718 1062 4804 prostiterint,
1104 4723 1137 4782 et
1175 4715 1432 4780 contradictores
1473 4735 1572 4801 super
1612 4715 1674 4778 hiis
1707 4715 1871 4800 quoslibet
1906 4721 1939 4777 et

284 4819 427 4885 rebelles
450 4826 513 4886 ete.
536 4827 573 4884 ut
596 4821 726 4906 supra³.

388 5118 413 5180 ⁸)
432 5115 521 5168 Eidem
540 5115 586 5176 R.,·
603 5115 729 5168 anteeedit
745 5133 771 5166 a.
785 5113 861 5166 XIX.
967 5113 991 5180 b)
1010 5115 1074 5167 illud
1092 5115 1124 5167 Jc.

389 5267 416 5336 1)
436 5267 534 5322 Pctmcs
549 5266 778 5336 panticapaeo
795 5271 860 5321 crat
941 5267 969 5336 ¹2)
988 5266 1061 5322 Nota
1078 5266 1194 5322 chronol.
1209 5266 1357 5335 perscripto
1373 5271 1398 5320 et
1414 5267 1470 5320 sola
1488 5265 1582 5334 legatio
1599 5265 1630 5317 ia
1648 5279 1726 5332 rapae
1743 5264 1816 5317 inter
1833 5279 1860 5317 se
1877 5279 1938 5318 coa·

281 5358 394 5420 gruem.
424 5354 540 5422 Inacper
553 5353 652 5408 Petrus
662 5358 747 5407 rector
759 5358 892 5406 terrarum
901 5353 1061 5422 gulrimmrii
1077 5353 1194 5406 eeclesiae
1210 5355 1265 5406 iam
1281 5353 1365 5418 samse
1384 5351 1500 5420 cidarim·
1516 5353 1586 5418 σίου.
1601 5350 1655 5403 ΙΙΙ.
1670 5381 1700 5388 -
1721 5349 1795 5402 Idem
1814 5349 1939 5418 epistolae

282 5441 399 5507 aqaeut
416 5441 545 5496 warmic,
626 5441 654 5507 3)
673 5437 716 5492 De
733 5443 797 5492 crota
814 5438 929 5492 monol.
947 5441 977 5505 cs.
996 5455 1024 5495 η.
1039 5439 1076 5494 X.
1090 5469 1121 5478 -
1142 5440 1199 5492 Sub
1211 5442 1277 5508 Apr.
1293 5445 1309 5490 8
1324 5455 1399 5506 pupas
1411 5438 1562 5490 Ilercricum
1579 5435 1613 5489 de
1626 5435 1747 5489 (bruenio
1764 5436 1872 5487 electam
1888 5435 1937 5488 Ta-

282 5527 417 5580 rentinum
435 5525 655 5596 arcts'cpiaeopmm
673 5525 890 5592 camaraci-erat:
909 5525 1039 5595 Poltlmst,
1060 5526 1234 5594 Rep.1srm;
1249 5542 1317 5594 quase
1335 5541 1372 5594 ep.
1390 5525 1421 5578 in
1441 5523 1505 5591 Rea.
1522 5537 1575 5574 crore
1595 5525 1670 5574 eatcrt
