4328 6232
753 341 801 397 EX
819 341 1038 398 INNOCENTII
1055 341 1095 397 IV
1113 340 1295 398 REGISTRO

303 704 522 798 [tumn
536 731 594 797 ιν
607 751 697 812 papa
718 731 756 797 n
771 731 935 796 nannum
958 736 988 796 u
1005 732 1047 795 u
1063 730 1254 813 unusqu
1274 730 1440 797 unctus
1461 735 1490 795 u
1505 731 1613 812 nnn
1634 729 1673 793 n
1687 729 1855 796 mittem

199 837 345 915 mundat,
371 841 407 899 nt
428 837 465 900 do
486 837 552 901 nitu
574 839 604 899 et
624 836 745 901 aseritis
765 835 961 920 [Aldriqeti]
982 835 1117 919 episcopi
1141 834 1322 899 Tridentini
1343 838 1373 898 et
1394 853 1489 919 asper
1509 855 1557 912 eo,
1584 833 1668 915 qnod
1688 833 1856 899 Fridcrioo

201 940 359 1022 qrtondum
379 940 564 1020 imperatori
582 942 653 1020 post
673 939 772 1004 butum
787 939 823 1003 in
838 938 968 1002 condens
982 939 1312 1003 excommunicationis
1324 939 1509 1003 smtontium
1520 937 1650 1024 sumsit,
1672 937 1858 1019 dstiqentins

199 1045 361 1110 ueritatem
381 1045 559 1125 inquirant.
859 1084 861 1088 »
1499 1043 1593 1119 1246,
1615 1042 1698 1123 Aps.
1713 1042 1770 1106 27.

303 1145 370 1199 Inn.
383 1145 433 1199 IV
448 1144 511 1213 Req.
531 1145 584 1199 Vet.
597 1145 623 1212 1,
640 1152 701 1208 tot,-
719 1143 779 1199 Lo.
792 1143 854 1212 ΙΙΙ,
873 1150 929 1199 469.
1120 1142 1122 1146 ”
1558 1164 1560 1168 ·

305 1232 483 1299 Reperiam.

427 1431 466 1449 ..
494 1375 549 1449 de
576 1375 814 1450 Kaisham¹
843 1381 888 1449 et
915 1431 953 1450 ..
982 1375 1038 1450 de
1058 1374 1352 1470 Wihilingin²
1381 1375 1636 1451 abbatibus

267 1500 312 1568 et
341 1552 380 1570 ..
408 1495 559 1587 priori
586 1496 640 1570 de
666 1496 890 1571 Kaisham
917 1496 1261 1571 cisterciensis
1288 1502 1332 1573 et
1359 1496 1513 1572 sancti
1539 1494 1794 1570 Benedicti

358 1618 575 1691 ordinum
602 1618 924 1711 Augustensis
951 1623 996 1693 et
1023 1617 1418 1693 Constantiensis
1444 1617 1701 1692 diocesum.

309 1748 405 1814 Licet
439 1749 589 1814 omnibus
625 1756 659 1815 et
694 1751 837 1816 maxime
871 1752 1034 1840 episcopis
1064 1759 1220 1839 tanquam
1248 1751 1371 1818 vocatu
1402 1753 1435 1817 in
1466 1757 1593 1837 partem
1625 1750 1858 1817 sollicitudinis
1908 1776 1932 1814 to

202 1852 342 1933 deferre,
366 1859 522 1938 quantum
547 1875 620 1917 cum
643 1853 717 1920 Deo
740 1875 924 1941 possumus,
953 1876 1184 1943 proponamus,
1208 1878 1281 1921 curn
1305 1863 1416 1922 tamen
1438 1855 1480 1920 de
1504 1854 1584 1942 ipsis
1606 1853 1663 1919 illa
1686 1854 1860 1930 sentimus,

202 1977 265 2042 que
288 1956 396 2022 divine
420 1957 590 2023 offendunt
612 1958 723 2023 oculos
747 1960 928 2025 maiestatis
952 1966 986 2025 et
1009 1962 1084 2027 aliis
1100 1968 1177 2026 sunt
1191 1960 1384 2047 perditionis
1404 1958 1603 2046 exemplum,
1626 1957 1860 2022 sollicitudinis

201 2066 311 2124 nostre
335 2061 498 2127 interesse
522 2061 711 2143 dinoscitur,
734 2069 770 2127 ut
793 2085 894 2150 super
917 2063 979 2129 hoo
1003 2063 1084 2129 illud
1107 2085 1312 2153 apponamus
1336 2062 1527 2144 remedium,
1550 2061 1637 2149 quod
1659 2063 1694 2126 in
1717 2060 1860 2126 Domino

203 2164 366 2229 credimus
389 2172 595 2251 oportunum.
634 2166 716 2231 Cum
740 2167 838 2252 igitur
861 2166 902 2232 de
926 2166 1109 2255 nephandis
1131 2167 1258 2234 actibus
1283 2216 1316 2233 ..
1339 2166 1522 2233 Tridentini
1546 2166 1694 2254 episcopi
1717 2163 1858 2252 quedam

202 2268 266 2332 sint
288 2267 383 2333 uobis
407 2269 572 2334 insinuata
591 2271 734 2350 sinistra,
758 2291 822 2357 que
839 2293 911 2336 curn
924 2271 998 2336 Deo
1015 2279 1050 2337 et
1064 2272 1237 2338 honestate
1252 2276 1363 2337 nostra
1378 2270 1584 2336 dissimulare
1599 2289 1667 2361 non
1681 2288 1858 2357 possumus
1910 2291 1933 2329 u

203 2391 263 2436 nee
286 2371 455 2454 debemus,
478 2395 550 2452 nos,
563 2368 724 2439 'volentes
747 2394 846 2460 super
868 2374 928 2439 hoc
952 2397 996 2440 ex
1018 2382 1130 2441 nostro
1148 2375 1256 2441 officio
1272 2373 1458 2461 providere,
1482 2373 1682 2454 mandamus,
1705 2373 1860 2458 quatinus

203 2474 245 2540 de
274 2476 343 2542 vita
372 2483 406 2542 et
437 2477 562 2543 meritis
591 2477 695 2563 ipsius
724 2484 758 2542 et
789 2498 889 2564 super
917 2499 972 2557 eo,
1006 2478 1093 2565 quod
1123 2477 1209 2545 idern
1240 2478 1327 2544 bona
1349 2476 1541 2543 Tridentino
1573 2476 1715 2542 ecclesie
1747 2476 1861 2541 illicite

204 2579 369 2645 alienasse
391 2580 511 2644 dicitur
533 2587 567 2646 et
582 2579 619 2644 F.
637 2579 800 2665 quondam
825 2582 1024 2668 imperatori,
1048 2590 1221 2670 postquam
1241 2582 1303 2647 tuit
1318 2581 1667 2648 excommunicationis
1682 2578 1859 2645 innodatus

1918 1156 1929 1193 l

206 2684 379 2762 sententia,
408 2685 591 2771 prestitisse
614 2685 799 2764 consilium,
827 2687 985 2752 auxilium
1008 2695 1041 2752 ct
1064 2686 1243 2768 favorem⁸,
1266 2686 1441 2772 inquiratis
1464 2684 1655 2772 diligentius
1676 2683 1860 2764 veritatem,

206 2792 241 2851 et
268 2808 332 2873 quc
360 2788 549 2852 inveneritis
573 2788 713 2854 fideliter
736 2789 868 2855 redacta
890 2791 924 2855 in
947 2790 1078 2878 scriptis
1101 2791 1197 2856 nobis
1221 2790 1282 2856 sub
1307 2791 1424 2877 sigillis
1446 2789 1565 2855 vestris
1589 2789 1778 2877 quantotius
1800 2807 1861 2875 por
1911 2812 1936 2851 so

205 2889 334 2956 fidelem
373 2893 521 2956 nuntium
557 2895 803 2975 transmittatis,
839 2894 1029 2981 prefigendo
1066 2894 1175 2960 eidem
1210 2895 1366 2981 episcopo
1397 2894 1572 2959 terminum
1603 2893 1863 2980 peremptorium

205 3000 457 3080 competentem,
480 3017 544 3081 quo
568 3004 680 3064 nostro
704 3019 740 3062 se
764 2999 956 3085 conspectui
978 3004 1172 3084 recepturus
1188 3020 1248 3086 pro
1265 2999 1391 3063 meritis
1407 2997 1625 3085 personaliter
1640 3001 1861 3083 representet,

205 3097 403 3165 alienatione
419 3098 578 3165 bonorum
595 3100 733 3165 ecclesie
748 3100 939 3167 Tridentino
956 3102 1105 3189 predicto
1124 3103 1288 3191 episcopo,
1305 3123 1379 3167 cum
1394 3100 1555 3167 habeatur
1570 3100 1612 3166 de
1625 3099 1864 3188 dilapidatione
1909 3118 1918 3128 ³

206 3207 396 3288 suspectus,
426 3204 556 3269 interim
585 3203 770 3271 interdicta.
816 3203 961 3279 Quodsi
989 3205 1093 3270 dictus
1124 3207 1312 3294 opiscopus,
1344 3227 1410 3272 non
1441 3212 1616 3292 expectato
1639 3202 1863 3291 inquisitionis

206 3304 375 3386 incendio,
406 3306 546 3393 elegerit
577 3307 710 3388 cedere,
742 3309 857 3375 volens
887 3309 1003 3374 honori
1033 3330 1091 3375 suo
1123 3310 1296 3376 consulere
1319 3333 1358 3376 ac
1380 3310 1497 3392 saluti,
1529 3309 1726 3375 auctoritate
1750 3313 1865 3372 nostra
1914 3329 1939 3369 n

207 3408 388 3473 cessionem
411 3410 576 3496 recipiatis
599 3410 759 3493 eiusdem,
783 3412 1004 3498 provisionem
1027 3413 1173 3499 predicte
1197 3415 1340 3481 ecclesie
1357 3413 1430 3481 sedi
1446 3413 1627 3500 apostolice
1642 3415 1864 3478 reservantes.

206 3510 277 3577 Nos
307 3513 395 3577 enim
426 3512 634 3579 decernimus
665 3515 791 3580 irritum
823 3522 857 3579 et
883 3517 996 3599 inane,
1027 3518 1056 3581 si
1078 3538 1176 3604 snper
1198 3518 1387 3606 provisione
1410 3518 1515 3605 ipsius
1538 3515 1682 3581 ecclesio
1705 3534 1767 3601 per
1789 3533 1864 3601 prs·

208 3616 429 3701 sumptionem
456 3617 635 3705 cuiuspiam
663 3619 787 3705 absque
816 3621 952 3706 speciali
975 3621 1129 3686 mandato
1151 3629 1262 3688 nostro
1286 3620 1409 3707 aliquid
1432 3621 1639 3705 contingeret
1661 3617 1865 3704 attemptari.

315 3735 392 3805 Dat.
415 3738 576 3824 Lugduni,
597 3739 629 3805 V
652 3739 727 3806 Kal.
751 3740 842 3822 Maii,
865 3762 952 3807 anno
975 3742 1039 3810 ΙΙΙ.

852 3975 860 3978 .
874 3972 999 3981 ..m-...-
1013 3976 1016 3978 -
1035 3975 1121 3982 .......—
1132 3976 1136 3980 -
1162 3975 1243 3982 -ῄ-

999 4182 1082 4256 180.

313 4272 532 4365 Innocentius
557 4298 614 4364 IV
637 4320 727 4385 popio
760 4302 898 4388 Alsonso
928 4303 1136 4387 primopenito
1167 4301 1389 4387 [Fordinnndi
1412 4299 1495 4387 111]
1526 4300 1611 4383 repis
1648 4296 1805 4365 metulae
1837 4299 1867 4359 et
1916 4328 1941 4367 u

209 4400 413 4484 Leqioncnsia
435 4405 606 4486 promittit,
632 4426 664 4470 sc
686 4408 716 4471 ei
736 4407 781 4471 ud
798 4407 1048 4490 prosequendum
1075 4409 1139 4485 ins,
1168 4405 1252 4488 qnod
1276 4427 1315 4470 oc
1335 4405 1494 4488 qnondam
1515 4403 1664 4469 Barsines
1685 4405 1787 4466 neutro
1807 4419 1867 4464 ant

208 4505 245 4568 in
266 4505 383 4571 dumo
405 4507 539 4572 Snooiue
561 4508 682 4587 tabem,
703 4511 826 4592 sonoris
847 4513 1007 4578 ancilium
1030 4512 1223 4595 torpitnrnm
1243 4529 1318 4577 csso.
1529 4509 1625 4585 1246,
1646 4504 1732 4570 Mas.
1747 4508 1780 4571 3.

315 4625 378 4681 Inn.
391 4626 439 4680 IV
454 4626 519 4696 Rop.
536 4627 593 4685 Vol.
610 4629 633 4698 Ι
652 4637 717 4698 2755
735 4630 795 4686 Lo.
810 4632 868 4700 ΙΙΙ,
886 4640 942 4688 sto.

315 4712 412 4781 Bauer
424 4720 495 4769 1816.

267 4873 421 4947 Nobili
448 4876 552 4949 viro
580 4874 779 4951 Alionso
806 4879 1129 4972 primogenito
1158 4876 1396 4953 carissimi
1423 4876 1469 4949 in
1495 4872 1684 4948 Christo
1711 4872 1808 4947 titii
1915 4912 1938 4952 a

416 4995 575 5068 nostri
602 4995 815 5074 illustris
841 5000 975 5093 regis
1002 4999 1215 5074 Castelle
1243 5002 1285 5072 et
1312 4994 1658 5089 nogionensis&

297 5125 358 5190 Tui
395 5125 527 5192 honoris
561 5136 739 5214 augmento
774 5130 872 5218 digne
904 5153 942 5196 ac
976 5133 1119 5198 libenter
1153 5131 1368 5209 intendimus,
1404 5151 1479 5194 curn
1510 5131 1701 5215 frequenter
1733 5127 1868 5192 famosis

210 5237 406 5314 agnoscatur
434 5231 578 5313 indiciis,
610 5232 697 5317 quod
726 5235 813 5300 circa
836 5236 990 5302 virtutum
1020 5258 1122 5324 opera
1152 5236 1293 5323 diligens
1321 5242 1355 5301 et
1386 5233 1506 5299 efficax
1536 5230 1790 5318 magnanimiter
1818 5231 1867 5294 in·

320 5372 432 5379 —-—-
581 5375 750 5382 --—-——
759 5377 884 5385 ᾖ.
895 5380 899 5386 ,
932 5381 962 5386 -
1465 5371 1764 5382 ...ι-*ο

316 5455 342 5521 ⁸)
360 5457 483 5524 muana
495 5456 528 5509 a.

217 5656 222 5668 .
316 5574 342 5639 1)
355 5573 498 5629 Kanate
514 5591 549 5629 aa·
565 5577 894 5645 annuntiassent.
968 5581 1169 5641 litinensis.
1184 5580 1254 5636 illas.
1333 5577 1655 5648 btbpiecopatnfltt,
1671 5570 1870 5633 &Vm
1915 5590 1942 5631 ο

210 5674 242 5712 ”¹
258 5659 336 5712 ΝΜ
352 5660 517 5728 ΜΝ
531 5662 635 5730 imit
652 5664 890 5735 notae-urerer,
907 5668 958 5724 te.
975 5674 1047 5724 3477.
