4328 6232
816 368 1017 426 calaronam
1036 370 1226 426 SELECTAE.
1262 372 1338 428 1243.
1888 380 1905 442 7

255 540 342 625 operi
365 541 574 622 necessariis,
599 543 815 608 consideratis
839 565 950 608 corum
975 544 1196 627 facultatibus,
1222 547 1432 633 imponendo,
1456 550 1526 613 sine
1549 550 1742 616 difficultate
1759 553 1906 637 qualibet

254 646 442 730 largiantur.
479 646 641 720 Quocirca
666 650 867 727 mandamus,
892 652 1046 736 quatinus
1071 654 1274 717 taxationem
1292 652 1430 718 candem
1447 654 1574 718 faciens
1590 655 1683 718 iuxta
1700 655 1906 741 prudentiam

256 749 311 813 tibi
334 749 478 836 desuper
500 752 691 818 attributam
715 761 748 818 et
771 753 896 818 habens
919 776 977 840 pre
1002 756 1105 820 oeulis
1130 758 1235 821 solum
1259 757 1453 836 Dominum,
1487 758 1688 822 nominatum
1714 758 1905 831 subsidium,

256 853 433 917 secundum
456 854 542 939 quod
566 877 586 919 a
607 863 640 920 te
664 863 812 920 taxatum
836 857 984 922 extiterit
1013 864 1045 922 et
1073 879 1284 945 expressum,
1316 860 1478 925 instanter
1508 861 1640 945 exigas,
1671 861 1796 926 faciens
1827 861 1906 926 illud

256 958 414 1041 assignari
437 956 497 1021 tibi
518 958 561 1022 ab
584 959 736 1024 omnibus
760 961 967 1045 supradictis.

361 1075 439 1142 Dat.
463 1075 628 1163 Anagnie,
651 1079 735 1144 Non.
758 1080 912 1166 Augusti,
937 1103 1023 1146 anno
1046 1083 1092 1149 1⁸.

1066 1504 1099 1575 7.

356 1592 549 1685 Articulis
566 1621 690 1685 nuntiis
711 1622 793 1686 aedis
814 1625 1000 1704 apostolicae
1022 1626 1067 1690 ad
1089 1627 1305 1707 illuseratcrcm
1320 1630 1452 1708 portati,
1475 1629 1531 1710 qai
1553 1629 1666 1710 quibus
1681 1629 1909 1694 conditionibus

259 1724 380 1788 aelata
396 1743 507 1804 pacem
529 1745 596 1788 cam
620 1745 654 1789 co
676 1725 847 1807 reformare
863 1733 984 1808 parata
1006 1731 1056 1808 sit,
1079 1730 1345 1795 circunscribant.

1285 1837 1378 1906 1243,
1400 1835 1494 1899 indeo
1515 1837 1632 1901 menas
1654 1838 1792 1919 Aupecati
1802 1839 1822 1900 ¹.

359 1947 423 1999 Ina.
437 1945 457 1998 Ι
460 1946 486 1998 V
501 1946 564 2015 Ray.
581 1947 677 2015 val,
698 1949 859 2018 13511it.1‚
877 1959 918 2006 84.
950 1951 1053 2005 Perter'e'
1070 1953 1206 2020 euerraplar
1223 1951 1314 2006 dorsuo
1331 1968 1393 2006 crem
1412 1953 1478 2022 Rep.
1496 1955 1609 2009 comedit
1627 1955 1658 2009 V.
1672 1955 1714 2009 01.
1728 1957 1762 2008 A.
1778 1955 1856 2008 Mau.

358 2033 493 2102 Potttast,
512 2033 683 2103 Rep.11118,·
701 2037 804 2105 Beeqer
816 2044 857 2092 84.

274 2213 357 2286 lsti
389 2219 499 2287 sunt
531 2215 738 2305 articuli,
775 2239 891 2309 quos
924 2224 1235 2311 portaverunt
1268 2218 1428 2292 nuntii
1463 2221 1590 2294 sedis
1623 2220 1891 2311 apostolice

865 2342 918 2414 ad
953 2341 1294 2433 imperatorem.

363 2468 554 2555 Proponant
578 2466 698 2550 nuntii,
727 2472 814 2557 quod
838 2472 987 2538 dominus
1011 2494 1097 2559 popa
1120 2478 1153 2536 et
1176 2471 1294 2537 fratres
1317 2473 1367 2535 sui
1391 2472 1592 2553 desiderant,
1624 2481 1780 2560 quantum
1805 2474 1837 2539 in
1861 2476 1908 2539 cis

213 2593 221 2626 :.
262 2578 317 2647 est,
340 2592 400 2658 per
423 2573 532 2637 omnia
556 2594 669 2659 pacem
694 2574 817 2641 habere
841 2597 915 2640 curn
939 2577 1085 2663 principe
1110 2582 1233 2639 etcum
1251 2574 1617 2656 omnibushominibus,
1640 2585 1674 2642 et
1696 2578 1800 2664 parati
1824 2585 1908 2653 sunt,

260 2681 411 2760 quantum
435 2676 467 2739 in
493 2677 541 2740 eis
565 2683 626 2752 est,
649 2699 764 2763 pacem
788 2679 867 2744 dare
892 2687 926 2745 et
948 2680 1218 2766 tranquillitatem
1242 2678 1305 2743 sibi
1329 2684 1362 2743 et
1385 2680 1538 2744 universo
1561 2681 1699 2756 mundo:
1729 2688 1763 2746 et
1784 2683 1908 2746 utinam

260 2777 315 2842 hoc
339 2779 478 2865 principi
500 2781 646 2866 placeat,
676 2783 730 2846 vel
757 2803 829 2846 earn
853 2805 917 2847 non
941 2783 1113 2870 impediat!
1159 2780 1244 2854 Quia
1267 2800 1421 2866 magnum
1446 2785 1674 2869 preambulum
1699 2792 1749 2849 ost
1772 2791 1805 2848 et
1828 2785 1909 2850 utile

260 2880 297 2945 ad
320 2888 495 2946 tractatum
518 2884 624 2968 pacis,
656 2885 684 2947 si
714 2887 930 2951 restituantur
959 2886 1076 2973 prelati
1101 2892 1134 2950 et
1157 2886 1268 2950 clerici
1292 2907 1407 2950 omnes
1431 2888 1566 2972 captivi,
1598 2909 1678 2974 quos
1702 2889 1843 2970 detinet,
1877 2898 1911 2955 et

260 3006 366 3050 omnes
390 2992 457 3050 tam
480 2987 591 3052 clerIci
614 3008 711 3073 quam
735 2989 819 3070 laici,
844 3011 926 3076 quos
943 2991 1030 3076 cepit
1045 2990 1078 3053 in
1094 2990 1209 3075 galeis,
1234 2995 1350 3074 rogant
1368 2996 1401 3054 et
1415 2989 1589 3076 perunum,
1613 2991 1697 3076 quod
1715 3014 1771 3057 eos
1788 2992 1911 3058 debeat

203 3135 210 3146 .
262 3090 448 3167 restituere,
481 3110 554 3154 cum
583 3090 645 3155 hoc
677 3091 782 3177 ipsum
806 3092 878 3179 ipse
904 3099 936 3156 et
959 3092 1062 3156 nuntii
1086 3093 1136 3156 sui
1159 3093 1368 3179 promiserint
1392 3100 1468 3158 ante
1492 3096 1731 3181 promotionem
1755 3102 1910 3160 nostram.

362 3193 448 3258 Item
480 3203 679 3280 proponant,
710 3195 797 3280 quod
826 3196 890 3282 ipsi
918 3196 1094 3282 pronubis
1119 3197 1223 3282 parati
1247 3202 1322 3260 sunt
1346 3196 1459 3261 audire
1484 3203 1517 3261 et
1539 3203 1682 3263 tractare
1706 3199 1747 3264 de
1771 3220 1853 3285 pace
1878 3206 1911 3263 et

260 3296 368 3362 audire
392 3296 661 3377 satisfactionem,
685 3317 782 3382 quam
805 3301 876 3364 vult
898 3300 1007 3365 facere
1031 3301 1196 3386 princeps,
1220 3300 1261 3364 de
1286 3301 1448 3378 omnibus,
1473 3321 1532 3387 pro
1550 3300 1667 3386 quibus
1685 3303 1910 3366 excommuni-

260 3407 348 3465 catus
372 3407 432 3466 est.

364 3505 450 3570 Item
474 3505 628 3583 offerant,
661 3506 748 3592 quod
780 3507 936 3588 ecclesia,
966 3507 992 3570 si
1016 3507 1048 3570 in
1072 3507 1180 3592 aliquo
1204 3513 1318 3570 contra
1340 3506 1488 3571 debitum
1511 3507 1588 3573 lesit
1611 3529 1702 3589 eum,
1736 3506 1822 3592 quod
1846 3529 1910 3572 non

201 3624 210 3647 ³
262 3609 371 3689 credit,
395 3615 508 3696 parata
532 3616 584 3675 cst
608 3612 773 3696 corrigere
798 3617 831 3675 et
853 3611 885 3673 in
910 3616 1030 3675 statum
1054 3611 1202 3676 debiturn
1221 3610 1414 3683 reformem
1439 3611 1515 3675 etsi
1533 3611 1800 3698 princepsdicat,
1825 3611 1911 3697 quod

260 3713 291 3776 io
313 3712 402 3777 nullo
425 3712 503 3777 lesit
526 3714 700 3779 ecclesiam
725 3720 839 3778 contra
862 3713 1032 3793 iustitiam,
1065 3715 1117 3778 vel
1148 3714 1174 3777 si
1204 3712 1305 3792 dicat,
1341 3713 1427 3798 quod
1460 3735 1520 3778 nos
1544 3713 1678 3779 lesimus
1702 3734 1775 3778 eum
1800 3721 1912 3779 contra

261 3817 428 3898 iustitiam,
451 3819 559 3903 parati
583 3839 696 3883 sumus
719 3838 837 3882 vocare
860 3839 966 3902 reges,
991 3818 1136 3904 prelatos
1161 3823 1194 3882 et
1216 3816 1393 3903 principes,
1417 3822 1483 3880 tam
1506 3816 1672 3882 seculares
1689 3837 1785 3902 quam
1803 3819 1910 3883 eccle·

261 3920 423 3999 siasticos,
447 3921 488 3985 sd
511 3922 651 4008 aliquem
676 3927 782 3986 tutum
806 3922 925 4002 locum,
958 3926 994 3984 ut
1017 3941 1076 4006 per
1099 3942 1134 3985 se
1158 3920 1211 3984 vel
1234 3920 1421 4005 solempnes
1444 3920 1575 3984 nuntios
1600 3919 1677 3984 illuc
1702 3921 1852 4001 veniant,
1878 3927 1911 3986 et

262 4024 300 4090 de
323 4024 461 4089 consilio
484 4025 612 4089 concilii
635 4032 752 4112 parata
774 4030 823 4089 est
846 4024 1036 4089 satisfacere
1060 4023 1216 4110 principi,
1246 4023 1273 4085 si
1297 4022 1328 4086 in
1353 4023 1462 4108 aliquo
1486 4043 1560 4086 eum
1584 4023 1676 4103 lesit,
1700 4029 1734 4087 ot
1756 4044 1910 4087 revocare

263 4129 470 4198 sententiam,
500 4128 528 4192 si
553 4149 649 4214 quarn
672 4129 794 4194 iniuste
819 4134 931 4192 contra
954 4148 1028 4192 eum
1051 4128 1143 4207 tulit,
1175 4133 1305 4191 etcum
1330 4127 1415 4190 omni
1442 4124 1693 4205 mansuetudine
1723 4132 1757 4191 et
1783 4126 1910 4191 miscri-

261 4232 378 4311 cordia‚
403 4238 560 4318 quantum
577 4254 650 4296 cum
668 4231 742 4297 Deo
760 4232 932 4296 ethonore
957 4230 1097 4296 ecclesie
1120 4230 1191 4295 fieri
1214 4235 1332 4315 potest,
1355 4230 1502 4315 recipere
1527 4229 1567 4293 ab
1591 4251 1630 4294 eo
1655 4229 1910 4295 satisfactionem

261 4334 299 4400 de
323 4336 448 4400 iniuriis
472 4343 505 4401 et
528 4336 671 4418 offensis,
697 4336 814 4401 sibiet
838 4336 906 4399 suis
930 4334 1092 4419 irrogatis.

366 4438 451 4504 Item
474 4439 537 4504 hoc
559 4446 670 4504 autem
694 4440 779 4504 sciat
802 4440 969 4526 princeps,
1001 4437 1087 4522 quod
1114 4457 1227 4500 ornnes
1257 4437 1378 4500 amicos
1403 4443 1436 4501 ct
1459 4437 1657 4502 adherentes
1680 4438 1818 4503 ecclesie
1843 4439 1912 4501 vult

263 4544 401 4608 ecclesia
427 4543 461 4607 in
492 4565 573 4629 paee
597 4565 718 4630 ponere
742 4564 780 4607 ac
811 4544 909 4630 plena
939 4542 1113 4608 securitate
1143 4540 1305 4626 gaudere,
1337 4541 1421 4626 quod
1450 4561 1615 4626 nunquam
1648 4541 1710 4604 hac
1738 4542 1911 4605 occasione

264 4647 382 4733 possit⁰
405 4647 516 4712 subire
540 4647 671 4733 aliquod
694 4647 879 4711 discrimen.

361 4872 386 4938 ⁸)
405 4875 463 4924 Dat.
482 4879 512 4922 ut
529 4889 606 4939 supra
619 4872 652 4924 a.
739 4871 764 4935 b)
783 4873 829 4934 R.,·
846 4879 938 4940 rogent
954 4880 980 4924 et
997 4879 1087 4939 petant
1099 4871 1183 4939 Rapa.
1201 4873 1270 4934 §rt
1358 4870 1381 4934 ⁰)
1395 4871 1443 4930 a.,·
1460 4871 1559 4938 possint
1570 4870 1656 4937 Ilaya.

363 4992 390 5059 1)
409 4989 517 5057 Nurrlii,
535 4989 582 5057 qui
598 4991 647 5045 lica
664 4990 793 5044 articulos
809 4990 847 5043 acl
865 4991 1051 5058 capernaum
1064 4995 1249 5057 portaraunt,
1270 4989 1369 5042 Petrus
1387 4987 1602 5056 mrlriepiscqras
1617 4986 1823 5055 Rotmrmpeuois,
1847 4985 1912 5038 Wil-

264 5076 357 5130 lalruus
375 5076 516 5144 episcopm
533 5075 669 5145 quondam
682 5075 849 5131 Mutinensis
865 5083 889 5130 c
905 5076 1063 5130 Willselmaa
1081 5075 1161 5129 abdas
1173 5074 1268 5128 Sancti
1279 5073 1418 5142 Facundi,
1436 5080 1624 5128 catenensem
1636 5075 1789 5142 Aseqrrstraa
1795 5070 1914 5139 prosecu'

265 5177 315 5215 esse
333 5163 377 5215 rix
394 5168 521 5230 maaet,
544 5178 602 5215 aeos
626 5162 764 5231 episcopus
784 5161 918 5230 quondam
938 5161 1105 5215 uincimus
1121 5161 1211 5214 adlice
1230 5160 1283 5213 Iul.
1297 5166 1329 5214 28
1347 5159 1422 5228 apud
1445 5159 1550 5213 carrucae
1572 5159 1655 5226 suerit
1673 5159 1718 5225 (cs.
1735 5157 1791 5211 Oct.
1806 5162 1848 5225 8),·
1871 5173 1914 5210 eoa

266 5254 348 5303 catera
362 5253 424 5319 post
441 5248 559 5303 mediam
575 5267 686 5304 ramam
703 5251 795 5304 nemeae
812 5266 865 5304 esse
879 5250 1018 5319 probabile
1036 5267 1093 5304 aon
1110 5255 1159 5317 est,
1184 5266 1245 5303 caea
1258 5264 1336 5317 papa
1353 5245 1449 5299 litteris
1470 5261 1561 5298 emata
1579 5245 1715 5314 Melplsiae
1736 5243 1841 5312 scriptis
1859 5243 1914 5296 iam

266 5334 561 5404 Asp26respondeett.
590 5336 628 5404 Cf.
642 5336 875 5403 Balomos-Mer,
895 5335 1315 5405 Rap.Irn12.V33?2bct3378a.
1377 5333 1405 5397 2)
1418 5330 1480 5386 Sea.
1492 5349 1567 5401 papa
1580 5335 1609 5386 et
1621 5331 1721 5385 fratres
1733 5329 1784 5384 sul.
1812 5328 1914 5383 Forma

267 5423 449 5489 calcedonem,
467 5439 537 5490 quare
554 5422 598 5476 liic
617 5424 719 5492 lepitar,
741 5424 831 5477 atinae
848 5423 989 5491 dilipeater
1006 5423 1152 5490 corapostta
1168 5426 1217 5488 est,
1241 5419 1395 5484 mentusca
1409 5435 1488 5486 papa
1504 5418 1560 5485 ipse
1577 5418 1717 5485 laqueatam
1740 5433 1762 5468 r.
1781 5418 1913 5478 nostmm,

268 5508 342 5561 nobis
358 5515 402 5562 etc.
440 5506 583 5576 Suoptcari
601 5509 669 5577 licet,
693 5510 781 5576 ipsam
798 5525 857 5562 eam
874 5510 944 5562 lurae
961 5509 1077 5574 sosarmus
1094 5524 1230 5575 marasse,
1250 5507 1340 5575 iclqae,
1364 5511 1395 5558 at
1413 5505 1454 5557 ita
1471 5504 1606 5571 dicamus,
1628 5503 1678 5556 aab
1690 5517 1810 5571 peruersa
1827 5502 1913 5568 tertia,

270 5610 375 5663 camare
387 5608 534 5661 personant
546 5593 664 5663 priosum
681 5594 820 5648 armentalia
837 5595 909 5664 locis,
928 5598 959 5647 ut
976 5592 1080 5647 maures
1097 5594 1255 5661 loqueretar,
1274 5590 1464 5657 irremissius,
1483 5594 1506 5644 et
1523 5589 1655 5657 exemplar
1672 5588 1841 5657 chestoram
1858 5604 1915 5641 aon

201 5688 226 5731 aa
271 5692 303 5733 aa
317 5676 479 5749 cumb,
494 5676 569 5749 Μ
584 5681 741 5736 accuratim
758 5681 909 5747 muscetum
923 5684 1061 5748 masas,
1079 5678 1125 5732 sat
1142 5694 1176 5733 ea
1191 5678 1233 5731 lu's
1250 5676 1345 5731 litteras
1362 5677 1462 5730 adda
1479 5676 1673 5744 transmutata
1689 5689 1748 5727 essa
