4784 6334
225 5525 252 5565 40

860 432 1061 492 EPISTOLAE
1080 437 1273 494 subuertit.
1311 439 1385 494 1248.

1082 737 1169 812 567.

401 821 620 916 Innocentius
642 853 665 918 Ι
671 854 699 917 V
712 877 802 939 propo
823 857 920 922 eidem
941 859 1082 938 nsandnt,
1105 864 1270 926 utcontra
1291 883 1349 941 coc,
1373 865 1429 945 qni
1450 865 1486 928 in
1508 863 1632 928 cioibrte
1653 867 1828 932 Accononei
1848 868 1952 934 derisos

298 971 374 1018 snus
396 955 609 1020 meretricibus
632 957 739 1037 locent,
756 959 914 1042 procedet.
968 1021 981 1028 -
1594 971 1687 1048 1248,
1710 969 1794 1034 Mai.
1810 972 1863 1039 25.

401 1073 467 1126 Inn.
481 1074 529 1128 IV
546 1075 611 1146 Rip.
630 1075 723 1146 Votl,
742 1086 802 1144 coen
820 1079 880 1134 Inb.
897 1079 929 1149 V,
946 1097 1003 1137 cen.
1016 1090 1055 1138 co.

402 1159 500 1230 Beryer
517 1169 589 1218 4106.

1043 1281 1213 1357 Eidem.

408 1404 500 1482 (lum,
524 1407 609 1470 sicut
632 1409 830 1494 accepimus,
854 1412 996 1497 religiosi
1021 1415 1130 1480 etalii
1155 1415 1195 1482 de
1220 1417 1352 1482 civitate
1369 1417 1556 1482 Aeconensi
1580 1417 1694 1483 domos
1719 1443 1794 1484 suas
1811 1421 1950 1506 publicis

297 1508 525 1582 meretricibus
554 1511 663 1576 locare
694 1520 900 1597 presumant,
929 1523 1061 1604 propter
1091 1519 1177 1604 quod
1206 1520 1361 1584 scandala
1391 1521 1493 1584 multa
1523 1523 1719 1606 proveniunt
1749 1530 1783 1588 et
1805 1524 1952 1609 pericula

298 1611 488 1690 animarum,
518 1613 722 1694 mandamus,
750 1618 904 1702 quatinus
928 1621 1094 1706 predictos
1119 1628 1152 1688 et
1175 1624 1266 1702 alios,
1290 1624 1376 1709 quod
1401 1624 1441 1690 de
1466 1632 1577 1689 cetero
1601 1626 1642 1690 ab
1667 1626 1852 1692 huiusmodi
1876 1649 1950 1714 pre-

299 1715 484 1799 sumptione
507 1719 638 1782 omnino
662 1718 823 1786 desistant
846 1724 997 1810 quodque
1020 1725 1170 1811 predicte
1186 1727 1377 1792 meretrices
1395 1727 1467 1792 loca
1483 1729 1554 1813 ipsa
1570 1728 1746 1810 dimittant,
1771 1731 1950 1796 monitione

300 1819 462 1902 premissa
484 1819 687 1888 districtione
710 1845 774 1910 qua
797 1828 949 1891 convenit
971 1830 1191 1914 appellatione
1215 1837 1340 1896 remota
1364 1832 1553 1918 compellas.

406 1941 482 2008 Dat.
506 1949 543 2008 ut
567 1965 675 2031 supra.

921 2073 1332 2083 Ἢ

1081 2301 1168 2375 568.

403 2391 622 2484 Innocentius
650 2421 706 2485 IV
723 2444 814 2504 pcipe
840 2424 1050 2510 [Gnittebno]
1082 2425 1232 2508 nropistro
1265 2429 1294 2490 et
1327 2426 1491 2490 conventui
1523 2427 1656 2491 ncilitiue
1690 2427 1811 2508 Ternpli
1838 2427 1951 2492 Hiero-

297 2521 481 2602 solymitnni
501 2525 641 2601 mandat,
664 2529 699 2589 nt
721 2547 789 2590 cnm
812 2527 941 2608 qnidam
963 2528 1106 2592 cebitiose
1124 2532 1302 2608 procurent,
1325 2530 1463 2610 qnotitcr
1484 2550 1613 2612 reginem
1629 2529 1952 2612 Hierosotyrnitcnnm

298 2623 342 2687 acl
356 2645 469 2690 manns
481 2627 535 2711 F[
531 2626 678 2715 tioterici]
688 2630 845 2710 qnondam
860 2631 1059 2711 imperatoris
1073 2635 1102 2696 et
1117 2631 1293 2719 0[onredi]
1307 2633 1378 2697 neti
1393 2632 1461 2696 eins
1473 2633 1636 2713 percensire
1645 2633 1756 2713 possit,
1778 2633 1951 2697 dominium

298 2729 389 2810 repni
409 2729 612 2811 atiquatenus
633 2732 798 2797 imrnntori
819 2754 883 2798 non
901 2736 1099 2818 permittunt.
1593 2737 1688 2813 1248,
1710 2733 1796 2802 Mai.
1810 2737 1865 2802 25.

402 2848 464 2901 Inn.
484 2849 608 2920 1V1n9.
629 2850 683 2906 Vol.
702 2853 725 2922 I,
744 2861 806 2920 55&
824 2854 884 2908 Iob.
904 2855 933 2923 V,
953 2871 1010 2910 cnr.
1022 2864 1061 2911 57.

403 2935 531 3005 Ροιιιιαει,
549 2937 613 3008 Rq.
627 2946 722 3008 reeca·
739 2941 837 3010 Rapa
854 2950 926 2998 mor.

454 3135 669 3230 Magistro
698 3144 739 3213 et
764 3140 1009 3214 conventui
1037 3139 1197 3213 militie
1224 3139 1406 3231 Templi
1432 3140 1793 3214 lerosolimitani.

409 3283 507 3364 Cum,
543 3287 627 3352 sicut
658 3290 860 3376 accepimus,
895 3289 1026 3374 quidem
1062 3288 1102 3352 de
1136 3287 1285 3372 partibus
1317 3288 1449 3368 vestris,
1485 3295 1549 3353 tarn
1586 3290 1732 3374 religiosi
1759 3311 1856 3377 quarn
1885 3292 1951 3368 alii,

300 3384 457 3453 seditiose
487 3397 676 3474 procurent,
711 3393 851 3477 qualiter
884 3412 1021 3477 regnum
1048 3389 1342 3456 Ierosclimitanum
1372 3392 1477 3476 possit
1505 3391 1548 3456 ad
1580 3414 1697 3456 manus
1724 3392 1762 3459 F.
1786 3393 1949 3478 quondam

300 3489 508 3575 imperatoris
543 3499 576 3558 et
609 3493 644 3560 C.
680 3496 748 3559 neti
782 3495 853 3561 eius
886 3495 1090 3559 inimicorum
1126 3495 1266 3559 ecclesie
1305 3495 1490 3580 pervenire,
1530 3495 1774 3561 universitatem
1811 3503 1952 3561 vestram

300 3614 463 3676 rogamus,
491 3617 662 3662 monemus
686 3605 720 3663 et
742 3599 908 3663 hortamur
930 3603 1065 3678 attente,
1094 3596 1228 3661 firmiter
1251 3597 1460 3683 precipiendo
1482 3597 1677 3664 mandantes
1701 3601 1853 3684 quatinus
1876 3622 1952 3686 per-

300 3695 452 3761 sistentes
490 3698 522 3763 in
560 3700 735 3767 devotione
770 3701 914 3766 Romane
954 3701 1092 3766 ecclesie
1131 3701 1315 3765 constantia
1353 3701 1546 3768 inconcussa
1582 3723 1646 3766 non
1684 3703 1853 3768 inmutatis
1890 3725 1953 3769 uec

300 3807 456 3884 quantum
491 3803 524 3867 in
553 3804 646 3870 vobis
679 3811 730 3870 est
762 3804 804 3870 ab
833 3807 942 3892 aliquo
972 3804 1172 3891 permittatis
1200 3803 1304 3888 ipsius
1334 3804 1426 3888 regui
1459 3803 1638 3869 dominium
1668 3806 1873 3892 aliquatenus
1902 3806 1952 3870 in-

302 3907 432 3970 mutari.
475 3907 630 3994 Alioquin
661 3917 727 3973 tem
756 3931 813 3973 vos
845 3930 941 3994 quam
970 3909 1025 3972 alii
1055 3907 1252 3993 privilegiati
1284 3906 1325 3972 de
1358 3906 1506 3992 partibus
1535 3908 1615 3988 illis,
1651 3911 1705 3995 qui
1737 3917 1848 3975 contra
1877 3931 1952 3995 pre-

301 4011 512 4094 sumpserint,
552 4017 705 4096 poterunt
742 4013 857 4077 merito
897 4011 1085 4090 formidare,
1126 4009 1213 4096 quod
1251 4009 1402 4075 omnibus
1441 4011 1638 4097 privilegiis,
1679 4012 1886 4079 libertatibus
1921 4020 1954 4078 et

299 4113 547 4180 inmunitatibus
569 4115 661 4180 vobis
686 4123 720 4180 et
742 4117 790 4180 eis
812 4115 853 4181 ab
876 4115 1057 4200 apostolica
1080 4113 1158 4179 sede
1182 4113 1348 4180 concessis
1370 4114 1404 4177 in
1427 4119 1621 4201 perpetuum
1644 4117 1869 4203 privabuntur.

408 4233 484 4300 Dat.
509 4241 677 4321 utsupra.

409 4351 447 4418 ln
470 4356 610 4422 eundem
633 4357 763 4422 modum
784 4406 791 4421 .
811 4408 817 4421 .
835 4354 1065 4440 vicomagistro
1090 4361 1123 4420 et
1146 4356 1320 4420 conventui
1342 4356 1458 4421 domus
1483 4355 1665 4444 Hospitalis
1688 4357 1952 4422 lerosolimitani.

409 4456 448 4521 In
464 4459 602 4525 eundem
620 4460 750 4525 modum
767 4461 979 4545 ..magistro¹
999 4465 1032 4523 et
1047 4458 1221 4524 conventui
1232 4458 1404 4544 hospitalis
1422 4465 1534 4525 sancte
1547 4460 1651 4525 Maria
1664 4460 1953 4525 Theutcnicorum.

409 4560 447 4625 In
478 4563 618 4629 eundem
647 4563 778 4628 modum
808 4562 1066 4649 archiepiscopis
1094 4567 1128 4625 et
1156 4562 1319 4646 episcopis
1350 4583 1389 4626 ac
1416 4562 1607 4644 abbatibus,
1640 4563 1818 4649 prioribus,
1848 4562 1954 4627 archi-

302 4662 445 4728 diaconis
469 4670 502 4730 et
523 4667 596 4731 aliis
620 4668 833 4732 ecclesiarum
856 4665 992 4752 prelatis
1015 4687 1073 4750 per
1096 4685 1231 4750 reguum
1254 4664 1551 4739 lerosolimitanum
1575 4666 1771 4731 constitutis.

411 4768 450 4832 In
473 4769 615 4835 eundem
638 4770 770 4835 modurn
793 4767 955 4834 universis
977 4768 1155 4834 baronibus
1179 4773 1212 4833 et
1236 4767 1394 4832 militibus
1418 4769 1511 4852 regui
1535 4768 1799 4835 lerosclimitaui.

410 4873 449 4937 In
472 4875 611 4940 eundem
634 4875 766 4940 modum
789 4874 976 4940 consulibus
1000 4877 1034 4938 et
1057 4872 1280 4937 communitati
1296 4871 1508 4937 Ianuensium
1525 4873 1558 4937 in
1574 4893 1676 4958 reguo
1692 4869 1954 4937 lerosolimitano

304 4981 589 5046 commorantibus.

410 5081 449 5146 Iu
473 5083 612 5150 eundern
635 5083 767 5148 modum
792 5082 980 5147 consulibus
1005 5086 1039 5146 et
1062 5079 1285 5144 communitati
1298 5077 1502 5144 Venetorum
1525 5080 1558 5144 in
1573 5101 1676 5165 regno
1691 5077 1954 5144 lerosolimitauo

303 5188 589 5255 commorantibus.

411 5290 450 5354 In
474 5292 614 5356 eundem
638 5291 770 5356 modum
794 5290 980 5356 consulibus
1005 5294 1038 5355 et
1061 5288 1285 5353 communitati
1300 5287 1495 5352 Pisandrum
1519 5287 1552 5351 in
1575 5308 1676 5373 reguo
1693 5285 1955 5350 lerosolimitauo

304 5395 590 5460 commorantibus.

412 5499 451 5563 In
476 5497 616 5564 eundern
639 5497 769 5563 modurn
793 5498 912 5584 populo
937 5497 1081 5562 civitatis
1105 5495 1321 5561 Aceoucusis.

407 5644 455 5650 ---·
477 5641 792 5648 -.—-—-..—————

409 5728 434 5791 1)
452 5721 570 5779 chrico
586 5721 617 5775 dc
634 5721 767 5777 Hontocb.

407 5821 473 5879 Rau.
492 5819 574 5874 Posr.
592 5817 628 5874 II.
