4328 6232
699 320 900 380 EPISTOLAE
918 321 1108 383 SELECTAE.
1145 324 1221 385 1245.

399 505 582 586 ¹Nobili
608 505 794 580 mulieri
822 506 1000 599 Sophie
1028 507 1217 581 ducisse
1245 507 1513 583 Brabanlie.

246 658 323 740 Rei,
347 679 444 745 quam
467 655 672 723 rectitudinis
696 657 804 742 rigore
827 658 944 720 muniri
969 657 1200 744 conspicimus,
1225 656 1322 742 digne
1345 658 1446 723 robur
1468 659 1649 726 addicimus
1666 669 1798 748 aposto·

143 765 202 829 lice
225 763 400 842 firmitatis,
423 767 460 826 ut
482 782 546 847 quo
570 759 684 825 lortius
708 759 848 847 duplicis
872 762 1073 826 munimento
1091 761 1339 826 sustentationis
1356 762 1534 843 innititur⁸,
1559 785 1608 844 eo,
1632 787 1673 829 ne
1691 766 1798 828 cuius-

143 889 237 953 quam
260 865 501 932 contrarietatis
525 864 618 929 obice
643 869 746 928 status
770 862 899 928 ledetur
921 864 1034 950 ipsius,
1068 864 1232 950 potentior
1254 863 1423 930 habeatur.
1470 865 1552 931 Cum
1576 869 1685 953 igitur,
1717 867 1799 931 sicut

97 1005 104 1037 2
144 977 300 1057 exparte
324 975 382 1034 tua
403 968 466 1032 luit
488 966 691 1053 propositum
716 987 824 1030 coram
849 965 954 1046 nobis,
979 965 1119 1032 dilectus
1143 967 1228 1031 filius
1253 967 1372 1032 nobilis
1396 970 1446 1034 vir
1460 969 1504 1034 H.
1521 970 1588 1035 dux
1608 970 1797 1051 Brobantie,

144 1075 187 1138 vir
216 1079 293 1138 tuus
304 1075 326 1149 ¹,
355 1071 497 1159 quedam
527 1079 650 1149 castra,
680 1069 923 1156 possessiones,
954 1069 1100 1135 redditus
1133 1091 1171 1134 ao
1202 1069 1267 1134 alio
1296 1070 1384 1136 bona
1415 1073 1473 1138 tibi
1505 1072 1637 1140 duxerit
1666 1074 1798 1139 nomine

144 1177 282 1243 dotalitii
308 1176 491 1242 liberaliter
521 1173 746 1254 concedenda,
775 1194 851 1253 nos,
885 1172 1068 1239 devotionis
1097 1181 1152 1239 tue
1176 1174 1328 1259 precibus
1352 1177 1514 1255 inclinati,
1546 1200 1586 1244 ea
1607 1178 1683 1258 tibi,
1716 1178 1801 1242 sicut

145 1284 223 1346 iuste
247 1279 398 1366 possides
422 1288 457 1346 et
479 1281 600 1367 quiete,
623 1279 818 1344 auctoritate
844 1279 1027 1362 apostolica
1051 1278 1281 1342 confirmamus
1306 1285 1340 1343 et
1362 1282 1525 1365 presentis
1550 1282 1663 1367 scripti
1685 1287 1797 1366 potro-

147 1389 226 1450 cinio
252 1385 501 1451 communimus.
546 1384 636 1448 Nulli
660 1406 738 1469 ergo
763 1389 826 1448 etc.
851 1389 962 1446 nostre
987 1383 1245 1447 confirmationis
1270 1389 1331 1446 oto.
1379 1382 1413 1447 Si
1438 1385 1511 1468 quis
1535 1391 1595 1449 etc.

251 1506 329 1572 Dat.
352 1504 517 1591 Lugduni,
540 1504 609 1568 1111
633 1504 717 1568 Non.
742 1504 840 1569 Febr.
864 1524 949 1566 anno
975 1503 1152 1569 secundos

943 2012 1004 2084 94.

250 2123 470 2218 Innocentius
488 2150 543 2215 IV
566 2171 653 2232 papa
675 2150 852 2236 [Sipcfrido
873 2150 952 2235 ΙΙΙ]
979 2150 1209 2234 archiepiscopo
1230 2151 1425 2233 Maprintino
1454 2153 1598 2232 incandet,
1627 2158 1662 2217 at
1683 2153 1803 2239 [Theo

147 2253 248 2317 dorico
272 2252 331 2338 11]
358 2253 449 2317 electo
470 2253 736 2337 Manrbrcrpcnsi,
764 2256 855 2318 cecitas
881 2255 1137 2335 metropolitanas
1165 2257 1448 2320 escomnmniratns
1473 2259 1530 2334 sit,
1562 2258 1803 2322 consumationis

148 2375 261 2420 manns
283 2354 452 2438 impendat.
1459 2361 1553 2439 1245,
1576 2361 1668 2429 Febr.
1685 2365 1715 2425 3.

249 2477 314 2531 aa.
327 2452 375 2531 ri
390 2477 452 2546 aa.
471 2476 526 2532 ru.
541 2478 565 2546 r,
584 2487 644 2545 aa·
663 2478 723 2534 aa.
738 2479 781 2546 Π,
799 2485 857 2533 aas.

89 2575 105 2613 a
250 2562 348 2632 Beryae
361 2572 429 2619 mir.

598 2745 637 2762 ..
666 2689 1030 2783 archiepiscopo
1064 2690 1353 2783 Magantino.

252 2839 461 2905 Presentium
493 2839 552 2903 tibi
583 2841 777 2904 auctoritate
809 2839 1019 2915 mandamus,
1057 2842 1209 2926 quatinus
1240 2842 1358 2908 dilecto
1389 2844 1454 2907 filio
1480 2893 1487 2907 .
1510 2891 1517 2907 .
1543 2844 1651 2908 electo
1680 2841 1803 2906 Nuem·

144 2942 300 3028 burgensi
310 2943 334 3023 ⁸,
368 2964 441 3007 cum
473 2944 545 3007 eius
575 2944 868 3029 metropolitanus⁴
892 2946 1022 3009 vinculo
1047 2946 1088 3009 sit
1112 2948 1461 3012 excommunicationis
1484 2949 1660 3025 astrictus,
1685 2967 1804 3010 munus

147 3045 403 3112 consecrationis
439 3045 640 3132 impendas⁵,
675 3047 765 3112 nullo
801 3069 861 3133 per
895 3047 956 3112 hoc
992 3049 1063 3112 eius
1099 3050 1350 3135 metropolitane
1384 3051 1523 3115 ecclesie
1559 3048 1737 3136 preiudicio
1774 3050 1806 3113 in

82 3180 101 3217 n
148 3157 316 3236 posterum
340 3148 540 3235 generando.

255 3270 333 3335 Dat.
356 3269 521 3356 Lugduni,
545 3270 597 3334 ΙΙΙ
622 3271 733 3337 Nonas
757 3268 941 3352 Februarii,
965 3291 1050 3335 anno
1075 3271 1121 3337 ΙΙ.

950 3782 1011 3854 95.

253 3890 472 3987 Innocentius
491 3917 547 3984 IV
563 3938 656 4000 papa
682 3938 752 3984 cnm
775 3921 922 3986 Arnoldo
943 3923 1091 3987 canonico
1112 3922 1255 3987 ecclesiia
1280 3921 1451 3985 Thenensis
1472 3917 1654 3984 Laodmnsm
1676 3919 1805 3984 diocesis

150 4023 270 4088 intnitn
290 4022 457 4107 mariae]
482 4023 610 4088 relictae
634 4021 757 4087 Ottonis
774 4023 828 4088 IV
848 4025 1061 4108 imperatoris,
1090 4027 1180 4090 enices
1207 4025 1362 4106 obsequiis
1389 4024 1532 4102 insistat,
1559 4023 1732 4104 dispensat,
1760 4026 1804 4098 nt,

151 4146 215 4191 non
242 4125 381 4190 obstante
409 4125 531 4211 Mean
558 4127 729 4205 nataliam,
756 4133 961 4212 personatum
988 4130 1036 4193 vel
1064 4131 1164 4194 otiam
1194 4130 1377 4211 dipnitatcm
1408 4127 1644 4193 ecclesiasticam
1671 4126 1806 4191 obtinere

87 4248 107 4288 n
152 4230 263 4296 mian
1464 4232 1558 4309 1245,
1581 4229 1673 4295 Febr.
1690 4233 1720 4295 4.

254 4330 317 4385 nn.
330 4329 379 4383 rr
394 4329 458 4400 aa.
476 4330 529 4386 ru.
544 4330 572 4400 r,
585 4341 646 4400 na·
664 4332 724 4388 aa.
738 4332 780 4401 rr,
799 4340 857 4387 ma.

255 4416 420 4486 nequas.

192 4596 400 4671 Arnoldo
429 4597 658 4671 canonico
687 4597 882 4672 ecclesie
910 4591 1222 4672 Thenensisbo
1251 4596 1523 4671 Leodiensis
1551 4595 1769 4670 diocesis

260 4746 314 4811 Ad
344 4753 400 4812 tua
430 4748 685 4812 conversationis
715 4754 749 4812 et
771 4750 836 4813 vite
869 4748 988 4814 merita
1010 4749 1096 4814 bone
1120 4749 1276 4813 memorie
1302 4798 1335 4814 ..
1358 4747 1573 4813 Penestrinus
1604 4746 1808 4832 episcopus⁷,

93 4874 113 4912 n
157 4857 231 4914 tuac
252 4850 384 4934 legatus
407 4847 496 4914 sedis
521 4851 712 4936 apostoliae,
745 4852 829 4916 siout
851 4851 1051 4938 accepimus,
1079 4851 1228 4916 habendo
1253 4858 1449 4938 respectum,
1479 4857 1598 4929 tecum,
1621 4854 1658 4913 ut
1682 4887 1720 4895 —
1745 4869 1809 4913 non

255 5079 280 5138 ⁸)
299 5077 400 5128 inititur
412 5075 444 5127 12.
532 5072 558 5140 b)
576 5077 725 5128 Theriensis
737 5075 769 5127 B.

256 5214 284 5279 1)
302 5211 345 5279 Os.
363 5228 392 5266 n.
405 5218 461 5266 107.
531 5212 557 5279 2)
578 5211 681 5266 Eodem
697 5211 739 5266 die
755 5212 911 5284 {Conrado}
928 5214 1121 5282 archiepiscopo
1141 5213 1291 5267 Coloniensi
1308 5211 1454 5279 imadaoit,
1471 5227 1505 5263 ne
1522 5209 1655 5264 duamani
1671 5225 1751 5277 asper
1769 5208 1811 5262 liis

159 5298 287 5353 taenari
310 5298 484 5367 permitterem
510 5299 694 5367 Berqtr1095.
781 5301 809 5366 3)
837 5299 1014 5353 Tiamaa
1042 5300 1117 5366 filius
1144 5299 1280 5353 victimalis
1305 5298 1443 5366 qnondam
1470 5296 1625 5350 Theoderici
1653 5294 1812 5348 inaurationis

162 5383 305 5440 Minoensia
322 5390 396 5452 erat,·
412 5383 445 5438 de
460 5383 544 5439 eodm
554 5386 587 5452 ct.
602 5386 702 5454 Βῆριν
714 5393 760 5439 595
770 5391 793 5438 et
807 5393 864 5441 687.
934 5387 962 5453 4)
980 5386 1155 5440 Witbrarutas
1173 5385 1384 5454 archiepiscolms
1398 5381 1642 5451 Mopdcbiiryensis.
1713 5385 1740 5449 i»)
1755 5380 1812 5434 Sub

97 5480 118 5518 ιι
162 5469 226 5525 nat.
238 5478 269 5527 18
288 5469 471 5526 Theudoricus
487 5471 623 5541 epimoprm
639 5473 801 5541 appallatnm
819 5473 1004 5542 Berper12895
1021 5474 1139 5540 cs.1279.
1210 5473 1238 5537 6)
1260 5471 1359 5525 Tienen
1376 5486 1424 5523 seit
1444 5468 1585 5522 Tirlemont
1603 5484 1636 5522 aa
1653 5484 1691 5522 or.
1709 5473 1732 5520 et
1750 5483 1811 5521 nter.

162 5554 206 5611 cir.
225 5556 334 5613 Maen-
423 5554 452 5616 tl
473 5556 601 5621 locabit,-
628 5557 671 5612 nic
699 5559 800 5627 lmatrts
823 5577 849 5613 a.
867 5566 942 5626 1240,
965 5560 1036 5613 circa
1061 5560 1159 5614 Nom
1183 5557 1279 5613 Inodii
1303 5562 1372 5621 erat;
1400 5555 1506 5625 Aepidii
1530 5555 1697 5609 Aureocrali.
1724 5553 1812 5622 Gesta,

78 5686 82 5693 .
165 5640 213 5698 88.
222 5646 242 5698 t.
255 5640 318 5697 XX
319 5640 349 5657 '⁸

1568 5736 1606 5790 9!
