4328 6232
809 337 858 391 nx
878 313 1096 394 niuoonurn
1115 337 1153 391 ιν
1172 337 1354 392 nnsrsrao

1040 604 1124 677 718.

357 711 576 803 Innocentius
595 738 654 804 IV
666 760 757 820 papa
780 741 909 826 P[ctro]
932 743 1044 808 Sancti
1069 743 1198 825 Georpii
1218 742 1263 806 ad
1291 742 1397 806 Votum
1420 741 1563 807 Aureum
1585 739 1720 804 diacono
1740 737 1913 813 cardinali,

252 842 440 922 apostoticae
466 841 550 906 sodis
581 843 694 924 topato‚
727 847 870 925 mandat,
904 851 940 911 ut
961 847 1162 911 Mattianum
1191 847 1228 912 cto
1250 846 1417 911 Amiterno
1442 847 1491 910 oct
1518 849 1753 929 procuratorem
1782 843 1853 905 eius
1879 843 1913 904 in

248 947 473 1029 possessionem
508 945 657 1010 bonorum
690 951 794 1028 patris
829 954 859 1014 ct
886 952 1000 1031 patrui
1031 951 1147 1032 ipsius,
1181 971 1262 1033 quac
1288 950 1511 1036 F[oidcricus]
1543 947 1702 1030 qwudanr
1742 946 1915 1026 imperator

253 1047 399 1125 detineat,
421 1048 562 1114 inducat.
1553 1052 1646 1128 1249,
1669 1048 1756 1115 Mai.
1773 1052 1824 1113 18.

358 1168 422 1221 Iun.
435 1167 484 1221 IV
500 1167 563 1237 ch.
583 1168 644 1225 Lib.
665 1170 711 1238 Π
728 1172 801 1240 fior,
820 1190 849 1226 n.
862 1179 922 1227 602.

359 1255 490 1322 Potttast,
510 1256 681 1324 Rc9.13684;
699 1257 801 1326 Beroen
819 1266 889 1314 4592.

361 1432 403 1506 P.
431 1432 591 1507 Sancti
619 1433 811 1526 Georgii
838 1438 1068 1510 adVelum
1095 1438 1302 1509 Aureum
1330 1437 1536 1510 diacono
1564 1433 1812 1522 cardinali,

770 1558 1042 1648 apostolice
1069 1558 1197 1632 sedis
1223 1559 1392 1650 legata.

365 1701 476 1767 Debet
499 1703 638 1768 subditis
662 1704 793 1768 obtatus
815 1706 941 1771 fructus
966 1729 1009 1773 ex
1038 1707 1145 1792 gratia
1173 1707 1262 1772 sedis
1292 1705 1472 1793 apostolice
1502 1705 1691 1791 provenire,
1721 1710 1758 1767 ut
1787 1703 1852 1788 ipsi
1881 1704 1913 1766 in

257 1805 327 1868 eius
358 1806 539 1871 ferventius
568 1807 741 1873 devotione
771 1811 950 1894 persistant
981 1833 1020 1875 sc
1049 1833 1152 1897 penes
1184 1813 1267 1875 alios
1298 1809 1446 1875 eiusdem
1479 1808 1568 1873 sedis
1597 1807 1825 1872 munificentia
1853 1827 1912 1870 sx-

257 1907 399 1971 tollatur,
451 1909 533 1974 Cum
566 1912 665 1996 igitur
696 1911 814 1977 dilecto
844 1915 910 1978 tilio
940 1914 1043 1979 nobili
1070 1917 1139 1980 viro
1167 1915 1301 1980 Matheo
1331 1914 1372 1978 de
1403 1913 1574 1977 Amiterno
1602 1910 1742 1976 Reatina
1772 1909 1914 1973 diocesis

257 2008 375 2075 devoto
400 2020 520 2093 nostro,
544 2013 629 2098 quod
655 2015 759 2080 libere
782 2017 816 2079 in
840 2018 990 2082 omnibus
1015 2017 1107 2082 bonis
1132 2014 1166 2082 et
1189 2017 1313 2082 iuribus
1337 2016 1499 2102 quondam
1522 2014 1661 2080 (inutilis
1684 2012 1725 2077 de
1740 2011 1914 2076 Amiterno

257 2113 359 2198 patris
391 2123 423 2178 et
446 2116 607 2181 Theodini
636 2119 709 2181 sui·
736 2120 843 2204 patrui
872 2120 1044 2201 succedat,
1076 2119 1268 2186 duxerimus
1298 2119 1539 2186 concedendum
1550 2119 1573 2200 ¹,
1603 2139 1666 2205 quo
1688 2116 1726 2182 F.
1750 2115 1912 2201 quondam

258 2217 436 2302 imperator
460 2228 572 2285 contra
595 2223 750 2287 iustitiam
774 2223 900 2288 detinet
923 2231 1096 2312 occupata:
1133 2225 1342 2304 mandamus,
1374 2224 1526 2310 quatinus
1553 2223 1658 2307 ipsum
1682 2220 1733 2284 rel
1757 2238 1911 2305 procura-

258 2326 346 2384 tores
371 2323 442 2386 eiua
465 2345 525 2388 suo
547 2326 680 2391 nornine
703 2327 736 2390 in
761 2327 979 2413 predictorum
1001 2327 1159 2393 bonorum
1183 2329 1425 2414 possessionem
1449 2326 1584 2391 inducas
1602 2325 1653 2390 vel
1675 2323 1786 2388 induci
1810 2321 1911 2386 iacias

258 2425 460 2509 corporalem
485 2433 519 2491 et
541 2429 663 2492 tuearis
688 2428 865 2509 inductum,
889 2431 1156 2512 contradictores,
1180 2431 1282 2516 siqui
1304 2430 1494 2495 fuerintvel
1517 2429 1670 2508 rebelles,
1694 2425 1857 2513 spirituali
1880 2428 1912 2488 et

258 2529 430 2614 temporali
453 2528 657 2598 districtione
679 2535 901 2619 appellatione
925 2536 1108 2621 postposita
1132 2534 1379 2623 compescendo.

360 2650 437 2717 Dat.
460 2650 624 2739 Lugduni,
646 2655 711 2720 XV
733 2656 808 2722 Kal.
832 2657 930 2739 Iunii,
954 2679 1040 2722 anno
1057 2656 1155 2722 VI⁰².

878 2885 1290 2893 ——-———---—

1042 3094 1127 3168 tas.

364 3199 583 3293 Innocentius
598 3230 654 3295 IV
666 3253 759 3312 papo
781 3232 931 3316 acopistro
953 3233 1085 3299 Nicotao
1107 3235 1145 3298 cto
1166 3234 1364 3300 Manteleone
1386 3234 1535 3298 canonico
1557 3232 1694 3297 Reatino
1715 3228 1857 3303 mandat,
1878 3229 1910 3288 nt

256 3331 419 3396 Rainatcio
454 3330 491 3396 de
520 3331 666 3398 Macerio
695 3335 887 3418 pucsbytoro,
920 3337 1034 3402 nuntio
1061 3337 1292 3402 Fortisbraclsii
1320 3338 1357 3401 do
1384 3337 1556 3413 Ronrania,
1591 3333 1751 3398 ecctoaam
1778 3331 1908 3397 Sacratae
1945 3349 1956 3387 ι

255 3434 387 3500 Marsae
407 3435 445 3498 do
467 3434 613 3501 Marcrio
634 3439 791 3519 consonat,
822 3439 852 3501 si
877 3461 915 3503 ca
942 3440 982 3504 ob
1004 3439 1145 3505 chrico
1170 3441 1208 3504 dc
1230 3439 1427 3518 Parcniano,
1451 3443 1647 3520 pascatur
1673 3435 1833 3510 coetosiao,
1862 3430 1908 3494 do

256 3538 397 3602 tinuatur
419 3559 458 3603 en
480 3539 672 3605 concessione
693 3540 892 3626 F[ridoricr]
913 3543 1072 3625 quondam
1093 3544 1304 3634 imperatoris.
1555 3542 1650 3617 1249,
1672 3538 1760 3606 Mat·
1775 3539 1826 3601 21·

361 3657 426 3711 run.
439 3657 488 3711 ru
503 3658 567 3727 na.
584 3659 644 3714 aa.
661 3659 710 3728 nr,
726 3660 799 3728 aec,
817 3677 845 3715 a.
857 3669 912 3717 oe.

360 3743 489 3814 Pontion,
509 3745 574 3816 Rea.
588 3753 681 3811 rausa·
698 3746 797 3817 Beroen
811 3754 887 3804 4603.

394 3923 623 4016 Magistro
650 3925 847 4001 Nicolao
875 3928 929 4002 de
954 3928 1264 4003 Manteleone
1291 3928 1528 4004 canonico
1555 3925 1776 4000 Reatino,

365 4074 411 4140 Ut
434 4074 575 4141 dilectus
604 4076 691 4141 filius
714 4076 898 4142 Rainaldus
928 4077 970 4142 de
994 4078 1159 4143 Marerio³
1187 4079 1370 4165 presbyter,
1400 4081 1533 4144 nunnus
1562 4077 1680 4143 nobilis
1704 4078 1767 4140 viri
1790 4075 1911 4140 Fortis-

259 4178 405 4245 brachii*
434 4178 474 4244 de
496 4178 674 4262 Romania,
705 4181 747 4246 ab
777 4182 920 4248 aeclesia
948 4183 1205 4252 consolationem
1234 4185 1386 4271 recipiat,
1417 4184 1472 4269 qui
1501 4184 1534 4248 in
1563 4183 1704 4248 ecelesia
1733 4180 1846 4245 odium
1872 4178 1912 4243 ab

258 4283 396 4349 inimicis
421 4284 491 4348 eius
514 4284 619 4366 bouis,
649 4307 711 4371 qus
735 4285 878 4351 habebat
899 4288 933 4352 in
956 4309 1070 4373 regno,
1102 4310 1139 4353 sa
1162 4289 1280 4354 asserit
1309 4288 1498 4376 spoliatum:
1528 4285 1732 4365 mandamus,
1761 4283 1914 4369 quatinus

258 4390 287 4453 si
309 4390 482 4454 ecclesiam
504 4396 616 4454 sancte
631 4389 735 4455 Maria
759 4389 800 4456 de
815 4390 958 4457 Marerio
973 4392 1114 4458 Reatim
1138 4390 1279 4458 diocesis
1295 4391 1460 4457 Hernicus
1476 4391 1517 4456 de
1533 4388 1754 4468 Parenian.⁰⁴,
1778 4407 1914 4452 aversus

365 4532 454 4539 -ω,
462 4531 750 4540 ..—-—-—-.—..—-
1440 4536 1558 4542 .-
1567 4532 1700 4540 .α--η-
1707 4532 1755 4537 ...n
1773 4532 1787 4536 ..
1803 4532 1807 4536 .

362 4616 386 4680 ⁸)
403 4617 444 4668 sui
461 4633 589 4682 supcrccr.
693 4615 719 4683 b)
738 4618 910 4671 Fortisbraoh'
925 4617 957 4668 R.
1063 4619 1085 4684 ο)
1103 4621 1232 4671 Pareniatt
1250 4619 1283 4672 B.

258 4750 359 4806 clericis
380 4766 461 4819 nopes
483 4750 592 4806 ottnrtis
614 4757 638 4806 nt
658 4752 806 4808 Mneuidis
828 4753 953 4821 pluriores
978 4753 1108 4820 bmefioiis
1134 4770 1219 4822 nuqua
1246 4752 1284 4807 ad
1308 4770 1452 4821 sumnam,
1478 4770 1559 4822 quan
1585 4751 1707 4820 walae
1733 4749 1844 4815 vidam
1868 4748 1917 4802 sut

261 4837 330 4892 Mai.
345 4845 376 4891 14
393 4835 475 4890 eidem
495 4843 667 4906 camaena,
692 4845 722 4892 ut
743 4856 830 4892 unum
851 4845 1025 4908 pamaum
1045 4841 1084 4893 oct
1105 4839 1258 4909 dipnitatcm
1281 4841 1313 4893 in
1334 4840 1437 4893 musra
1458 4855 1510 4893 sua
1524 4854 1654 4908 pesonae
1671 4836 1786 4891 rdoncac
1802 4837 1917 4902 causan

254 4929 357 4992 posu·
375 4923 475 4993 Bcrpcr
492 4930 563 4992 4527,
581 4931 655 4992 4529,
673 4931 754 4989 4528,-
771 4925 898 4993 Pottttast,
919 4926 982 4994 Rea.
997 4933 1085 4994 13644,
1105 4935 1194 4994 13646,
1213 4934 1306 4994 1364ὀ,·
1322 4927 1355 4992 cs.
1375 4944 1402 4981 n.
1417 4932 1473 4981 732.

364 5013 390 5078 1)
404 5011 441 5077 Gt
459 5028 488 5065 n.
499 5018 557 5066 679.
638 5013 665 5079 2)
684 5012 740 5066 διώ
751 5013 821 5065 Mai.
835 5022 865 5067 14
879 5031 957 5082 popo
975 5013 1086 5067 eundem
1099 5014 1275 5076 Mattianum,
1297 5029 1358 5067 crim
1374 5013 1466 5068 multis
1482 5013 1531 5067 oriri
1547 5010 1661 5067 audon
1674 5011 1781 5079 ptam
1797 5008 1914 5073 weitin,

259 5114 321 5152 cum
342 5097 466 5164 familiis,
490 5096 615 5151 minito
636 5102 660 5151 ct
682 5098 804 5152 omanus
828 5099 904 5153 bonu
921 5100 971 5152 sub
983 5101 1146 5169 protectione
1163 5117 1214 5154 sua
1230 5105 1392 5167 smocpcrat,
1415 5100 1573 5168 promittens
1589 5098 1720 5151 mian
1737 5112 1798 5149 aon
1815 5100 1841 5148 et
1857 5109 1914 5147 suc

259 5200 369 5238 ooeaorcs
385 5183 443 5236 cius
460 5184 491 5236 in
504 5184 590 5251 plena
608 5188 631 5238 ct
649 5185 783 5238 continua
799 5185 917 5240 trtcrtau
939 5192 1154 5241 numanam
1175 5203 1243 5253 osan
1266 5188 1317 5241 sub
1335 5186 1406 5240 Mai.
1420 5194 1451 5241 15
1471 5186 1551 5239 Petro
1573 5185 1655 5252 topato
1674 5182 1864 5248 mutarum,
1886 5183 1914 5232 ut

259 5271 406 5324 mustos
416 5270 499 5324 laicos
509 5269 541 5324 dc
551 5287 632 5339 reptio
644 5270 756 5339 &ciliae
774 5273 822 5340 oui
833 5277 980 5326 consonum
993 5278 1016 5326 et
1028 5273 1158 5327 bonorum
1170 5271 1304 5326 Matthaei
1316 5273 1491 5340 mansan
1507 5270 1634 5339 redditus,
1651 5269 1690 5323 ad
1706 5267 1913 5334 museum

259 5356 339 5411 aidan
357 5357 440 5411 nobiti
456 5357 658 5427 cumanae
675 5359 850 5427 compcttera,·
872 5359 969 5428 Bcrocr
986 5367 1054 5414 4591
1071 5365 1095 5414 ct
1114 5366 1192 5427 45935
1215 5359 1344 5427 Potttrast,
1365 5359 1430 5427 ch.
1448 5362 1568 5413 13683d
1589 5363 1674 5412 13362.
1764 5356 1794 5421 3)
1812 5351 1913 5407 orest

258 5444 290 5497 iu
304 5459 380 5512 prou.
392 5444 513 5499 Abritano
525 5445 616 5513 ultan,
633 5461 719 5501 omer.
734 5452 760 5500 ct
770 5462 808 5500 or.
820 5447 866 5502 cio.
881 5446 955 5501 otton
965 5446 1081 5510 Ducatc5
1098 5447 1130 5513 αἱ
1148 5448 1227 5501 ctiam
1242 5446 1439 5513 Wintcetntonn,
1459 5446 1529 5499 Acta
1540 5445 1608 5513 Irnp.
1620 5442 1689 5497 inat
1703 5460 1735 5512 p.
1751 5449 1804 5506 m,
1822 5439 1912 5493 linti-

259 5531 288 5598 4)
308 5529 585 5599 andnamt&
607 5531 761 5601 unipotius
781 5532 1598 5602 suioecoidctruchctripronoiupron.Abruuonttcr.,
1620 5528 1909 5600 mamati·

258 5617 353 5686 sopato,
371 5616 676 5685 commoratione
694 5632 709 5671 c
724 5633 787 5673 incr.
805 5623 829 5672 nt
844 5634 882 5675 or.
901 5620 950 5675 cio,
964 5618 1036 5674 tino
1052 5619 1165 5675 Duoatc.
