4784 6334
870 393 1070 452 EPISTOLAE
1090 396 1283 455 SELEG'I'AE.
1319 401 1394 456 1248.

1095 752 1183 826 571.

409 862 628 956 Innocentius
650 891 706 956 IV
720 915 808 974 popo
830 893 988 978 [ilenrico
1010 894 1091 980 ΙΙΙ]
1112 892 1250 974 episcopo
1272 894 1500 977 Arycntiucnsi
1525 897 1569 962 od
1591 917 1700 979 preces
1726 916 1802 962 suas
1831 902 1860 962 et
1881 899 1961 963 mul-

305 1001 405 1060 torum
428 995 581 1060 nobilium
602 995 639 1059 dc
664 995 816 1060 Tculouio
837 997 977 1075 inundat,
1004 1001 1040 1060 ul
1059 997 1191 1079 prat-ias,
1220 1015 1300 1076 quas
1321 999 1477 1078 qnondam
1500 999 1686 1065 Hermanno
1707 1001 1816 1064 clerico
1841 1001 1961 1065 intuitu

304 1099 469 1166 Eberarcii
493 1099 530 1162 de
552 1098 721 1181 Eiaculent,
747 1101 852 1181 puluis
877 1101 959 1180 eius,
989 1101 1132 1166 ecelesiae
1161 1099 1274 1178 deuoti,
1300 1121 1362 1184 per
1388 1102 1510 1168 litteras
1538 1123 1614 1170 suos
1637 1104 1710 1186 fieri
1731 1104 1872 1182 iusserit,
1901 1105 1961 1169 alii

304 1205 374 1286 filio
395 1204 471 1281 eius,
500 1203 605 1270 Ulnico
628 1204 747 1282 clerico,
769 1206 861 1268 inula
885 1205 1007 1270 litteras
1029 1204 1150 1269 cosdem
1172 1202 1324 1289 conferat.
1603 1209 1696 1286 1248,
1719 1207 1804 1272 Mai.
1820 1209 1873 1273 30.

410 1322 475 1376 rus.
491 1322 542 1376 ru
554 1323 617 1392 nee.
633 1323 690 1379 uu.
702 1324 729 1392 1,
740 1329 805 1392 sea·
823 1323 883 1378 en.
903 1323 933 1392 n,
951 1330 1007 1378 ece.
1044 1323 1200 1392 maner,
1220 1323 1292 1391 queo
1309 1323 1410 1392 noea
1426 1323 1516 1394 aaa,
1536 1342 1597 1380 am
1616 1327 1731 1396 amna
1748 1327 1861 1382 uuuu
1877 1327 1906 1382 u
1921 1325 1960 1382 ce.

307 1407 337 1463 0.
357 1408 389 1462 dc
408 1408 501 1463 Fallet.

409 1497 509 1566 noya
526 1503 595 1554 cers.

806 1629 849 1648 ..
878 1572 1097 1665 episcopo
1126 1571 1464 1664 Argentinensi.

414 1723 588 1788 Intellecta
611 1723 753 1809 puritate
777 1721 960 1790 devolionis
990 1728 1024 1788 et
1053 1722 1144 1801 fidei,
1177 1744 1242 1808 qua
1271 1722 1411 1789 dilectus
1440 1724 1526 1788 filius
1556 1725 1674 1792 nobilis
1697 1727 1747 1790 nir
1770 1727 1959 1792 Eberardus

306 1826 347 1890 de
369 1825 537 1891 Erendcl·
560 1826 647 1890 circa
670 1825 829 1912 obsequia
852 1827 940 1892 sedis
964 1827 1145 1912 apostolice
1170 1825 1280 1890 studet
1302 1827 1497 1913 conspicuus
1520 1815 1675 1910 inveniri,
1706 1851 1742 1896 se
1766 1829 1960 1917 opponendo

305 1931 444 1996 viriliter
473 1931 593 2015 iniquis
625 1937 659 1994 et
687 1931 852 2016 reprobis,
884 1930 938 2015 qui
968 1930 1069 1995 decus
1099 1935 1133 1994 et
1163 1930 1315 1995 decorem
1343 1932 1506 2017 impetunt
1529 1935 1755 1999 ecclesiastice
1778 1935 1959 2020 dignitatis,

304 2034 434 2100 dilectis
456 2036 532 2100 liliis
549 2085 577 2102 ..
596 2034 722 2101 decano
739 2040 772 2099 et
788 2037 929 2121 capitulo
946 2034 1255 2118 Argentinensibus,
1280 2034 1367 2119 quod
1383 2035 1546 2120 quondam
1563 2037 1788 2102 Hermannum
1806 2039 1960 2103 clericum

305 2145 418 2204 natum
447 2138 527 2204 dicti
554 2139 673 2204 nobilis
700 2140 733 2202 in
762 2139 954 2204 canonicum
985 2145 1017 2203 et
1047 2139 1080 2202 in
1109 2138 1244 2202 fratrem
1272 2139 1457 2224 reciperent
1488 2144 1521 2204 et
1552 2140 1753 2225 prebendam
1777 2141 1962 2206 conferrent

307 2241 424 2322 eidem,
449 2291 482 2307 ..
505 2241 619 2306 abbati
636 2263 714 2306 vero
738 2247 772 2307 et
795 2243 970 2307 conventui
992 2243 1183 2306 monasterii
1205 2241 1246 2305 de
1263 2241 1503 2308 Wissenburch
1526 2242 1647 2307 ordinis
1669 2245 1773 2309 sancti
1788 2244 1961 2310 Benedicti

242 2385 247 2396 ·
307 2345 472 2431 Spirensis
502 2345 641 2410 diocesis
671 2367 786 2432 preces
815 2354 848 2411 et
875 2347 1064 2412 mandatum
1094 2346 1254 2412 direxisse
1289 2345 1438 2428 dicimur,
1472 2347 1559 2432 quod
1594 2346 1656 2412 sibi
1689 2347 1730 2413 de
1760 2350 1960 2434 competenti

228 2875 255 2915 2⁰

305 2449 530 2514 ecclesiastico
568 2449 741 2531 beneficio,
778 2454 952 2536 spectante
991 2449 1032 2514 ad
1070 2449 1275 2514 collationem
1310 2449 1455 2535 ipsorum
1493 2455 1527 2516 et
1560 2457 1718 2516 consueto
1754 2453 1959 2518 secularibus

305 2554 467 2639 assignari
491 2552 634 2634 clericis,
663 2553 844 2618 liberaliter
866 2553 1077 2639 providerent
1088 2555 1108 2618 ¹.
1155 2552 1242 2617 Sane
1271 2552 1410 2639 predicti
1439 2552 1585 2619 decanus
1615 2558 1648 2619 et
1676 2556 1854 2642 capitulum
1883 2577 1960 2642 pre-

304 2657 408 2721 fatum
435 2656 587 2722 cledcum
614 2658 647 2721 in
675 2659 870 2723 canonicum
897 2659 1061 2743 recepisse
1095 2679 1134 2722 ac
1166 2656 1266 2721 iidem
1295 2657 1399 2723 abbas
1432 2664 1467 2722 et
1502 2665 1681 2724 conventus
1713 2680 1774 2745 per
1807 2665 1960 2746 patentes

308 2781 417 2824 eorum
441 2761 569 2825 litteras
594 2760 655 2825 sibi
677 2763 867 2848 promisisse
891 2761 1052 2842 dicuntur,
1083 2760 1168 2846 quod
1192 2781 1289 2845 quam
1314 2761 1378 2825 cito
1403 2759 1486 2826 sibib
1508 2761 1646 2826 facultas
1668 2768 1869 2846 occurreret,
1898 2763 1960 2828 sibi

307 2863 348 2928 de
382 2864 542 2929 beneficio
579 2865 672 2929 iuxta
705 2865 894 2930 mandatum
929 2865 1145 2952 apostolieum
1183 2863 1356 2950 providere
1393 2871 1554 2929 curarent.
1612 2864 1694 2930 (lum
1728 2873 1839 2932 autem
1873 2866 1960 2931 idem

306 2965 455 3049 clericus,
480 2968 566 3033 sicut
587 2968 729 3033 Domino
753 2968 887 3053 placuit,
916 2967 957 3032 de
981 2966 1089 3032 medio
1112 2967 1322 3052 postmodum
1345 2968 1387 3032 sit
1411 2967 1570 3049 sublatus,
1594 2973 1627 3034 et
1649 2968 1816 3054 predictus
1840 2970 1960 3034 nobilis

306 3071 506 3157 superbiis,
538 3092 601 3156 que
625 3071 666 3136 ad
688 3072 845 3136 honorem
869 3069 1054 3136 redundant
1076 3070 1233 3150 ecclesie,
1257 3071 1395 3155 pristine
1419 3069 1599 3135 devotionis
1624 3073 1810 3138 continuare
1834 3073 1962 3138 dicatur

305 3173 475 3252 affectum,
507 3196 583 3257 nos,
607 3175 715 3261 ipsum
738 3181 873 3262 propter
896 3175 959 3239 hoc
983 3173 1119 3259 dignum
1143 3173 1251 3258 gratia
1273 3173 1393 3238 favoris
1417 3173 1565 3260 precipui
1589 3181 1780 3260 reputantes
1804 3183 1838 3241 et
1861 3178 1960 3242 etiam

306 3278 409 3364 ipsius
432 3286 573 3344 mestum
596 3281 739 3344 animum
763 3281 913 3345 volentes
938 3278 1134 3366 depietatis
1159 3279 1340 3364 apostolice
1364 3279 1470 3363 gratia
1493 3278 1629 3344 reddere
1654 3280 1872 3358 consolatum,
1901 3301 1960 3366 pro

307 3402 371 3467 quo
395 3383 488 3447 multi
513 3383 640 3448 nobiles
664 3388 696 3447 el
718 3388 871 3469 potentes
895 3382 935 3447 de
958 3382 1135 3462 Teutonis,
1160 3383 1301 3447 ecclesie
1325 3381 1474 3446 Romane
1497 3382 1623 3463 devoti,
1647 3382 1741 3446 nobis
1764 3403 1829 3446 una
1852 3390 1960 3448 tecum

306 3485 504 3551 affectuosas
532 3487 658 3552 litteras
687 3486 892 3567 direxerunt,
927 3487 1123 3552 fraternitati
1154 3493 1211 3550 tue
1242 3485 1452 3566 mandamus,
1487 3486 1640 3572 quatinus
1671 3485 1826 3551 dilectum
1859 3485 1961 3549 filiurn

306 3587 453 3654 Utricum
483 3590 653 3671 clericum,
684 3597 796 3656 natum
826 3590 974 3656 ciusdem
1002 3590 1138 3670 nobilis,
1168 3591 1202 3654 in
1225 3612 1322 3676 quem
1345 3591 1484 3674 gratiam
1507 3611 1526 3654 a
1549 3591 1646 3655 nobis
1668 3590 1789 3654 factam
1812 3589 1960 3676 predicto

306 3693 350 3760 Η.
372 3694 464 3758 fratri
488 3715 546 3759 suo
568 3696 719 3760 volumus
743 3696 874 3760 omnino
898 3695 1040 3776 refundi,
1070 3695 1164 3759 iuxta
1188 3695 1422 3758 continentiam
1446 3694 1645 3775 litterarum,
1675 3715 1757 3780 quas
1781 3691 1905 3759 decano
1929 3698 1962 3756 et

307 3798 451 3884 capitulo
475 3819 602 3863 necnon
625 3798 737 3864 abbati
761 3807 794 3864 et
817 3799 992 3864 conventui
1017 3799 1207 3862 memoratis
1236 3819 1336 3885 super
1363 3798 1467 3884 ipsius
1491 3799 1535 3866 H.
1557 3799 1744 3886 provisione
1771 3797 1961 3879 direximus,

230 3919 257 3958 so
308 3900 341 3964 in
372 3901 566 3966 canonicum
595 3909 628 3966 et
656 3903 689 3966 in
721 3903 856 3967 fratrem
878 3901 1132 3986 Argentinensis
1157 3901 1296 3966 ecclesie
1320 3903 1422 3987 recipi
1446 3922 1484 3965 ac
1508 3902 1572 3966 sibi
1595 3903 1737 3967 conferri
1760 3902 1960 3987 prebendam

231 5067 256 5107 ³5

308 4011 342 4068 et
365 4003 406 4067 nb
429 4002 553 4070 eisdem
578 4005 698 4070 abbate
723 4013 756 4070 et
778 4013 943 4070 conventu
966 4004 1007 4070 de
1030 4005 1193 4071 beneficio
1218 4005 1318 4070 iacias
1343 4006 1523 4092 provideri;
1547 4005 1801 4071 contradictores
1824 4011 1887 4073 etc.

415 4125 492 4193 Dat.
515 4127 678 4210 Lugduni,
701 4125 754 4190 III
777 4125 851 4193 Kal.
875 4125 971 4208 Iunii,
995 4149 1080 4191 anno
1097 4127 1153 4191 V0.

931 4421 1341 4431 ...m-*—
1355 4423 1358 4432 ι

1094 4701 1180 4774 572.

413 4815 632 4908 Innocentius
647 4842 669 4907 l
675 4839 703 4907 V
710 4865 800 4926 popo
815 4841 973 4930 [Haurico
988 4843 1070 4929 III]
1091 4845 1230 4928 episcopo
1245 4843 1472 4927 Arpenliucnsi
1494 4841 1638 4921 concedit,
1660 4846 1696 4906 ul
1717 4861 1786 4905 cnon
1808 4841 1963 4928 quaedum

309 4953 423 5025 castra,
446 4968 525 5030 quac
543 4945 764 5032 F[m'denicus]
786 4947 943 5028 quondam
966 4949 1135 5029 imperator
1156 4948 1197 5012 ab
1218 4949 1345 5012 ecclesio
1359 4947 1587 5030 Bambcrpcnsi
1610 4946 1744 5011 masnil
1764 4945 1800 5008 in
1818 4943 1962 5030 feudum,

309 5052 432 5133 ceperit,
454 5051 498 5115 ad
518 5070 557 5116 ea
577 5049 770 5115 restituenda
793 5068 857 5114 non
879 5054 1033 5128 teneatur,
1055 5050 1121 5114 uisi
1142 5051 1204 5115 sibi
1226 5051 1263 5114 cle
1285 5051 1412 5116 danrnis
1434 5055 1463 5114 cl
1484 5049 1629 5133 expensis
1646 5047 1739 5130 polone
1762 5046 1963 5133 satisfactum

304 5152 417 5239 fuerit.
1635 5155 1730 5231 1248,
1753 5151 1827 5215 lun.
1845 5155 1875 5216 3.

413 5274 476 5330 Iun.
490 5274 540 5328 IV
555 5275 620 5343 Rea.
638 5273 694 5328 Vol.
712 5273 742 5340 Ι,
759 5277 822 5338 535,·
843 5271 901 5325 Lu.
922 5270 952 5340 V,
970 5279 1031 5328 868.
1067 5273 1167 5328 Pcrteii
1189 5275 1321 5344 cuanplnr
1343 5273 1504 5328 contulimus
1526 5287 1586 5326 eum
1613 5269 1768 5338 Sclsbpslin,
1791 5271 1876 5323 Alsal.
1898 5269 1962 5340 dipl.

471 5436 545 5442 ——-
616 5437 636 5441 --
646 5435 831 5442 *-—----
850 5435 914 5440 ---
1189 5436 1317 5442 ———-
1365 5433 1464 5440 ..ι-υ...-

412 5557 436 5618 ⁸)
453 5555 490 5605 ito
510 5554 553 5614 R.‚·
572 5557 618 5620 lep.
637 5555 768 5606 Etendorl.
874 5551 899 5616 ι))
918 5569 945 5604 aa
965 5551 1010 5614 R.;
1028 5555 1184 5616 formsecus
1203 5557 1251 5606 sac.
1270 5557 1372 5606 offerret
1390 5552 1522 5619 tepentium
1540 5559 1582 5600 cat.

414 5691 614 5758 Ufflum
