4734 6334
463 413 524 476 488
1023 402 1073 460 EX
1091 401 1309 458 INNOCEN'l'lI
1329 401 1366 455 lV
1386 397 1564 454 REGIS'IRO

462 583 573 648 cessis.
621 581 775 646 Ceterum
806 580 956 666 quoniam
987 578 1028 643 ad
1055 577 1209 643 festinam
1240 580 1272 640 et
1300 573 1415 638 utilem
1438 573 1680 661 expeditionem
1705 571 1829 655 negotii
1852 566 1999 634 eiusdem
2021 567 2116 652 regni

462 687 652 771 suffragium
688 685 800 749 militie
829 705 867 748 ac
895 683 1031 746 aliorum
1061 679 1206 746 fidelium
1234 678 1379 744 marehie
1402 677 1608 742 Anconitana
1639 683 1673 741 ct
1701 674 1839 739 ducatus
1864 673 2034 759 Spoletaui
2064 677 2116 734 est

462 790 738 875 quamplurimum
762 793 966 874 oportunum,
992 785 1054 851 sibi
1079 784 1227 852 eiusdem
1252 783 1395 848 marchia
1420 788 1454 847 et
1470 781 1607 846 ducatus
1625 779 1727 866 ipsius
1743 778 1925 865 plenariam
1942 777 2113 842 rectoriam

460 915 498 958 ae
527 893 659 977 insuper
687 894 784 978 plene
813 891 845 954 in
878 888 1001 955 eisdem
1029 888 1202 975 legationis
1233 887 1376 952 officium
1408 885 1561 950 duximus
1584 882 1825 949 committenda.
1872 879 2017 968 Ideoque
2041 882 2109 946 uni·

460 994 609 1062 versitati
634 1003 741 1060 vestre
765 995 911 1059 districte
935 991 1145 1079 precipiendo
1168 991 1378 1068 mandamus,
1410 990 1562 1076 quatinus
1585 989 1705 1074 ipsum,
1735 989 1822 1052 inmo
1850 987 1960 1073 potius
1992 1008 2052 1052 nos
2080 988 2112 1050 in

462 1121 501 1164 eo
531 1099 649 1164 devote
681 1100 879 1185 recipientes
908 1103 941 1162 et
963 1096 1143 1160 honorifice
1174 1100 1429 1182 pertractantes,
1462 1092 1567 1158 eidem
1599 1100 1765 1178 tamquam
1797 1092 1977 1178 apostolice
2002 1089 2113 1179 [sedis]

462 1203 593 1288 legato*
615 1201 782 1267 humiliter
804 1201 997 1282 intendatis,
1028 1201 1132 1287 ipsius
1154 1201 1278 1264 monita
1302 1205 1335 1264 et
1357 1204 1529 1285 precepta,
1554 1204 1587 1262 et
1610 1217 1815 1282 quecumque
1838 1195 1931 1260 robis
1955 1218 1997 1260 ex
2020 1202 2114 1282 parte

462 1313 573 1371 nostra
595 1307 803 1383 intumuerit,
832 1305 1010 1369 efficaciter
1033 1301 1250 1390 adimplendo.
1297 1302 1452 1388 Alioquin
1476 1302 1684 1382 sententiam,
1713 1321 1808 1388 quam
1837 1299 1924 1364 idam
1947 1301 2059 1364 tulerit
2081 1300 2115 1365 in

462 1407 604 1475 rebelles
628 1415 690 1475 etc.
1284 1417 1286 1420 ’

569 1530 645 1596 Dat.
667 1529 829 1614 Lugduni,
850 1527 915 1593 VII
938 1527 986 1594 Id.
1010 1527 1144 1613 Aprilis,
1169 1547 1254 1591 anno
1270 1524 1367 1590 V101.

569 1649 607 1714 ln
631 1649 768 1715 eundem
796 1647 926 1716 medum
950 1647 1111 1711 uniuersis
1141 1646 1318 1711 baronibus
1350 1655 1383 1710 et
1414 1648 1486 1712 aliis
1515 1646 1694 1726 nobilibus,
1727 1631 1853 1711 necnon
1883 1647 2114 1732 potestatibus,

462 1754 658 1833 rectoribus,
696 1754 899 1830 consulibus,
939 1750 1226 1816 communitatibus
1262 1757 1295 1814 et
1330 1751 1459 1838 populis
1494 1756 1561 1814 tarn
1597 1749 1767 1815 civitatum
1802 1771 1898 1836 quarn
1933 1757 2115 1817 castrorum

461 1858 646 1944 ceterisque
674 1857 827 1923 fidelibus
859 1857 979 1922 nostris
1008 1877 1066 1942 per
1089 1856 1328 1921 Anconitanum
1357 1854 1534 1920 marchiam
1565 1861 1598 1921 et
1620 1853 1775 1918 ducatum
1801 1855 2011 1941 Spoletanum
2036 1877 2114 1920 con-

462 1964 583 2028 stitutis
607 1985 723 2048 usque:
750 1960 991 2026 committenda.
1029 1960 1176 2046 Ideoque
1200 1960 1407 2025 universitati
1426 1966 1533 2024 vestre
1558 1959 1619 2024 sub
1643 1958 1754 2024 debito
1777 1958 1942 2024 fidelitatis
1966 1959 2113 2026 districte

460 2066 671 2152 precipiendo
696 2066 903 2144 mandamus,
933 2066 1084 2150 quatinus
1107 2065 1211 2150 ipsum
1237 2071 1298 2129 etc.
1323 2085 1443 2149 usque:
1476 2063 1692 2149 adimplendo.
1738 2063 1893 2148 Alioquin
1918 2065 2114 2130 sententiam
2177 2077 2187 2110 ·'=

461 2170 529 2236 sire
553 2191 682 2256 penam,
705 2190 786 2255 quas
811 2168 1025 2256 spiritualiter
1049 2168 1101 2232 vel
1124 2168 1347 2253 temporaliter
1369 2167 1482 2232 tulerit
1504 2166 1536 2231 in
1560 2167 1701 2232 rebellas
1726 2173 1788 2233 etc.

571 2290 649 2357 Dat.
672 2299 709 2356 ut
731 2313 838 2378 supra.

1267 2479 1312 2545 Π.

564 2581 783 2678 Iarwccaiias
804 2609 863 2678 IV
872 2631 964 2694 propa
988 2607 1119 2695 P[ciro]
1140 2607 1301 2673 cardinali
1317 2608 1434 2694 panae
1457 2609 1622 2693 icaaiieuis
1644 2608 1784 2695 efficium
1807 2610 1841 2672 ia
1869 2627 1964 2692 reparo
1985 2597 2117 2674 Siciliae

461 2714 591 2800 casseri.
1787 2715 1880 2790 1249,
1902 2715 1983 2794 Apr.
2000 2717 2028 2778 7.

566 2835 629 2888 Ima
642 2834 691 2888 IV
705 2835 768 2904 Rea.
787 2833 846 2889 aa.
863 2834 908 2902 VI,
926 2833 947 2899 f.
963 2841 997 2901 71,
1016 2847 1072 2887 car.
1091 2849 1119 2887 a.
1131 2839 1173 2886 29.

566 2921 694 2990 Pottlraet,
714 2921 779 2992 Rea.
797 2927 892 2988 rm,-
909 2919 1008 2988 Berqcr
1025 2925 1099 2974 4690.

463 3099 504 3174 P.
533 3101 683 3174 Sancti
711 3100 891 3194 Georgii
919 3101 972 3175 ad
998 3100 1149 3174 Velunr
1178 3099 1373 3173 Aureum
1403 3105 1498 3186 etc,
1533 3099 1783 3190 apostolae
1811 3100 1930 3174 sedis
1957 3100 2117 3191 legato.

571 3248 786 3317 Incumbente
819 3251 914 3316 nobis
940 3248 1149 3316 multitudine
1174 3246 1253 3312 ctol’
1282 3267 1400 3330 usque:
1435 3246 1607 3332 expedire,
1638 3248 1816 3313 concessis.
1866 3247 2010 3333 Ideoque
2042 3269 2115 3334 pro-

464 3352 608 3418 videntie
632 3361 688 3418 tue
711 3354 913 3432 mandamus,
944 3354 1096 3439 quatinus
1120 3351 1167 3415 sic
1192 3349 1368 3434 diligenter
1391 3356 1424 3414 ct
1447 3349 1627 3414 efficaciter
1650 3351 1769 3436 exequi
1794 3350 1939 3430 studeas,
1971 3373 2033 3437 qua
2058 3352 2118 3417 tibi

464 3456 696 3523 committimus
718 3458 751 3522 in
779 3458 841 3523 hac
871 3463 978 3544 parte,
1009 3455 1096 3542 quod
1127 3453 1241 3540 grandi
1270 3453 1391 3518 exinde
1420 3474 1550 3519 crescas
1573 3455 1689 3519 marito
1717 3454 1802 3540 apud
1827 3453 1934 3519 Deum
1958 3461 1992 3518 ct
2014 3477 2117 3540 panes
2168 3471 2178 3508 ²

464 3559 633 3625 homines⁰
655 3562 757 3626 multa
779 3560 887 3626 laude.

573 3680 650 3748 Dat.
673 3690 709 3747 ut
732 3682 860 3768 suprab.

1260 3815 1324 3883 111.

569 3918 787 4012 Irrnmcniius
802 3948 826 4013 I
829 3947 860 4012 V
864 3968 954 4032 papa
975 3948 1133 4013 nobilitas
1155 3952 1184 4011 ct
1206 3947 1314 4012 ceteris
1334 3947 1480 4028 fidelibru
1504 3947 1659 4012 raarclriac
1674 3948 1894 4012 Arrcmritaaac
1916 3952 2023 4012 rictam
2036 3946 2121 4032 facit

464 4073 496 4116 sc
518 4050 649 4135 P[etro]
669 4050 829 4116 cardinali
850 4051 1015 4116 rectoriam
1032 4051 1178 4132 partiam
1200 4071 1307 4115 aarum
1330 4051 1525 4115 carnotense.
1788 4053 1881 4128 1249,
1904 4051 1984 4132 Apr.
2003 4055 2031 4115 7.

569 4171 634 4225 Ian.
654 4171 703 4226 IV
719 4172 782 4240 aa.
802 4173 861 4226 Iab.
880 4173 927 4240 VI,
945 4173 965 4239 s.
981 4181 1017 4240 71,
1035 4187 1093 4226 car.
1112 4189 1140 4224 a.
1151 4177 1192 4226 30.

571 4257 700 4327 Poaaaa,
720 4258 783 4327 aa.
801 4266 893 4327 13274,⁸
911 4259 1007 4328 Bcrqcr
1024 4265 1095 4314 4691.

606 4419 840 4493 Nobilibus
867 4419 977 4493 viris
1005 4418 1236 4494 universis
1265 4417 1514 4494 baronibus
1541 4424 1583 4492 et
1610 4418 1712 4492 aliis
1739 4419 1989 4508 nobilibus,

467 4562 547 4614 nce
574 4561 659 4612 non
689 4541 1015 4632 potestatibus,
1042 4541 1316 4629 rectoribus
1344 4537 1625 4630 consulibus,
1654 4541 2051 4615 communitatibus
2080 4545 2121 4616 ct

532 4662 713 4754 populis
739 4667 826 4735 tam
854 4661 1089 4735 civitatum
1115 4683 1248 4754 quarn
1277 4667 1529 4736 castrorum
1556 4662 1813 4754 ceterisque
1840 4661 2057 4738 fidelibus

697 4782 867 4886 uostris
894 4803 974 4873 per
1000 4781 1326 4858 Anconitanum
1353 4783 1593 4857 marchiam
1621 4781 1895 4856 coristitutis

575 4929 670 4996 Licet
693 4930 734 4995 de
757 4931 920 4996 universis
950 4931 1087 4995 ecclesie
1112 4929 1259 4994 Romane
1291 4928 1443 4995 fidelibus
1473 4930 1618 5015 cogitare
1649 4930 1789 4994 sollicite
1820 4937 2000 5011 teneamur,
2034 4933 2120 4996 circa

466 5033 538 5097 illos
563 5041 671 5098 tamen
695 5033 736 5098 de
759 5032 967 5098 Anconitana
991 5032 1134 5098 marchia
1158 5054 1197 5098 co
1221 5033 1377 5097 attentius
1400 5032 1536 5117 vigilare
1560 5053 1619 5097 nos
1650 5034 1815 5114 convenit,
1844 5054 1908 5119 quo
1938 5035 1978 5099 ad
2008 5036 2120 5101 sedem

571 5304 594 5368 ¹)
616 5267 649 5372 Ab
672 5305 697 5356 le
715 5303 763 5369 R.;
784 5303 852 5356 decet
876 5319 911 5356 sa.
1003 5281 1042 5366 41’)
1065 5302 1119 5355 scil.
1143 5319 1196 5354 aon
1219 5309 1247 5352 ut
1269 5302 1297 5352 ia
1320 5319 1346 5354 a.
1365 5301 1426 5364 XV,
1449 5317 1515 5367 qaae
1537 5317 1576 5367 ap.
1595 5301 1623 5353 in
1642 5301 1702 5367 Beq.
1722 5301 1859 5366 anacedit,
1884 5303 1930 5354 sed
1952 5311 1980 5354 at
2003 5304 2032 5354 ia
2055 5303 2120 5356 aI.

468 5391 639 5456 ethninos.

572 5513 597 5577 1)
617 5510 698 5563 Petra
715 5509 789 5564 circa
807 5509 874 5576 Am.
891 5507 1073 5576 alammion
1090 5507 1121 5560 ia
1144 5522 1225 5576 rapae
1245 5504 1352 5560 saulae
1375 5505 1539 5560 cmambsam
1561 5521 1613 5560 aare
1636 5511 1749 5560 testeam
1766 5523 1792 5560 aa.
1812 5506 1881 5569 VH,
1903 5507 1935 5571 cf.
1953 5506 2031 5559 aiam
2050 5524 2077 5562 a.
2092 5507 2122 5560 X
2171 5519 2194 5558 ra

468 5598 518 5651 aab
535 5598 603 5666 Apr.
617 5605 639 5651 9.
675 5595 725 5650 Sed
742 5601 774 5648 ar
792 5611 892 5648 aeaeae
908 5595 932 5648 ci
949 5595 1074 5648 collatam
1091 5593 1147 5647 iasa
1164 5599 1222 5647 tam
1240 5593 1270 5645 ia
1285 5591 1419 5659 qneblioam
1437 5592 1558 5646 aetitiam
1575 5594 1679 5660 acciret
1694 5607 1770 5661 popa
1789 5593 1903 5646 miraiase
1920 5591 2035 5652 seruatur.-
2057 5611 2121 5648 arara

469 5683 500 5736 ia
523 5680 792 5749 omnipotestatis,
818 5696 886 5748 quae
905 5680 1008 5750 poblite
1030 5680 1078 5748 leci
1102 5681 1141 5733 rel
1163 5679 1308 5734 carmentali
1330 5677 1467 5746 dadam,
1497 5679 1588 5749 topatio
1610 5681 1642 5733 ia
1663 5697 1741 5750 rapae
1766 5698 1821 5734 aaa
1844 5685 2069 5735 caranwracratur.
2088 5710 2119 5720 -
