4328 6232
281 344 344 413 254
837 334 884 397 nx
902 334 1120 397 Innocsnrn
1137 328 1177 391 IV
1194 326 1375 390 nectareo

280 518 409 583 obtines
439 522 652 604 patronatus,
682 514 864 601 episcopali
894 535 1007 578 mense
1039 520 1111 592 tue,
1143 511 1219 575 dum
1248 517 1358 575 tamen
1387 510 1489 595 ipsius
1519 508 1667 576 redditus
1694 519 1729 577 et
1755 522 1927 598 proventus

281 622 395 706 viginti
419 642 601 685 marcarum
625 619 803 683 valentiam
834 620 928 682 annis
952 618 1088 702 singulis
1117 637 1179 679 non
1204 613 1381 694 excedant,
1411 615 1522 678 valeas
1546 614 1723 699 deputare,
1752 618 1800 680 ita
1826 629 1927 684 tamen

281 725 368 809 quod
384 724 499 788 eadem
515 723 657 788 ecelesia
673 722 793 787 debitis
817 730 878 785 etc.
902 742 1022 806 usquc:
1047 721 1244 804 negligatur.
1288 718 1379 782 Nulli
1402 739 1480 802 ergo
1504 724 1566 785 etc.
1583 730 1695 785 nostre
1710 727 1926 790 concessionis

280 835 342 892 etc.
389 827 423 890 si
447 828 518 911 quis
542 831 605 891 ete.

387 948 463 1013 Dat.
487 945 649 1031 Lugduni,
672 947 721 1011 Vl
743 945 827 1009 Non.
851 943 940 1023 Maii,
963 966 1048 1008 anno
1073 944 1221 1029 quarto¹.

1084 1116 1125 1183 V.
1218 1148 1220 1151 .

1029 1226 1192 1298 Eidem.

390 1359 436 1422 Ur
459 1370 519 1423 eoa
543 1360 659 1424 melius
690 1360 830 1423 ecclesie
860 1359 992 1444 negotio
1021 1357 1192 1422 intendere
1215 1358 1344 1439 valcas,
1373 1380 1437 1444 quo
1462 1360 1566 1423 minus
1588 1380 1649 1445 per
1671 1361 1850 1445 litigiorum
1874 1364 1929 1426 cir-

282 1466 388 1528 cuitus
406 1465 507 1528 fucris
524 1464 691 1547 fatigatus,
708 1464 901 1526 auctoritate
925 1462 984 1525 tibi
999 1462 1202 1547 presentium
1220 1460 1436 1545 indulgemus,
1460 1469 1496 1526 ut
1516 1484 1576 1548 per
1592 1464 1717 1528 litteras
1733 1467 1930 1551 apostolicas

282 1568 448 1631 conveniri
479 1573 573 1631 extra
595 1568 734 1651 patriam
759 1573 848 1630 tuam
877 1567 928 1629 rel
958 1567 1050 1630 citari
1080 1565 1120 1628 ad
1149 1566 1352 1651 presentiam
1383 1572 1527 1629 nostram
1555 1567 1687 1631 minime
1712 1571 1841 1651 valeas,
1873 1572 1930 1633 nisi

281 1672 389 1735 littere
406 1673 476 1756 ipse
492 1671 631 1734 iecerint
654 1670 694 1734 de
718 1670 779 1733 hac
797 1670 1001 1755 indulgentia
1016 1670 1225 1733 mentionem.
1269 1668 1359 1734 Nulli
1384 1691 1462 1752 ergo
1486 1677 1549 1736 etc.
1572 1678 1682 1735 nostre
1703 1674 1930 1737 concessionis.
1975 1699 1977 1730 1

389 1790 463 1853 Dat.
488 1789 650 1874 Lugduni,
674 1790 704 1854 V
728 1789 811 1856 Non.
837 1789 924 1868 Maii,
948 1811 1033 1853 enno
1058 1795 1182 1874 quarto.

1080 1959 1140 2024 VI.

1021 2068 1191 2142 Eidem.

393 2202 438 2266 Ut
461 2202 503 2266 ad
519 2202 727 2267 devotionem
745 2202 886 2267 ecclesie
902 2201 1009 2286 possis
1026 2200 1144 2265 melius
1162 2201 1329 2265 attrahere
1346 2201 1526 2284 universos,
1547 2204 1720 2270 relaxandi
1734 2208 1935 2291 generaliter

283 2308 336 2369 vel
360 2307 612 2392 particulariter,
635 2313 734 2391 prout
756 2305 912 2391 expedire
936 2303 1066 2383 rideris,
1090 2303 1132 2367 ad
1155 2305 1229 2389 plus
1253 2305 1294 2369 ad
1317 2305 1400 2369 duos
1424 2327 1556 2371 menses
1579 2308 1804 2391 interdictum,
1827 2315 1860 2377 in
1883 2323 1935 2379 tua

283 2410 415 2473 civitate
438 2431 477 2473 ac
500 2409 622 2473 diocesi
646 2410 820 2472 occasione
843 2407 1004 2471 discordie
1027 2409 1193 2491 generalis
1216 2394 1367 2494 positum.
1392 2410 1522 2495 plenam
1545 2412 1602 2476 tibi
1626 2413 1842 2479 concedimus
1864 2441 1936 2481 auc·

284 2514 416 2575 toritate
439 2514 642 2597 presentium
665 2514 865 2578 facultatem.

371 2631 448 2696 Dat.
473 2638 508 2695 ul
532 2655 640 2719 supra.

906 2739 932 2745 --
939 2739 1317 2746 ——.——.——-—..—

1068 2932 1154 3005 340.

390 3030 608 3123 Inaoaataa
626 3052 683 3119 IV
701 3075 790 3138 papa
813 3052 942 3139 Plctro]
963 3054 1074 3119 Sancti
1098 3055 1227 3136 Gerania?
1249 3055 1293 3119 ad
1320 3055 1428 3120 l'alnnr
1449 3058 1592 3123 Anrcnrn
1613 3059 1747 3125 ‹liacono
1774 3065 1939 3135 cardinali.

284 3159 471 3238 apostolicae
498 3158 582 3221 sedis
609 3159 723 3239 lcpalo,
751 3159 896 3234 innodat,
927 3161 962 3221 nt
992 3157 1205 3242 [Silrotoncnrl
1233 3161 1407 3244 qnempiam
1430 3163 1670 3245 Arqrrslcnsnn,
1701 3168 1732 3230 a·
1760 3171 1938 3234 aaronis

285 3262 353 3324 laires
375 3261 515 3342 qualitas
536 3261 571 3324 ia
593 3262 736 3343 caeperit,
754 3264 904 3342 perpetuo
927 3261 1107 3345 suspendat.
1604 3270 1699 3345 1247,
1722 3270 1809 3336 Mai.
1826 3277 1857 3338 6.

389 3381 453 3434 Ian.
469 3380 519 3434 IV
534 3380 598 3450 Rea.
616 3379 670 3434 Vel.
683 3381 709 3447 I,
723 3387 784 3443 427;
801 3379 860 3434 Inla
875 3379 929 3447 IV,
941 3396 998 3434 cnr.
1012 3387 1064 3433 112).

389 3468 489 3537 Bcrper
500 3472 574 3522 3028.

376 3630 418 3704 P.
447 3628 608 3702 Sancti
638 3628 832 3720 Georgii
860 3630 916 3702 ad
942 3629 1101 3702 Velum
1128 3629 1334 3701 Aureum
1361 3631 1559 3705 diacono
1587 3636 1850 3727 cardinali,

803 3749 1073 3840 apostolice
1100 3749 1231 3822 sedis
1257 3750 1429 3842 legate.

395 3900 445 3964 Ne
469 3902 599 3985 culpam
622 3900 767 3986 episcopi
790 3899 1043 3984 Augustensis2,
1073 3921 1135 3985 que
1160 3901 1240 3964 satis
1264 3907 1342 3964 nota
1365 3906 1433 3979 cst,
1457 3907 1602 3966 nostram
1625 3904 1736 3971 faeere
1761 3909 1940 3977 videamur.

288 4005 314 4068 si
344 4025 417 4068 eam
446 4002 664 4068 dimiserimus
701 4003 934 4083 incorrectam,
964 4003 1175 4083 mandamus,
1208 4004 1361 4088 quatinus
1391 4025 1451 4090 per
1480 4004 1637 4071 discretos
1666 4009 1797 4095 aliquos
1826 4015 1941 4100 inquiri

287 4107 389 4171 facias
419 4106 460 4171 de
489 4106 590 4193 ipsius
619 4105 802 4192 nephandis
832 4107 958 4171 actibus
988 4106 1164 4190 diligenter
1196 4114 1229 4170 et
1261 4105 1302 4170 ad
1332 4108 1434 4192 ipsius
1465 4111 1715 4194 suspensionem
1748 4124 1941 4203 perpetuam

288 4210 482 4275 auctoritate
505 4219 618 4274 nostra
642 4209 815 4296 procedas,
840 4211 868 4273 si
891 4231 1022 4274 suorum
1047 4210 1196 4295 exegerit
1220 4211 1362 4295 qualitas
1386 4213 1592 4289 meritorum,
1616 4214 1711 4280 nobis
1742 4219 1822 4302 quid
1846 4242 1943 4307 super

287 4313 350 4383 hoc
374 4315 492 4379 leceris
516 4314 743 4399 rescripturus.

398 4434 473 4500 Dat.
497 4433 660 4518 Lugduni,
687 4432 720 4497 II
743 4432 826 4498 Non.
851 4432 939 4508 Maii,
964 4455 1050 4497 anno
1073 4433 1153 4497 IIII.

910 4666 1252 4672 —-.-—-————-—
1260 4666 1321 4673 ...-

1072 4874 1158 4950 341.

393 4967 611 5064 Innocentius
626 4995 650 5061 I
653 4993 682 5060 V
689 5017 781 5081 papa
804 4996 1011 5082 Oletaeiano]
1038 4997 1175 5063 Sanctae
1202 4996 1334 5065 Mariae
1359 4999 1393 5064 in
1423 4997 1479 5065 Via
1502 4997 1586 5069 [sna
1613 5000 1746 5070 dianna
1773 5005 1940 5077 cardinali.

287 5100 472 5183 apostolieae
501 5100 584 5165 sadis
606 5100 719 5184 lenate,
750 5102 794 5168 ad
816 5120 925 5186 preces
951 5100 1079 5184 [Iamlri
1104 5102 1254 5188 Parapoti]
1275 5102 1365 5168 dacis
1393 5108 1423 5168 ct
1446 5106 1561 5187 papali
1588 5106 1773 5175 Vcnctomar
1801 5111 1940 5189 mandat

392 5241 521 5248 —--—-—
537 5241 650 5247 ....-.—-.
853 5247 887 5253 —
904 5249 907 5253 .

1101 5251 1108 5256 .
1134 5251 1173 5256 .-
1211 5252 1612 5264 --——--.-..-..-,--
1620 5258 1632 5265 -

393 5326 416 5389 ⁸)
436 5343 466 5377 eo
485 5327 552 5377 deest
571 5327 602 5378 B.

394 5448 418 5512 l)
439 5444 497 5498 Snb
510 5444 592 5501 Febr.
604 5454 640 5501 20
656 5446 736 5501 eikon
752 5450 908 5514 jlanltatan
925 5456 1092 5520 commorat,
1112 5457 1141 5506 nt
1159 5453 1288 5521 quamdam
1304 5459 1414 5511 ractores
1429 5457 1604 5527 mantnt,
1622 5458 1671 5528 qni
1685 5474 1749 5517 m
1763 5458 1806 5519 d
1819 5476 1866 5523 u
1879 5460 1938 5517 nin*-

287 5530 398 5584 tatr'rnr-ic
418 5546 501 5583 arctas
522 5532 661 5602 wana,
682 5536 886 5601 praeseminare
903 5537 953 5588 silri
969 5536 1133 5606 denanarent,
1151 5547 1292 5594 amenas
1308 5558 1335 5594 sc
1352 5558 1399 5595 cna
1414 5560 1556 5611 nunqnam
1572 5544 1703 5603 dom
1716 5546 1883 5607 'Q
1898 5544 1938 5592 ¹¹

287 5631 331 5668 an
348 5615 504 5670 mannas
520 5625 631 5688 copon,-
650 5620 749 5690 Bcrqer
766 5629 839 5676 242⁸.
944 5624 972 5692 2)
991 5622 1031 5690 (is.
1045 5641 1075 5693 n.
1095 5632 1150 5694 163,
1168 5632 1223 5681 aar.
1242 5634 1265 5683 2.
