4790 6340
842 405 1043 467 nrrsronsu
1060 409 1251 470 senuerat.
1287 411 1361 471 1247.
1861 419 1920 486 261

412 589 453 666 P.
480 587 632 664 Sancti
662 587 837 684 Georgii
870 592 924 666 ad
951 591 1100 666 Velum
1127 593 1319 667 Aureum
1349 593 1536 670 diacono
1564 593 1803 688 cardinali,

796 713 1050 805 apostolice
1085 715 1209 788 sedis
1242 716 1407 808 legata.

380 862 452 928 Etsi
481 863 665 928 coniunctio
694 863 809 949 copule
838 862 1020 946 coniugalis
1044 867 1105 929 etc.
1153 861 1235 928 Cum
1262 865 1377 950 igitur,
1406 864 1491 929 sicut
1520 887 1563 930 ex
1591 873 1684 952 parte
1712 867 1831 931 nobilis
1862 867 1924 932 riri

273 966 415 1032 Gotiridi
439 967 567 1032 comitis
591 967 631 1032 de
648 964 783 1030 Oslwe¹
807 965 973 1052 Spirensis
989 966 1128 1031 diocesis
1151 967 1214 1030 fuit
1229 968 1433 1054 propositum
1451 989 1559 1033 coram
1583 969 1689 1049 nobis,
1712 969 1797 1033 idern
1814 990 1924 1034 comes

209 1104 220 1140 a
272 1070 415 1135 nobilem
438 1071 608 1135 mulierem
631 1069 782 1151 Bertam,
813 1077 930 1155 quartu
958 1092 1032 1136 eum
1065 1072 1358 1155 consanguinitatis
1389 1071 1475 1136 lines
1503 1074 1763 1157 contingentem,
1792 1072 1924 1137 duxerit

273 1174 306 1238 in
327 1195 465 1240 uxorem
495 1195 533 1238 ac
556 1174 707 1260 genuerit
730 1173 840 1260 plures
871 1174 955 1238 filios
985 1196 1027 1239 ex
1055 1175 1189 1254 eadem,
1217 1174 1425 1255 mandamus,
1454 1176 1607 1261 quatinus
1636 1197 1709 1240 cum
1738 1177 1800 1258 eis,
1831 1177 1922 1241 utin

273 1277 458 1343 huiusmodi
478 1277 684 1342 matrimonio
700 1276 992 1364 —impedimento
1014 1299 1080 1342 non
1104 1278 1253 1343 obstante
1277 1279 1403 1364 prelato
1423 1316 1458 1326 —
1477 1300 1646 1343 remancre
1669 1280 1758 1345 licite
1783 1280 1924 1362 valeant,

273 1383 466 1446 auctoritate
489 1387 602 1446 nostra
624 1381 808 1466 dispenses,
831 1380 858 1444 si
881 1380 1022 1447 ecclesie
1046 1382 1179 1466 negotio
1203 1380 1324 1446 videris
1348 1382 1518 1468 expedire.

379 1500 456 1569 Dat.
479 1502 642 1588 Lugduni,
665 1499 751 1565 VIII
774 1500 853 1565 Idus
876 1500 964 1581 Maii,
987 1522 1072 1565 anno
1095 1501 1175 1568 IIII.
1265 1505 1271 1517 '

1057 1987 1143 2061 350.

197 2142 223 2181 a
380 2082 594 2176 [annana
616 2109 670 2174 ru
691 2131 782 2194 papa
809 2111 908 2176 aum
933 2110 1140 2191 asenam
1167 2131 1234 2175 aim
1263 2111 1354 2177 uon
1380 2115 1460 2176 aaa
1488 2111 1528 2176 n.
1561 2111 1680 2176 roman
1708 2112 1746 2178 n
1773 2113 1924 2178 nactam

270 2219 300 2278 ct
320 2213 426 2280 Ulm'co
446 2213 484 2277 dc
505 2212 706 2295 Rintnsparc,
730 2217 775 2292 nt,
797 2235 831 2278 co
852 2233 917 2278 non
938 2214 1077 2278 obstante
1099 2214 1181 2296 qnod
1195 2215 1356 2280 mitilenem
1375 2215 1466 2297 filius
1488 2216 1551 2279 trini
1572 2221 1669 2280 unica
1683 2216 1923 2300 ἀειροηιαυινὲί,

270 2318 307 2381 ln
329 2317 530 2382 ntatrimonio
551 2321 744 2396 remaneant,
763 2315 952 2402 sancitatem
973 2317 1118 2382 conccdtt.
1169 2393 1174 2404 Ι
1587 2322 1680 2398 1247,
1703 2319 1789 2387 Mai.
1805 2322 1836 2384 8.

374 2437 438 2492 raa
451 2435 500 2490 rr
514 2435 579 2505 aa.
597 2435 650 2490 ra.
665 2436 692 2504 r,
703 2442 770 2502 aaa·
781 2435 840 2491 no.
856 2435 906 2504 rr,
921 2441 978 2490 ars.

374 2522 559 2592 maeno.

197 2718 221 2754 a
405 2685 447 2758 P.
475 2683 626 2758 Sancti
654 2683 834 2778 Georgii
864 2685 916 2758 ad
943 2683 1095 2758 Velum
1124 2685 1323 2760 Aureum
1351 2685 1544 2759 diacono
1571 2684 1802 2772 cardinali,

801 2804 1054 2898 apostolice
1081 2806 1209 2878 sedis
1235 2807 1398 2899 legato.

381 2952 480 3034 Cum,
510 2954 594 3018 siout
622 2959 778 3038 exparte
801 2952 920 3017 nobilis
943 2952 1004 3016 viri
1027 2951 1064 3018 Ε.
1089 2952 1211 3017 domini
1234 2951 1274 3018 de
1303 2953 1486 3018 Eichsum²
1507 2953 1568 3018 suit
1590 2955 1792 3042 propositum
1815 2974 1923 3019 coram

273 3059 377 3141 nobis,
393 3057 529 3124 Wotem
546 3063 657 3122 natam
680 3058 752 3123 cius
768 3057 887 3122 nobilis
911 3058 960 3120 vir
974 3056 1105 3122 Illrious
1129 3056 1170 3121 de
1187 3055 1395 3143 Risinspurc³
1414 3057 1634 3142 Augustensis
1653 3056 1802 3137 diocesis,
1826 3078 1923 3142 quam

272 3171 370 3229 antea
396 3167 493 3227 ustus
517 3161 589 3227 eius
611 3161 880 3248 desponsaverat,
903 3158 1035 3225 duxerit
1057 3161 1091 3225 in
1112 3181 1249 3225 uxorem
1273 3168 1307 3225 et
1333 3162 1485 3246 genuerit
1500 3161 1612 3246 plures
1628 3160 1713 3226 filios
1738 3181 1780 3225 ex
1797 3161 1923 3241 eadem,

193 3302 220 3341 ω
272 3265 474 3344 mandamus,
497 3265 652 3350 quatinus
675 3286 748 3330 cum
773 3264 830 3343 eis,
854 3270 892 3328 ut
908 3303 948 3312 —
971 3263 1206 3350 impedimento
1230 3263 1416 3328 huiusmodi
1438 3285 1504 3328 non
1529 3264 1681 3329 obstante
1698 3299 1739 3311 -
1755 3264 1789 3327 in
1810 3264 1922 3328 matri·

270 3369 380 3434 monio
409 3369 456 3432 sio
485 3375 651 3433 contracto
683 3387 851 3432 remanere
880 3367 968 3431 licite
998 3368 1145 3446 valeant,
1175 3367 1368 3433 auctoritate
1398 3375 1511 3434 nostra
1533 3365 1721 3454 dispenses,
1753 3369 1781 3432 ai
1802 3367 1923 3432 videris

272 3471 439 3558 expedire.

378 3589 456 3655 Dat.
479 3589 644 3676 Lugduni,
667 3589 753 3655 VIII
775 3588 854 3654 Idus
877 3588 967 3670 Maii,
990 3610 1076 3655 anno
1099 3588 1199 3658 11112.

894 3852 1304 3861 ——-——————..—..

1057 4079 1144 4153 351.

373 4177 592 4269 Innocentius
616 4201 675 4268 11⁷
691 4222 782 4286 papa
810 4199 987 4286 [chrico]
1017 4202 1155 4285 miscopo
1189 4200 1423 4268 consantiens·
1455 4201 1576 4266 intuita
1616 4203 1667 4266 sni
1698 4208 1728 4266 ct
1760 4203 1924 4268 Frcdcn'ci

188 4339 215 4379 aa
269 4306 391 4384 mititte,
413 4308 522 4372 nuntii
542 4311 573 4372 ct
587 4306 805 4388 procuratoris
825 4306 968 4371 comitum
983 4305 1125 4383 Saevino,
1146 4305 1283 4370 concedit
1292 4303 1488 4390 facultatem,
1510 4309 1546 4368 nt
1567 4327 1636 4371 cum
1650 4307 1790 4372 Henrico
1810 4308 1921 4372 claim

268 4429 326 4476 suo
347 4431 442 4494 super
456 4411 647 4494 pluralitate
670 4410 885 4492 wwfinonnn
906 4409 1071 4490 dnpmact.
1589 4413 1683 4489 1247,
1704 4406 1788 4476 Mai.
1805 4411 1835 4474 9.

374 4531 436 4586 rma
449 4530 499 4585 rr
513 4530 576 4600 aa.
592 4529 684 4597 rar,
702 4535 768 4597 aaa·
786 4527 846 4582 aa.
859 4528 912 4597 rr,
930 4535 986 4584 aaa.
1023 4528 1173 4598 namna
1190 4544 1222 4582 a
1241 4528 1356 4598 naara
1373 4528 1505 4597 aaran
1528 4527 1558 4583 V.
1573 4527 1614 4584 oz.
1633 4530 1668 4584 A.
1688 4527 1767 4584 naa.

372 4617 473 4686 Boas
489 4623 563 4672 asor.

747 4781 786 4800 ..
814 4726 1038 4819 episcopo
1072 4725 1456 4801 constantiensi.

187 4915 215 4954 ,ο
379 4875 425 4941 Ut
446 4876 566 4941 dilecto
589 4875 656 4941 filio
679 4876 835 4962 magistro
857 4875 1004 4941 Henrico
1028 4875 1146 4941 clerico
1171 4882 1226 4939 tuo
1250 4875 1428 4961 specialem
1451 4873 1591 4958 gratiam
1614 4874 1784 4956 faciamus,
1808 4873 1921 4939 dilecti

267 4981 327 5047 filii
343 4979 511 5046 Frederici
527 4979 652 5062 militis,
668 4979 773 5044 nuntii
790 4987 823 5043 et
834 4980 1053 5065 procuratoris
1069 4978 1260 5043 dilectorum
1276 4979 1417 5042 filiorum
1432 4977 1592 5042 nobilium
1609 4978 1751 5042 virorum
1767 4978 1921 5041 comitum

267 5087 308 5152 de
326 5084 478 5168 Saeviet
496 5082 617 5150 devota
632 5084 820 5172 precamina
835 5106 894 5148 nos
910 5083 1077 5151 inducunt.
1120 5083 1207 5148 Hinc
1232 5090 1293 5163 est,
1317 5081 1403 5168 quod
1426 5102 1497 5164 nos,
1512 5080 1721 5147 attendentes
1739 5081 1920 5145 litterarum

374 5225 838 5234 „--———·-.-.---.—.--.
1135 5225 1271 5232 —-—-
1360 5225 1368 5230 -
1382 5223 1545 5230 ..ψ-...-

372 5309 396 5377 ⁸)
414 5329 482 5364 anno
499 5320 590 5380 quarto
608 5312 676 5365 deest
694 5311 725 5363 B.

374 5448 401 5517 1)
419 5447 468 5502 Ea
484 5463 545 5502 mn.
562 5448 609 5502 cio.
629 5447 785 5514 Psorrlaim.
863 5449 892 5516 2)
915 5447 949 5502 Ut
966 5445 1068 5501 vidant·
1085 5445 1212 5514 nimam,
1233 5445 1342 5513 Etdrnt,
1360 5460 1393 5500 aa
1409 5460 1448 5499 or.
1465 5445 1511 5499 cic.
1531 5443 1671 5499 Bibcradr.
1751 5444 1779 5512 3)
1799 5443 1922 5499 Reiscns·

185 5553 212 5592 sa
268 5535 335 5604 daug
351 5533 427 5601 iufra
442 5534 490 5588 cia.
514 5533 578 5589 uon
595 5533 632 5588 ad
648 5533 818 5598 Dmuabium,
836 5549 869 5588 cn
884 5539 947 5602 opt
966 5539 990 5589 ct
1008 5550 1058 5588 aec.
1075 5534 1122 5587 cie.
1140 5534 1265 5604 Bcnpan.
1335 5534 1364 5600 4)
1384 5531 1538 5585 ‘Heinn'cns
1552 5529 1767 5586 Constancicnua
1784 5531 1923 5600 spiscopus

267 5637 328 5676 cnm
345 5621 480 5674 samaiim
500 5621 601 5675 ccclesia
624 5621 775 5674 mutuus
795 5619 990 5675 chuonradum
1013 5619 1113 5674 didam
1136 5636 1219 5690 repam
1239 5619 1329 5674 multra
1351 5618 1434 5672 modis
1455 5617 1569 5687 afflicit,
1592 5617 1636 5672 sai
1655 5618 1711 5686 ipsc
1728 5617 1851 5674 νώἀῐαιο
1866 5635 1923 5674 nan

262 5707 374 5780 potui&
391 5708 466 5762 Ann.
486 5707 623 5775 Schelllatt
642 5725 667 5760 a.
688 5713 758 5776 1247,
779 5707 827 5762 SS.
845 5712 862 5762 l.
882 5707 984 5776 XVII,
998 5722 1027 5775 p.
1046 5712 1112 5774 34&
1127 5708 1162 5774 cs.
1182 5704 1414 5774 Bctlrmer-Ft'ckcr,
1433 5705 1449 5758 l.
1466 5721 1487 5759 c.
1504 5711 1595 5760 45190.
1632 5703 1671 5772 Os.
1688 5704 1766 5760 dmm
1782 5723 1809 5762 n.
1827 5715 1883 5764 339.
