4328 6232
257 339 320 402 498
814 332 862 387 EX
881 332 1099 387 [NNOCthTll
1118 330 1155 385 IV
1175 330 1356 388 uuulsruo

256 509 418 573 eeclesic¹
441 507 631 573 duxerimus
655 506 899 586 destinandum,
931 512 1146 592 oporteatque
1177 507 1284 591 ipsum
1314 528 1356 571 ex
1387 504 1585 569 necessitate
1608 511 1645 568 ut
1668 503 1752 568 sciro
1776 500 1913 587 potestis

256 634 313 700 pro
336 635 376 678 eo
399 611 623 698 promovendo
648 611 758 676 subire
781 612 896 696 gravia
920 611 1044 675 honera
1067 630 1300 697 expensarum,
1323 608 1571 673 universitatem
1589 613 1732 671 vestram
1749 625 1913 689 rogamus,

256 737 426 781 monemus
450 724 483 781 et
511 717 681 781 hortamur
710 720 850 794 attente,
878 715 1013 779 firmiter
1043 714 1252 800 precipiendo
1279 714 1473 779 mandantes
1505 711 1676 798 quatinus,
1706 707 1912 775 considerato

255 818 434 907 prudenter
456 819 542 904 quod
565 819 652 883 idem
672 818 844 903 negotium
867 826 919 882 est
942 825 1008 881 tam
1032 826 1176 882 vestrum
1200 838 1296 903 quam
1320 817 1464 882 omnium
1481 815 1602 882 Christi
1624 813 1784 890 fidelium,
1807 813 1912 876 ecclc-

256 924 460 987 siastiearum
483 924 625 987 maxime
648 942 873 1008 personarum,
898 921 1004 986 eidem
1028 922 1139 1006 legato
1162 921 1319 987 studeatis
1342 922 1384 986 de
1401 921 1495 986 honis
1511 920 1630 985 vestris
1646 918 1714 983 tale
1731 915 1912 982 subsidium

256 1026 435 1091 liberaliter
467 1026 640 1105 exhibere,
673 1024 760 1111 quod
784 1024 961 1089 videamini
992 1032 1147 1110 tanquam
1170 1025 1279 1090 devoti
1304 1026 1402 1089 zelari
1425 1024 1585 1088 honorem
1609 1022 1750 1088 ecclesie
1775 1042 1815 1084 ac
1838 1040 1912 1105 pro-

257 1130 390 1210 iectum,
413 1151 539 1214 uosque
563 1130 594 1193 id
617 1139 746 1214 gratum
771 1128 931 1194 habentes
954 1130 1116 1215 possimus
1140 1129 1276 1215 proinde
1293 1135 1401 1193 vestre
1415 1127 1604 1193 ‘devotionis
1620 1122 1913 1213 promptitudinem

258 1233 497 1298 commendare.

360 1353 438 1418 Dat.
462 1353 623 1440 Lugduni,
647 1357 711 1420 XV
734 1357 808 1422 Kal.
833 1356 923 1436 Maii,
948 1356 1125 1420 aunoV10.

366 1475 404 1539 ln
434 1475 573 1540 eundem
603 1477 733 1541 modum
765 1477 922 1542 fratribus
951 1477 1135 1563 Hospitalis
1165 1476 1419 1542 ierosolimitani
1449 1496 1507 1560 per
1530 1472 1701 1549 Tusciam,
1734 1468 1912 1533 marchiam

258 1578 508 1659 Anconitanam,
532 1579 686 1645 ducatum
711 1581 936 1668 spoletanum,
961 1581 1200 1646 Patrimonium
1225 1582 1314 1647 beati
1329 1580 1431 1653 Petri,
1457 1575 1682 1662 Campaniam,
1705 1573 1913 1649 Maritimam,

258 1680 453 1745 Itomauiam
477 1689 511 1747 et
533 1705 670 1769 regnum
695 1684 807 1749 Sicilie
831 1685 1027 1750 constitutis.

366 1784 404 1848 Iu
436 1785 577 1852 eundem
608 1787 740 1852 modum
770 1790 926 1854 fratribus
958 1789 1073 1853 domus
1103 1795 1216 1852 sancte
1240 1787 1344 1851 Maria
1367 1784 1643 1850 Theotonicorum
1666 1801 1728 1867 per
1749 1779 1912 1853 Tusciam,

258 1888 435 1952 marchiam
458 1890 711 1971 Anconitanam,
734 1890 889 1955 ducatum
913 1893 1040 1978 Spoleti
1063 1897 1125 1957 etc.
1151 1900 1185 1954 ut
1208 1911 1316 1976 supra.

1042 2149 1134 2214 XXI.

363 2250 582 2343 Innocentius
603 2278 661 2344 IV
673 2301 765 2361 puna
787 2281 917 2365 P[ctro]
939 2279 1100 2344 cardinali
1128 2280 1227 2363 lapnto
1245 2281 1430 2362 potestatem
1452 2275 1587 2343 concedit
1607 2273 1792 2340 absoluendi
1813 2292 1914 2337 orrens

257 2381 295 2444 dc
317 2400 411 2463 rcpno
434 2380 565 2446 Siciliae
592 2385 621 2446 ct
648 2381 726 2448 aliis
751 2384 846 2448 terris
875 2383 1039 2466 hpntionis
1066 2403 1156 2463 sirac,
1185 2384 1241 2466 qni
1263 2382 1465 2468 F[ridcrico]
1487 2379 1628 2465 fanerrde
1656 2376 1916 2442 cacornmunicati

254 2484 391 2568 facerint,
413 2485 443 2548 si
464 2484 508 2548 ad
528 2486 687 2551 ecclesiam
708 2487 812 2552 redire
833 2488 999 2552 coluerint.
1482 2486 1576 2562 1249,
1598 2482 1831 2567 Apr.[c.17].

363 2605 425 2658 Inn.
445 2603 495 2657 IV
509 2604 573 2673 Rep.
593 2605 653 2662 Lib.
673 2607 722 2674 VI,
737 2609 759 2673 s.
774 2616 809 2674 71,
827 2623 883 2663 cnr.
902 2625 930 2663 n.
942 2615 982 2663 39.

365 2692 464 2760 Bcrpcr
481 2700 555 2748 4700.

349 2855 390 2927 P.
419 2855 582 2928 Sancti
610 2855 803 2950 Georgii
830 2860 885 2931 ad
905 2858 1062 2932 Velum
1089 2858 1298 2931 Aureum
1328 2856 1542 2946 [diacono
1570 2851 1826 2939 cardinali,

757 2979 1028 3070 apostolice
1056 2979 1188 3053 sedis
1214 2976 1419 3072 legator.

370 3125 452 3191 Cum
483 3131 516 3190 te
549 3147 608 3213 pro
644 3130 777 3212 negotio
807 3136 868 3194 eto.
904 3138 939 3193 ut
976 3150 1075 3215 supra
1109 3150 1230 3214 usque:
1269 3128 1390 3213 exequi
1422 3129 1548 3204 valeas,
1585 3122 1800 3189 rilisolvcndib
1828 3124 1920 3187 iuxta

259 3232 398 3294 formam
421 3230 560 3294 ecclesie
584 3251 696 3296 omnes
720 3239 788 3297 tam
811 3232 852 3298 de
877 3235 947 3319 ipso
972 3255 1073 3318 regno
1097 3254 1193 3318 quam
1218 3232 1290 3296 aliis
1305 3231 1404 3296 terris
1421 3237 1477 3295 tue
1495 3228 1681 3313 legationis,
1705 3228 1761 3313 qui
1776 3225 1919 3292 favendo

258 3334 295 3400 F.
321 3333 484 3418 quendam
507 3332 728 3400 Romanorum
757 3337 946 3422 imperatori
970 3336 1022 3400 vel
1050 3335 1239 3400 adherendo
1263 3334 1370 3401 eidem
1393 3330 1740 3398 excommunicationis
1764 3331 1917 3414 laqueum

259 3437 436 3503 incurrisse
460 3445 646 3517 noscuntur,
680 3439 722 3503 ad
752 3439 941 3504 mandatum
970 3440 1111 3504 ecclesie
1144 3438 1252 3503 redire
1276 3439 1440 3513 volentes,
1471 3458 1508 3500 ae
1538 3432 1714 3500 revocandi
1739 3432 1782 3496 ad
1813 3433 1918 3519 ipsius

260 3541 400 3606 ecclesie
431 3540 672 3626 beneplacitum
706 3549 739 3607 ct
773 3543 805 3606 in
837 3550 983 3606 nostram
1016 3550 1049 3607 ot
1081 3541 1168 3606 sedis
1199 3541 1381 3627 apostolice
1410 3541 1550 3625 gratiam
1580 3536 1790 3612 admittendi,
1823 3543 1919 3623 prout

261 3643 420 3730 expedire
444 3643 584 3723 videris,
607 3645 779 3709 universos
804 3653 869 3709 tam
894 3646 1032 3711 clericos
1056 3665 1153 3729 quam
1176 3644 1277 3709 laicos
1300 3643 1478 3708 eorundem
1501 3644 1661 3720 locorum,
1691 3642 1748 3729 qui
1773 3641 1918 3726 predicto

259 3747 297 3813 F.
321 3746 479 3811 assistere
504 3747 556 3811 rel
580 3747 739 3812 adherere
763 3755 970 3835 presumunt,
1004 3748 1138 3835 plenam
1165 3755 1198 3813 et
1229 3748 1365 3813 liberam
1389 3746 1598 3812 concedimus
1621 3745 1820 3810 auctoritate
1844 3766 1917 3832 prc-

262 3851 404 3916 sentium
429 3855 637 3935 potestatem.

364 3971 440 4036 Dat.
463 3976 500 4034 ut
522 3992 621 4057 supra
631 3970 652 4035 ².

1032 4058 1145 4127 XXII.

364 4157 582 4251 hernantius
605 4187 630 4250 Ι
633 4186 661 4249 V
678 4208 766 4267 papia
788 4188 886 4252 cidem
901 4193 1086 4269 potestatem
1108 4188 1245 4254 concedit
1260 4187 1468 4269 promittendi
1489 4186 1633 4252 mnrrihns
1655 4186 1824 4270 eantare
1844 4207 1919 4252 snae

259 4292 417 4357 ccdcsinm
432 4311 501 4354 carru
516 4289 717 4375 thidcrico]
724 4310 837 4371 nucero
851 4291 1013 4372 fracturam
1028 4313 1092 4357 riori
1108 4312 1190 4370 casa·
1204 4294 1252 4356 ita
1274 4296 1310 4356 nt
1332 4292 1398 4373 ipsc
1420 4291 1467 4356 vel
1488 4290 1608 4371 alian's
1627 4291 1770 4371 filioram
1792 4310 1918 4355 suornm

262 4417 318 4460 rec
339 4399 397 4462 ant
418 4396 590 4475 irnpcrnlor
611 4394 736 4459 existat.
1484 4397 1578 4473 1249,
1600 4393 1832 4479 Apr.[c.17].

364 4515 429 4568 raa.
449 4514 496 4568 rr
511 4514 575 4582 aa.
595 4513 655 4568 mo.
675 4514 721 4580 vr,
736 4517 757 4581 f-
774 4522 810 4582 a,
829 4530 886 4569 aar.
905 4532 932 4568 a.
945 4524 986 4571 so.

364 4599 492 4668 Ponam
514 4601 576 4668 Rea.
590 4607 682 4664 mara·
700 4601 798 4670 Rapa
815 4609 888 4656 4701.
997 4676 1048 4748 E·
1066 4677 1089 4749 d

1040 4700 1051 4749 l
1104 4699 1187 4751 em.

369 4809 452 4874 Ourn
476 4815 508 4873 te
533 4829 592 4894 pro
615 4809 752 4874 instanti
782 4810 915 4893 negotio
942 4811 975 4873 in
997 4809 1125 4874 Italiam
1157 4809 1376 4886 destinemus,
1408 4809 1596 4874 discretioni
1623 4815 1679 4874 tue
1707 4807 1917 4894 promittendi

261 4916 395 4980 firmiter
418 4935 461 4978 cx
484 4920 579 4998 parto
602 4919 714 4978 nostra
735 4914 887 4978 omnibus
910 4915 1046 5000 prelatis
1063 4915 1275 4980 eeclesiarum
1293 4921 1327 4979 et
1342 4913 1543 5001 principibus
1559 4911 1767 4978 secularibus
1782 4912 1915 4979 ceteris·

367 5056 470 5063 ..η--μ-
507 5056 527 5060 -
554 5056 562 5060 -
580 5056 605 5060 --
646 5057 743 5062 --⁴-...
769 5056 961 5064 „-..-.-...--
997 5060 1045 5065 ,-,.
1278 5060 1302 5064 ,.
1326 5060 1418 5064 —-
1443 5056 1751 5063 ...-.—-.v-.-.-—-—-—-
1777 5058 1781 5062 ,
1799 5057 1810 5062 ,

365 5144 389 5205 ⁸)
408 5141 498 5193 Eidem
517 5141 563 5202 R,-
580 5141 706 5192 antccedit
723 5159 750 5191 n.
764 5140 815 5191 ΧΙ.
920 5140 945 5206 1>)
964 5143 1011 5192 tibi
1028 5142 1180 5194 absolvendi
1199 5142 1231 5193 B.

364 5278 389 5341 1)
409 5275 491 5343 Papa
508 5291 564 5328 nna
581 5274 659 5329 died:
678 5278 735 5343 ‘pro
752 5277 853 5345 nepotis
869 5277 945 5346 repni
957 5277 1081 5343 Sicilm&
1098 5291 1132 5330 cn
1148 5293 1201 5344 prro
1218 5276 1400 5330 madriniacus
1416 5277 1486 5329 lianc
1497 5292 1536 5344 cp.
1545 5275 1649 5345 pmldioc
1659 5266 1710 5344 topi
1726 5277 1766 5329 rel
1776 5276 1916 5330 nmaarnri

258 5361 383 5415 almariam.
470 5362 498 5426 2)
518 5360 671 5429 matulam
688 5362 743 5416 mm
765 5368 831 5417 arar
848 5365 917 5431 Apr.
930 5370 962 5418 17
977 5363 1103 5430 aninum
1126 5379 1181 5416 esec
1203 5362 1306 5417 crsdm
1328 5362 1396 5429 lioet,
1420 5361 1488 5430 mein
1507 5360 1605 5415 Patren
1627 5360 1717 5415 aedano
1737 5365 1796 5430 ‘prro
1818 5361 1914 5432 amotio

260 5447 335 5515 sanni
347 5446 461 5501 Sieilinc’
478 5445 627 5501 ‹latinntns
643 5453 681 5502 cst
698 5453 730 5502 nt
746 5448 777 5501 in
794 5465 823 5504 n.
842 5448 879 5516 X,
899 5448 952 5518 XI,
974 5446 1074 5516 XVII,
1096 5447 1127 5502 X
1133 5447 1212 5518 Vna
1232 5454 1256 5503 et
1273 5448 1384 5502 initium
1401 5464 1441 5516 cp.
1458 5465 1520 5503 cram
1536 5464 1564 5502 n.
1580 5447 1611 5502 X
1625 5446 1784 5513 wiscardo&
1800 5447 1845 5502 scri
1860 5462 1916 5502 cun

256 5533 512 5602 praeteritamque
534 5533 614 5588 dmm
636 5534 667 5587 in
688 5535 760 5589 ‘aliis
782 5535 869 5590 terris
890 5536 992 5606 wenta
1012 5535 1110 5602 facit,
1135 5551 1203 5604 qnae
1222 5550 1279 5589 raon
1299 5535 1489 5600 micantior,
1511 5534 1581 5588 haer
1602 5549 1674 5603 quus
1692 5532 1913 5605 ᾱωρακὲαηα

263 5618 432 5674 Maritimam
449 5619 649 5688 wnnndmnsns
663 5620 746 5687 fnisse
758 5637 814 5688 par
831 5625 876 5689 cat,
894 5637 952 5675 eum
964 5625 1026 5690 post
1041 5637 1071 5676 n.
1085 5620 1166 5675 XIX
1178 5621 1320 5692 ponimns,-
1337 5621 1370 5688 at
1389 5638 1418 5675 n.
1432 5618 1534 5676 xxa
