4784 6332
858 409 1058 464 EPISTOLAE
1076 409 1266 468 subucula.
1303 413 1377 468 1247.
1877 425 1936 488 211

288 607 331 650 ne
354 584 457 672 possit
479 589 613 670 propter
636 581 697 646 hoc
724 582 808 648 inter
830 590 862 648 te
887 589 920 647 et
944 583 1032 668 ipsos
1056 584 1165 669 aliqua
1187 585 1337 666 suboriri,
1362 587 1447 672 quod
1471 589 1566 671 absit,
1590 591 1729 658 materia
1749 594 1941 679 questionis,

288 689 528 756 fraternitatem
553 693 642 751 tuam
659 685 836 770 rogandam
853 686 1005 751 duximus
1029 688 1188 752 attentius
1212 697 1245 752 et
1261 690 1469 767 monendam,
1493 693 1648 778 quatinus
1665 696 1841 762 attendens
1863 717 1940 784 pru·

290 794 407 859 denter
440 812 537 878 qnam
577 789 786 856 inhonestum
822 789 864 853 sit
903 790 1111 856 alilictiouem
1150 792 1372 878 superaddere
1408 795 1545 880 prelatis
1586 797 1773 865 hominihus
1813 800 1941 867 afflictis

290 898 464 963 occasione
488 893 652 960 discordie
676 893 888 970 imminentis,
919 915 937 956 a
968 894 1188 980 predictorum
1220 897 1384 961 hominum
1409 900 1584 964 vexatione
1609 902 1650 966 de
1674 907 1784 969 cetero
1807 906 1940 990 penitus

290 1002 543 1086 conquiescens,
568 998 615 1062 eis
638 997 749 1062 ablata
772 998 944 1061 restituere
974 1019 1039 1062 non
1068 1010 1261 1085 postponas:
1291 1023 1404 1086 preces
1437 1008 1567 1068 nostres
1596 1005 1706 1070 taliter
1729 1005 1940 1088 admissurus,

289 1105 376 1190 quod
401 1103 610 1167 devotionern
635 1109 723 1164 tuam
745 1100 881 1186 proinde
905 1102 1023 1166 merito
1048 1104 1327 1182 commendantes,
1351 1106 1525 1191 providere
1549 1129 1648 1194 super
1670 1110 1733 1173 hiis
1758 1111 1853 1176 aliter
1876 1133 1940 1177 non

289 1229 459 1294 cogamur,
493 1207 569 1292 qnia
597 1205 734 1292 prelatis
757 1205 1013 1292 archiepiscopis
1044 1206 1075 1270 in
1108 1228 1166 1272 suo
1191 1208 1261 1272 iure
1285 1209 1472 1274 nullatenus
1497 1211 1612 1276 deesse
1637 1234 1826 1299 possumus,
1859 1215 1941 1279 siout

288 1315 389 1378 etiam
413 1333 473 1378 nec
497 1309 667 1376 debemus.

396 1431 472 1498 Det.
494 1429 658 1515 Lugduni,
673 1427 707 1492 Il
730 1427 805 1494 Kal.
828 1427 1008 1510 Februarii,
1031 1451 1116 1496 anno
1140 1437 1264 1518 quarto.

1093 1623 1139 1688 11.

738 1795 776 1813 ..
805 1741 1168 1835 archiepiscopo
1202 1743 1491 1836 Magunlino.

395 1889 467 1956 Etsi
491 1913 550 1956 nos
574 1896 713 1976 gravent
745 1890 862 1954 iniurie
887 1897 947 1956 etc.
978 1898 1014 1956 ut
1043 1894 1074 1956 in
1106 1895 1256 1979 proxima
1286 1916 1403 1981 nsque:
1438 1897 1673 1983 amplexamur.
1720 1897 1801 1964 Cum
1831 1900 1941 1984 igitur,

286 1997 369 2061 sicut
392 1995 487 2060 nobis
510 2015 677 2082 exponere
702 1995 867 2068 curavisti,
892 1997 1091 2062 venerabilis
1115 1998 1217 2062 irater
1240 2006 1352 2063 noster
1377 2048 1383 2064 .
1404 2048 1410 2062 .
1435 2001 1702 2086 archiepiscopus
1725 2000 1940 2068 Treverensis

287 2107 415 2164 vestros
439 2098 597 2178 homines,
622 2096 846 2182 extorquendo
876 2097 916 2160 ob
946 2099 993 2162 eis
1025 2099 1171 2164 thelonia
1201 2107 1234 2165 et
1257 2101 1407 2190 pedagia,
1438 2110 1499 2169 etc.
1529 2125 1646 2188 usque:
1676 2125 1735 2168 nec
1766 2104 1938 2184 debemus,

288 2203 398 2267 verbis
425 2207 650 2288 competenter
681 2199 823 2264 mutatis.
869 2199 1030 2274 Quocirca
1055 2203 1294 2268 fraternitatem
1318 2213 1407 2269 tuam
1439 2206 1525 2270 ellici
1550 2206 1701 2271 volumus
1725 2213 1840 2272 tenore
1863 2230 1938 2294 pre-

221 2325 232 2361 ³
288 2306 428 2370 sentium
457 2304 642 2381 certiorem,
673 2302 759 2388 quod
789 2303 815 2366 si
842 2303 1009 2388 predictus
1037 2307 1303 2395 archiepiscopus
1335 2307 1497 2372 mandatis
1527 2311 1647 2374 nostris
1680 2332 1743 2374 non
1777 2313 1939 2375 crrraverit

287 2409 431 2490 obedire,
454 2430 514 2472 nos
538 2407 676 2472 eumad
701 2408 859 2494 premissa
882 2405 1085 2474 districtione
1110 2431 1173 2495 que
1198 2411 1350 2476 convenit
1373 2413 1618 2496 compellemus.

396 2531 472 2596 Dat.
495 2537 532 2594 ut
553 2531 585 2593 in
609 2529 769 2615 proxima.

398 2651 434 2714 ln
460 2651 599 2715 (eundem
624 2650 754 2714 modum
781 2699 812 2714 ..
837 2651 1086 2739 archiepiscopo
1111 2653 1323 2718 Coloniensi¹
1348 2653 1433 2718 sicut
1457 2653 1660 2740 Maguntino.

1070 3175 1156 3250 989.

390 3289 608 3381 Innocentius
632 3313 689 3380 11*
700 3336 790 3398 popo
815 3317 995 3399 praeposito
1022 3315 1134 3380 Sancti
1165 3314 1255 3380 Petri
1283 3315 1320 3379 dc
1353 3314 1534 3380 Vimhh'has
1560 3315 1775 3384 Ihrrconcnsr's
1810 3320 1939 3385 diocesis

208 3456 214 3472 ·
286 3419 426 3496 monitat,
448 3425 483 3482 ct
501 3419 690 3484 maleam
711 3417 748 3481 dc
765 3417 856 3494 Ocra,
879 3420 1037 3482 notrrrionr
1054 3417 1214 3484 Fridcrici
1228 3419 1384 3500 qrromlnm
1400 3419 1609 3502 inqrcratmts,
1631 3421 1671 3484 ao
1686 3422 1814 3487 ecclesa
1836 3424 1940 3486 sancti

285 3523 425 3588 Easonii
446 3523 660 3588 Frnconcnsir
682 3523 811 3586 diocesis
833 3525 973 3586 crnoecct
994 3542 1121 3602 carnique
1144 3521 1290 3586 Berardo
1318 3522 1354 3584 dc
1377 3521 1537 3586 Farconr'o
1558 3523 1682 3602 clerico,
1705 3525 1852 3608 scriptorr'
1873 3545 1939 3602 erro,

288 3625 440 3712 conferat.
1585 3628 1678 3705 1247,
1702 3627 1795 3692 Febr.
1821 3633 1849 3692 1.

389 3745 455 3799 Ino.
467 3745 517 3799 IV
532 3745 595 3812 Rop.
612 3743 708 3811 Votl,
727 3749 790 3810 3tlo,·
812 3742 872 3797 Ino.
888 3743 940 3810 11⁷,
957 3749 1015 3798 389.
1057 3743 1215 3812 Rhamsen,
1240 3743 1312 3811 qnod
1331 3744 1431 3812 Beroe·
1452 3743 1545 3816 adedit,
1570 3761 1628 3800 cnm
1649 3747 1763 3814 Raetis
1781 3747 1895 3802 contulit
1914 3754 1938 3801 et

286 3848 318 3886 ae
335 3833 371 3886 eie
389 3831 517 3902 crrpplrrit
541 3830 569 3885 V.
584 3829 623 3884 01.
642 3831 677 3883 A.
699 3829 777 3883 Men.

393 3919 580 3988 separasse.

396 4137 397 4142 Ἰ
483 4102 521 4119 ..
551 4042 798 4136 preposito
827 4044 1028 4117 ecclesie
1057 4044 1210 4118 sancti
1238 4045 1365 4119 Petri
1393 4047 1445 4120 de
1473 4047 1748 4122 Vinielibus

451 4157 455 4166 '
824 4163 1146 4239 Furconensis
1181 4165 1402 4240 diocesis

395 4315 572 4400 Indignum
601 4321 667 4394 est,
694 4321 729 4379 ut
761 4335 815 4378 eos
839 4316 945 4398 gratie
969 4324 1081 4381 nostre
1105 4317 1326 4400 relinquamus
1349 4320 1516 4401 expertes,
1541 4335 1678 4400 quorum
1707 4314 1937 4380 devotionem·

289 4420 451 4485 continuis
482 4419 650 4503 obsequiis
678 4418 879 4504 experimur,
913 4439 986 4481 curn
1015 4439 1255 4504 nonnumquam
1286 4420 1358 4483 illos
1382 4418 1615 4482 beneficiorum
1647 4425 1833 4483 nostrorum
1856 4419 1937 4483 faci-

289 4544 381 4588 amus
405 4522 592 4608 participes,
617 4541 753 4605 quorum
777 4527 853 4584 suut
875 4520 969 4584 nobis
992 4522 1110 4586 merita
1125 4523 1307 4608 inexperta.
1352 4521 1461 4604 Digne
1483 4521 1581 4606 igitur
1597 4527 1692 4586 notos
1709 4523 1936 4608 prosequimur

289 4628 410 4712 gratia,
434 4647 507 4691 cum
531 4625 694 4690 interdum
719 4645 758 4688 ea
780 4624 1009 4709 preveniamus
1034 4626 1171 4709 ignotos.
1218 4625 1304 4688 Hine
1328 4619 1506 4708 est‚'quod
1529 4645 1602 4688 cnm
1625 4623 1803 4688 Gualterus
1827 4623 1933 4687 dictus

287 4730 328 4794 de
345 4729 442 4808 Ocra,
465 4727 610 4793 notarius
624 4726 790 4791 Frederici
807 4727 969 4812 quondam
985 4728 1205 4792 Romanorum
1222 4727 1455 4812 imperatoris²,
1473 4727 1645 4791 ecclesiam
1666 4727 1771 4791 sancti
1784 4724 1937 4790 Eusanii³

286 4833 505 4896 Fureonensis
534 4831 675 4896 diocesis
706 4830 852 4894 obtinere
882 4830 1024 4904 dicatur,
1065 4851 1139 4907 nos,
1174 4830 1330 4894 dilectum
1362 4830 1462 4894 filiurn
1494 4829 1673 4895 Berardum
1704 4830 1745 4894 de
1775 4829 1934 4893 Furconio

287 4937 456 5018 clericum,
487 4937 678 5021 scriptorem
701 4941 863 5004 nostrum,
893 4954 990 5018 quem
1020 4940 1154 5021 propter
1184 4935 1286 4998 multa
1317 4933 1387 4997 eius
1420 4933 1577 5018 obsequia
1608 4932 1701 4997 nobis
1729 4939 1762 4996 et
1791 4933 1935 4996 ecclesie

207 5059 234 5096 :rs
288 5039 436 5104 Romane
459 5041 606 5124 impensa
629 5044 757 5123 gratum
774 5037 934 5101 hebemus
957 5038 1132 5122 plurimum
1156 5046 1189 5101 ct
1212 5043 1394 5122 acceptum,
1417 5037 1625 5101 intendentes
1649 5036 1759 5100 lavore
1781 5037 1936 5122 prosequi

601 5195 713 5200 ψ--
724 5195 746 5200 .-
758 5195 784 5202 00.
805 5195 860 5200 .-.--
930 5197 974 5202 --,-
1013 5197 1058 5200 --
1120 5197 1135 5201 .-
1183 5196 1218 5200 ..-
1245 5195 1251 5200 .
1262 5195 1289 5200 -.
1314 5195 1348 5201 ᾖ.
1405 5195 1427 5200 -.
1437 5195 1482 5202 ...-
1516 5195 1610 5200 -.—-
1668 5194 1779 5200 --———
1792 5193 1829 5200 0—-

389 5299 413 5364 ⁸)
432 5299 593 5352 devotionem
611 5316 720 5366 querum
739 5297 770 5349 R.

390 5436 415 5499 1)
435 5435 514 5488 Alios
528 5433 632 5502 pretias
647 5433 670 5486 ci
687 5437 710 5486 ct
728 5432 844 5486 eeclesiae
862 5432 918 5485 eires
936 5437 991 5486 lam
1007 5434 1092 5499 fodere
1110 5449 1153 5501 op.
1168 5433 1266 5500 Beroen
1277 5437 1443 5486 acor-2093
1456 5453 1489 5477 =
1503 5429 1631 5497 Potldost,
1647 5429 1710 5497 qu.
1728 5436 1814 5496 12264,
1834 5436 1939 5483 122640

287 5519 356 5589 ard,
374 5527 399 5575 et
418 5521 548 5588 Potthoat,
569 5521 631 5588 Rrp.
651 5527 753 5574 lurore
772 5525 794 5573 rt
812 5520 835 5583 b,
856 5527 947 5585 12465,
968 5527 1074 5586 trudon,
1095 5525 1209 5586 zalton,
1232 5535 1299 5587 qrme
1317 5535 1356 5587 cp.
1378 5518 1408 5571 r'n
1429 5518 1493 5587 Ray.
1519 5533 1574 5569 noro
1596 5521 1696 5570 coctam.
1807 5515 1835 5582 ἓ)
1854 5515 1939 5568 Hunc

287 5609 428 5680 r'rnjrrrctor
444 5623 473 5660 eo
483 5613 593 5676 ternpore
609 5608 715 5660 electum
730 5605 890 5674 Caphereum
906 5607 1069 5667 nominarim
1085 5621 1143 5659 cunr
1164 5607 1230 5674 Apr.
1244 5613 1274 5660 21
1288 5607 1376 5674 patino
1394 5606 1432 5658 ilo
1445 5604 1606 5672 appellatum
1618 5603 1778 5664 r'erem'mae
1796 5601 1938 5656 Herillorrl-

210 5713 237 5750 oo
289 5695 425 5762 neore,
444 5695 460 5750 l.
478 5711 499 5748 c.
518 5699 535 5749 t.
555 5693 602 5761 ΓΙ,
618 5711 645 5762 p.
659 5701 722 5758 52ΐ,·
739 5695 770 5762 cs.
790 5696 866 5748 etiem
880 5709 909 5762 p.
921 5701 977 5760 516,
991 5699 1043 5746 not.
1114 5695 1140 5760 3)
1161 5695 1188 5746 S.
1208 5693 1335 5746 Erisane
1348 5691 1500 5756 Formnrac,
1519 5706 1577 5742 mm
1595 5690 1707 5743 rrrrrdnrn
1724 5707 1742 5742 o
1760 5690 1807 5744 cr'r.
1827 5689 1937 5758 Aqrrilo.

1678 5784 1732 5841 27*
