<?xml version="1.0" encoding="UTF-8"?>
<!DOCTYPE html PUBLIC "-//W3C//DTD XHTML 1.0 Transitional//EN"
    "http://www.w3.org/TR/xhtml1/DTD/xhtml1-transitional.dtd">
<html xmlns="http://www.w3.org/1999/xhtml" xml:lang="en" lang="en">
 <head>
  <title>
</title>
<meta http-equiv="Content-Type" content="text/html;charset=utf-8" />
  <meta name='ocr-system' content='tesseract 3.04.00' />
  <meta name='ocr-capabilities' content='ocr_page ocr_carea ocr_par ocr_line ocrx_word'/>
</head>
<body>
  <div class='ocr_page' id='page_1' title='image "./monumentagerman00popegoog_0382.png"; bbox 0 0 4784 6334; ppageno 0'>
   <div class='ocr_carea' id='block_1_1' title="bbox 849 399 1932 472">
    <p class='ocr_par' dir='ltr' id='par_1_1' title="bbox 849 399 1932 472">
     <span class='ocr_line' id='line_1_1' title="bbox 849 399 1932 472; baseline 0.016 -18"><span class='ocrx_word' id='word_1_1' title='bbox 849 401 1048 456; x_wconf 79' lang='lat' dir='ltr'><strong>EPIS&#39;l&#39;OLAll</strong></span> <span class='ocrx_word' id='word_1_2' title='bbox 1066 399 1258 457; x_wconf 72' lang='lat' dir='ltr'><strong>subucula.</strong></span> <span class='ocrx_word' id='word_1_3' title='bbox 1295 403 1370 457; x_wconf 77' lang='lat'>1248.</span> <span class='ocrx_word' id='word_1_4' title='bbox 1872 407 1932 472; x_wconf 87' lang='grc'><strong>361</strong></span> 
     </span>
    </p>
   </div>
   <div class='ocr_carea' id='block_1_2' title="bbox 289 573 1939 761">
    <p class='ocr_par' dir='ltr' id='par_1_2' title="bbox 289 573 1939 761">
     <span class='ocr_line' id='line_1_2' title="bbox 289 573 1939 659; baseline 0.002 -21"><span class='ocrx_word' id='word_1_5' title='bbox 289 575 474 638; x_wconf 81' lang='lat' dir='ltr'><strong>sententiam</strong></span> <span class='ocrx_word' id='word_1_6' title='bbox 494 575 653 640; x_wconf 76' lang='lat' dir='ltr'><strong>comitiam</strong></span> <span class='ocrx_word' id='word_1_7' title='bbox 668 577 883 656; x_wconf 72' lang='lat' dir='ltr'><strong>praestantes,</strong></span> <span class='ocrx_word' id='word_1_8' title='bbox 906 575 1048 639; x_wconf 81' lang='lat' dir='ltr'><strong>manibus</strong></span> <span class='ocrx_word' id='word_1_9' title='bbox 1068 573 1180 655; x_wconf 75' lang='lat' dir='ltr'><strong>feodis</strong></span> <span class='ocrx_word' id='word_1_10' title='bbox 1201 576 1414 642; x_wconf 82' lang='lat' dir='ltr'><strong>ecclesiasticis</strong></span> <span class='ocrx_word' id='word_1_11' title='bbox 1429 577 1558 658; x_wconf 64' lang='lat' dir='ltr'><strong>pareat</strong></span> <span class='ocrx_word' id='word_1_12' title='bbox 1578 599 1674 659; x_wconf 82' lang='lat' dir='ltr'><strong>eoquo</strong></span> <span class='ocrx_word' id='word_1_13' title='bbox 1694 578 1809 642; x_wconf 81' lang='lat' dir='ltr'><strong>devotis</strong></span> <span class='ocrx_word' id='word_1_14' title='bbox 1830 578 1939 642; x_wconf 82' lang='lat' dir='ltr'><strong>rniltti-</strong></span> 
     </span>
     <span class='ocr_line' id='line_1_3' title="bbox 290 678 1850 761; baseline 0.003 -19"><span class='ocrx_word' id='word_1_15' title='bbox 290 678 346 742; x_wconf 75' lang='lat' dir='ltr'><strong>aas</strong></span> <span class='ocrx_word' id='word_1_16' title='bbox 371 678 628 745; x_wconf 68' lang='lat' dir='ltr'><em>Cremonensibus</em></span> <span class='ocrx_word' id='word_1_17' title='bbox 650 679 822 761; x_wconf 72' lang='lat' dir='ltr'><strong>auferant.</strong></span> <span class='ocrx_word' id='word_1_18' title='bbox 1557 683 1652 758; x_wconf 77' lang='lat'><strong>1248,</strong></span> <span class='ocrx_word' id='word_1_19' title='bbox 1674 680 1774 744; x_wconf 85' lang='lat' dir='ltr'><strong>Mart.</strong></span> <span class='ocrx_word' id='word_1_20' title='bbox 1798 685 1850 747; x_wconf 84' lang='lat'><strong>13.</strong></span> 
     </span>
    </p>
   </div>
   <div class='ocr_carea' id='block_1_3' title="bbox 393 797 998 954">
    <p class='ocr_par' dir='ltr' id='par_1_3' title="bbox 393 797 998 954">
     <span class='ocr_line' id='line_1_4' title="bbox 393 797 998 869; baseline 0.008 -19"><span class='ocrx_word' id='word_1_21' title='bbox 393 797 456 850; x_wconf 80' lang='lat' dir='ltr'><strong>Ian.</strong></span> <span class='ocrx_word' id='word_1_22' title='bbox 474 798 524 852; x_wconf 87' lang='lat' dir='ltr'><strong>IV</strong></span> <span class='ocrx_word' id='word_1_23' title='bbox 534 798 599 868; x_wconf 77' lang='lat' dir='ltr'><strong>Rep.</strong></span> <span class='ocrx_word' id='word_1_24' title='bbox 619 797 673 853; x_wconf 88' lang='lat' dir='ltr'><strong>Vol.</strong></span> <span class='ocrx_word' id='word_1_25' title='bbox 692 800 716 869; x_wconf 90' lang='lat' dir='ltr'><strong>I,</strong></span> <span class='ocrx_word' id='word_1_26' title='bbox 734 806 796 868; x_wconf 83' lang='lat'><strong>513,·</strong></span> <span class='ocrx_word' id='word_1_27' title='bbox 814 799 874 855; x_wconf 69' lang='lat' dir='ltr'><strong>Iao.</strong></span> <span class='ocrx_word' id='word_1_28' title='bbox 894 799 923 868; x_wconf 88' lang='lat' dir='ltr'><strong>V,</strong></span> <span class='ocrx_word' id='word_1_29' title='bbox 941 807 998 855; x_wconf 82' lang='grc'><em>658.</em></span> 
     </span>
     <span class='ocr_line' id='line_1_5' title="bbox 394 885 580 954; baseline 0.005 -15"><span class='ocrx_word' id='word_1_30' title='bbox 394 885 491 954; x_wconf 73' lang='lat' dir='ltr'><strong>nepa</strong></span> <span class='ocrx_word' id='word_1_31' title='bbox 508 892 580 941; x_wconf 72' lang='lat' dir='ltr'><strong>osor.</strong></span> 
     </span>
    </p>
   </div>
   <div class='ocr_carea' id='block_1_4' title="bbox 691 1012 1541 1106">
    <p class='ocr_par' dir='ltr' id='par_1_4' title="bbox 691 1012 1541 1106">
     <span class='ocr_line' id='line_1_6' title="bbox 691 1012 1541 1106; baseline 0.002 -20"><span class='ocrx_word' id='word_1_32' title='bbox 691 1069 730 1086; x_wconf 91' lang='lat'><strong>..</strong></span> <span class='ocrx_word' id='word_1_33' title='bbox 759 1012 990 1088; x_wconf 80' lang='lat' dir='ltr'><strong>Parmensi</strong></span> <span class='ocrx_word' id='word_1_34' title='bbox 1017 1019 1059 1087; x_wconf 86' lang='lat' dir='ltr'><strong>et</strong></span> <span class='ocrx_word' id='word_1_35' title='bbox 1086 1069 1126 1087; x_wconf 88' lang='lat'><strong>..</strong></span> <span class='ocrx_word' id='word_1_36' title='bbox 1153 1013 1346 1106; x_wconf 68' lang='lat' dir='ltr'><strong>Regino*</strong></span> <span class='ocrx_word' id='word_1_37' title='bbox 1372 1013 1541 1088; x_wconf 75' lang='lat' dir='ltr'><strong>electis</strong></span> 
     </span>
    </p>
   </div>
   <div class='ocr_carea' id='block_1_5' title="bbox 214 1158 1935 1767">
    <p class='ocr_par' dir='ltr' id='par_1_5' title="bbox 288 1158 1935 1558">
     <span class='ocr_line' id='line_1_7' title="bbox 394 1158 1933 1250; baseline 0.003 -27"><span class='ocrx_word' id='word_1_38' title='bbox 394 1158 489 1242; x_wconf 81' lang='lat' dir='ltr'><strong>Cum,</strong></span> <span class='ocrx_word' id='word_1_39' title='bbox 523 1160 607 1225; x_wconf 90' lang='lat' dir='ltr'><strong>sieut</strong></span> <span class='ocrx_word' id='word_1_40' title='bbox 635 1162 837 1247; x_wconf 89' lang='lat' dir='ltr'><strong>accepimus,</strong></span> <span class='ocrx_word' id='word_1_41' title='bbox 870 1161 1000 1248; x_wconf 89' lang='lat' dir='ltr'><strong>quidam</strong></span> <span class='ocrx_word' id='word_1_42' title='bbox 1030 1161 1118 1226; x_wconf 88' lang='lat' dir='ltr'><strong>cives</strong></span> <span class='ocrx_word' id='word_1_43' title='bbox 1143 1159 1379 1228; x_wconf 82' lang='lat' dir='ltr'><strong>Cremonenses</strong></span> <span class='ocrx_word' id='word_1_44' title='bbox 1402 1163 1440 1228; x_wconf 82' lang='lat' dir='ltr'><strong>F.</strong></span> <span class='ocrx_word' id='word_1_45' title='bbox 1463 1163 1625 1248; x_wconf 91' lang='lat' dir='ltr'><strong>quondam</strong></span> <span class='ocrx_word' id='word_1_46' title='bbox 1647 1163 1834 1250; x_wconf 90' lang='lat' dir='ltr'><strong>imperatori</strong></span> <span class='ocrx_word' id='word_1_47' title='bbox 1858 1171 1933 1250; x_wconf 89' lang='lat' dir='ltr'><strong>post</strong></span> 
     </span>
     <span class='ocr_line' id='line_1_8' title="bbox 288 1265 1935 1352; baseline 0.002 -24"><span class='ocrx_word' id='word_1_48' title='bbox 288 1267 388 1329; x_wconf 89' lang='lat' dir='ltr'><strong>latam</strong></span> <span class='ocrx_word' id='word_1_49' title='bbox 416 1265 449 1328; x_wconf 90' lang='lat' dir='ltr'><strong>in</strong></span> <span class='ocrx_word' id='word_1_50' title='bbox 478 1286 553 1330; x_wconf 91' lang='lat' dir='ltr'><strong>eum</strong></span> <span class='ocrx_word' id='word_1_51' title='bbox 580 1265 791 1352; x_wconf 84' lang='lat' dir='ltr'><strong>depositionis</strong></span> <span class='ocrx_word' id='word_1_52' title='bbox 821 1265 1016 1330; x_wconf 88' lang='lat' dir='ltr'><strong>sententiam</strong></span> <span class='ocrx_word' id='word_1_53' title='bbox 1047 1265 1251 1350; x_wconf 75' lang='lat' dir='ltr'><strong>prostiterint</strong></span> <span class='ocrx_word' id='word_1_54' title='bbox 1273 1271 1307 1330; x_wconf 91' lang='lat' dir='ltr'><strong>et</strong></span> <span class='ocrx_word' id='word_1_55' title='bbox 1328 1271 1476 1352; x_wconf 83' lang='lat' dir='ltr'><strong>prestent</strong></span> <span class='ocrx_word' id='word_1_56' title='bbox 1505 1267 1694 1348; x_wconf 88' lang='lat' dir='ltr'><strong>consilium,</strong></span> <span class='ocrx_word' id='word_1_57' title='bbox 1718 1267 1878 1332; x_wconf 85' lang='lat' dir='ltr'><strong>auxilinm</strong></span> <span class='ocrx_word' id='word_1_58' title='bbox 1901 1273 1935 1331; x_wconf 94' lang='lat' dir='ltr'><strong>et</strong></span> 
     </span>
     <span class='ocr_line' id='line_1_9' title="bbox 290 1368 1934 1457; baseline 0.002 -26"><span class='ocrx_word' id='word_1_59' title='bbox 290 1368 445 1446; x_wconf 84' lang='lat' dir='ltr'><strong>favorem,</strong></span> <span class='ocrx_word' id='word_1_60' title='bbox 467 1389 538 1449; x_wconf 92' lang='lat' dir='ltr'><strong>nos,</strong></span> <span class='ocrx_word' id='word_1_61' title='bbox 561 1368 710 1434; x_wconf 85' lang='lat' dir='ltr'><strong>nolentes</strong></span> <span class='ocrx_word' id='word_1_62' title='bbox 733 1369 819 1454; x_wconf 93' lang='lat' dir='ltr'><strong>quod</strong></span> <span class='ocrx_word' id='word_1_63' title='bbox 841 1377 931 1436; x_wconf 88' lang='lat' dir='ltr'><strong>tanto</strong></span> <span class='ocrx_word' id='word_1_64' title='bbox 947 1369 1199 1456; x_wconf 83' lang='lat' dir='ltr'><strong>presumptionis</strong></span> <span class='ocrx_word' id='word_1_65' title='bbox 1222 1371 1389 1435; x_wconf 83' lang='lat' dir='ltr'><strong>temeritas</strong></span> <span class='ocrx_word' id='word_1_66' title='bbox 1413 1377 1560 1436; x_wconf 88' lang='lat' dir='ltr'><strong>transeat</strong></span> <span class='ocrx_word' id='word_1_67' title='bbox 1582 1373 1655 1436; x_wconf 86' lang='lat' dir='ltr'><strong>aliis</strong></span> <span class='ocrx_word' id='word_1_68' title='bbox 1679 1372 1713 1435; x_wconf 92' lang='lat' dir='ltr'><strong>in</strong></span> <span class='ocrx_word' id='word_1_69' title='bbox 1736 1371 1934 1457; x_wconf 87' lang='lat' dir='ltr'><strong>exemplum,</strong></span> 
     </span>
     <span class='ocr_line' id='line_1_10' title="bbox 291 1471 1935 1558; baseline 0.001 -22"><span class='ocrx_word' id='word_1_70' title='bbox 291 1471 496 1552; x_wconf 88' lang='lat' dir='ltr'><strong>mandamus,</strong></span> <span class='ocrx_word' id='word_1_71' title='bbox 528 1473 678 1557; x_wconf 85' lang='lat' dir='ltr'><strong>quatinus</strong></span> <span class='ocrx_word' id='word_1_72' title='bbox 712 1472 846 1539; x_wconf 89' lang='lat' dir='ltr'><strong>eosdem</strong></span> <span class='ocrx_word' id='word_1_73' title='bbox 878 1473 966 1538; x_wconf 90' lang='lat' dir='ltr'><strong>cives</strong></span> <span class='ocrx_word' id='word_1_74' title='bbox 999 1473 1150 1538; x_wconf 89' lang='lat' dir='ltr'><strong>omnibus</strong></span> <span class='ocrx_word' id='word_1_75' title='bbox 1180 1473 1301 1554; x_wconf 86' lang='lat' dir='ltr'><strong>feudis,</strong></span> <span class='ocrx_word' id='word_1_76' title='bbox 1334 1493 1396 1558; x_wconf 93' lang='lat' dir='ltr'><strong>que</strong></span> <span class='ocrx_word' id='word_1_77' title='bbox 1428 1496 1448 1538; x_wconf 93' lang='lat' dir='ltr'><strong>a</strong></span> <span class='ocrx_word' id='word_1_78' title='bbox 1477 1474 1683 1540; x_wconf 89' lang='lat' dir='ltr'><strong>monasteriis</strong></span> <span class='ocrx_word' id='word_1_79' title='bbox 1706 1476 1758 1540; x_wconf 87' lang='lat' dir='ltr'><strong>vel</strong></span> <span class='ocrx_word' id='word_1_80' title='bbox 1787 1475 1935 1540; x_wconf 89' lang='lat' dir='ltr'><strong>eeclesiis</strong></span> 
     </span>
    </p>

    <p class='ocr_par' dir='ltr' id='par_1_6' title="bbox 214 1575 1934 1767">
     <span class='ocr_line' id='line_1_11' title="bbox 214 1575 1934 1663; baseline 0.002 -24"><span class='ocrx_word' id='word_1_81' title='bbox 214 1601 240 1639; x_wconf 85' lang='lat' dir='ltr'><strong>m</strong></span> <span class='ocrx_word' id='word_1_82' title='bbox 292 1575 455 1654; x_wconf 88' lang='lat' dir='ltr'><strong>obtinent,</strong></span> <span class='ocrx_word' id='word_1_83' title='bbox 485 1583 644 1662; x_wconf 90' lang='lat' dir='ltr'><strong>perpetuo</strong></span> <span class='ocrx_word' id='word_1_84' title='bbox 675 1578 869 1642; x_wconf 88' lang='lat' dir='ltr'><strong>auctoritate</strong></span> <span class='ocrx_word' id='word_1_85' title='bbox 899 1583 1011 1642; x_wconf 91' lang='lat' dir='ltr'><strong>nostra</strong></span> <span class='ocrx_word' id='word_1_86' title='bbox 1037 1577 1217 1663; x_wconf 80' lang='lat' dir='ltr'><strong>privantes,</strong></span> <span class='ocrx_word' id='word_1_87' title='bbox 1246 1598 1287 1641; x_wconf 91' lang='lat' dir='ltr'><strong>ea</strong></span> <span class='ocrx_word' id='word_1_88' title='bbox 1317 1576 1473 1642; x_wconf 88' lang='lat' dir='ltr'><strong>militibus</strong></span> <span class='ocrx_word' id='word_1_89' title='bbox 1497 1577 1775 1644; x_wconf 81' lang='lat' dir='ltr'><strong>Cremonensibus</strong></span> <span class='ocrx_word' id='word_1_90' title='bbox 1808 1579 1934 1643; x_wconf 90' lang='lat' dir='ltr'><strong>devotis</strong></span> 
     </span>
     <span class='ocr_line' id='line_1_12' title="bbox 291 1679 1934 1767; baseline 0.002 -23"><span class='ocrx_word' id='word_1_91' title='bbox 291 1679 441 1758; x_wconf 88' lang='lat' dir='ltr'><strong>ecelesia,</strong></span> <span class='ocrx_word' id='word_1_92' title='bbox 458 1679 514 1764; x_wconf 91' lang='lat' dir='ltr'><strong>qui</strong></span> <span class='ocrx_word' id='word_1_93' title='bbox 529 1679 660 1745; x_wconf 88' lang='lat' dir='ltr'><strong>student</strong></span> <span class='ocrx_word' id='word_1_94' title='bbox 677 1681 780 1766; x_wconf 90' lang='lat' dir='ltr'><strong>ipsius</strong></span> <span class='ocrx_word' id='word_1_95' title='bbox 803 1681 942 1746; x_wconf 90' lang='lat' dir='ltr'><strong>ecclesie</strong></span> <span class='ocrx_word' id='word_1_96' title='bbox 964 1700 1156 1767; x_wconf 90' lang='lat' dir='ltr'><strong>promovere</strong></span> <span class='ocrx_word' id='word_1_97' title='bbox 1179 1679 1356 1764; x_wconf 84' lang='lat' dir='ltr'><strong>negotium,</strong></span> <span class='ocrx_word' id='word_1_98' title='bbox 1381 1680 1571 1758; x_wconf 82' lang='lat' dir='ltr'><strong>conferatis3</strong></span> <span class='ocrx_word' id='word_1_99' title='bbox 1595 1681 1847 1748; x_wconf 79' lang='lat' dir='ltr'><strong>contradictores</strong></span> <span class='ocrx_word' id='word_1_100' title='bbox 1872 1690 1934 1748; x_wconf 93' lang='lat' dir='ltr'><strong>etc.</strong></span> 
     </span>
    </p>
   </div>
   <div class='ocr_carea' id='block_1_6' title="bbox 393 1798 1149 1886">
    <p class='ocr_par' dir='ltr' id='par_1_7' title="bbox 393 1798 1149 1886">
     <span class='ocr_line' id='line_1_13' title="bbox 393 1798 1149 1886; baseline 0.001 -23"><span class='ocrx_word' id='word_1_101' title='bbox 393 1798 470 1865; x_wconf 91' lang='lat' dir='ltr'><strong>Dat.</strong></span> <span class='ocrx_word' id='word_1_102' title='bbox 492 1799 654 1886; x_wconf 87' lang='lat' dir='ltr'><strong>Lugduni,</strong></span> <span class='ocrx_word' id='word_1_103' title='bbox 677 1800 729 1867; x_wconf 88' lang='lat'><strong>111</strong></span> <span class='ocrx_word' id='word_1_104' title='bbox 751 1800 829 1866; x_wconf 93' lang='lat' dir='ltr'><strong>Idus</strong></span> <span class='ocrx_word' id='word_1_105' title='bbox 851 1801 970 1876; x_wconf 86' lang='lat' dir='ltr'><strong>Martii,</strong></span> <span class='ocrx_word' id='word_1_106' title='bbox 994 1822 1077 1866; x_wconf 90' lang='lat' dir='ltr'><strong>anno</strong></span> <span class='ocrx_word' id='word_1_107' title='bbox 1093 1800 1149 1865; x_wconf 86' lang='lat' dir='ltr'><strong>V0.</strong></span> 
     </span>
    </p>
   </div>
   <div class='ocr_carea' id='block_1_7' title="bbox 907 2065 1317 2074">
    <p class='ocr_par' dir='ltr' id='par_1_8' title="bbox 907 2065 1317 2074">
     <span class='ocr_line' id='line_1_14' title="bbox 907 2065 1317 2074; baseline -0.005 0"><span class='ocrx_word' id='word_1_108' title='bbox 907 2065 1317 2074; x_wconf 65' lang='lat'><em>————-.-———-——-—-——</em></span> 
     </span>
    </p>
   </div>
   <div class='ocr_carea' id='block_1_8' title="bbox 214 2297 1937 2736">
    <p class='ocr_par' dir='ltr' id='par_1_9' title="bbox 214 2297 1937 2736">
     <span class='ocr_line' id='line_1_15' title="bbox 1072 2297 1158 2382; baseline 0.023 -2"><span class='ocrx_word' id='word_1_109' title='bbox 1072 2297 1158 2382; x_wconf 66' lang='lat'><strong>5142</strong></span> 
     </span>
     <span class='ocr_line' id='line_1_16' title="bbox 394 2420 1936 2533; baseline -0.001 -20"><span class='ocrx_word' id='word_1_110' title='bbox 394 2420 610 2513; x_wconf 75' lang='lat' dir='ltr'><strong>Irtnoceotias</strong></span> <span class='ocrx_word' id='word_1_111' title='bbox 625 2447 648 2512; x_wconf 89' lang='lat' dir='ltr'><em>I</em></span> <span class='ocrx_word' id='word_1_112' title='bbox 652 2448 682 2511; x_wconf 89' lang='lat' dir='ltr'><em>V</em></span> <span class='ocrx_word' id='word_1_113' title='bbox 688 2468 777 2529; x_wconf 76' lang='lat' dir='ltr'><strong>propa</strong></span> <span class='ocrx_word' id='word_1_114' title='bbox 801 2448 988 2533; x_wconf 76' lang='lat' dir='ltr'><strong>G[reqorio]</strong></span> <span class='ocrx_word' id='word_1_115' title='bbox 1019 2447 1056 2511; x_wconf 84' lang='lat' dir='ltr'><strong>do</strong></span> <span class='ocrx_word' id='word_1_116' title='bbox 1088 2447 1289 2531; x_wconf 76' lang='lat' dir='ltr'><strong>Montolonpo</strong></span> <span class='ocrx_word' id='word_1_117' title='bbox 1318 2447 1506 2512; x_wconf 79' lang='lat' dir='ltr'><strong>subdiacono</strong></span> <span class='ocrx_word' id='word_1_118' title='bbox 1534 2449 1563 2510; x_wconf 83' lang='lat' dir='ltr'><strong>ct</strong></span> <span class='ocrx_word' id='word_1_119' title='bbox 1591 2447 1727 2524; x_wconf 82' lang='lat' dir='ltr'><strong>notario,</strong></span> <span class='ocrx_word' id='word_1_120' title='bbox 1749 2447 1936 2527; x_wconf 81' lang='lat' dir='ltr'><strong>apostolicae</strong></span> 
     </span>
     <span class='ocr_line' id='line_1_17' title="bbox 291 2549 1937 2636; baseline -0.001 -20"><span class='ocrx_word' id='word_1_121' title='bbox 291 2552 373 2616; x_wconf 77' lang='lat' dir='ltr'><strong>sedis</strong></span> <span class='ocrx_word' id='word_1_122' title='bbox 395 2551 505 2636; x_wconf 69' lang='lat' dir='ltr'><strong>legato,</strong></span> <span class='ocrx_word' id='word_1_123' title='bbox 528 2550 667 2631; x_wconf 82' lang='lat' dir='ltr'><strong>moudot,</strong></span> <span class='ocrx_word' id='word_1_124' title='bbox 689 2555 724 2615; x_wconf 85' lang='lat' dir='ltr'><strong>at</strong></span> <span class='ocrx_word' id='word_1_125' title='bbox 745 2552 781 2615; x_wconf 85' lang='lat' dir='ltr'><strong>in</strong></span> <span class='ocrx_word' id='word_1_126' title='bbox 803 2551 945 2616; x_wconf 78' lang='lat' dir='ltr'><strong>omnibns</strong></span> <span class='ocrx_word' id='word_1_127' title='bbox 966 2550 1145 2616; x_wconf 72' lang='lat' dir='ltr'><strong>modotibus</strong></span> <span class='ocrx_word' id='word_1_128' title='bbox 1166 2554 1196 2615; x_wconf 89' lang='lat' dir='ltr'><strong>ot</strong></span> <span class='ocrx_word' id='word_1_129' title='bbox 1216 2551 1387 2616; x_wconf 80' lang='lat' dir='ltr'><strong>diocesibas</strong></span> <span class='ocrx_word' id='word_1_130' title='bbox 1408 2549 1628 2628; x_wconf 80' lang='lat' dir='ltr'><strong>Lornbordioo,</strong></span> <span class='ocrx_word' id='word_1_131' title='bbox 1650 2549 1807 2614; x_wconf 75' lang='lat' dir='ltr'><strong>marchiae</strong></span> <span class='ocrx_word' id='word_1_132' title='bbox 1832 2549 1937 2614; x_wconf 80' lang='lat' dir='ltr'><strong>Terci-</strong></span> 
     </span>
     <span class='ocr_line' id='line_1_18' title="bbox 214 2651 1936 2736; baseline -0.001 -20"><span class='ocrx_word' id='word_1_133' title='bbox 214 2679 238 2717; x_wconf 76' lang='lat' dir='ltr'><strong>n</strong></span> <span class='ocrx_word' id='word_1_134' title='bbox 291 2655 380 2720; x_wconf 76' lang='lat' dir='ltr'><strong>sinae</strong></span> <span class='ocrx_word' id='word_1_135' title='bbox 402 2659 432 2719; x_wconf 88' lang='lat' dir='ltr'><strong>et</strong></span> <span class='ocrx_word' id='word_1_136' title='bbox 452 2654 667 2732; x_wconf 82' lang='lat' dir='ltr'><strong>Romanioloe,</strong></span> <span class='ocrx_word' id='word_1_137' title='bbox 690 2675 770 2736; x_wconf 82' lang='lat' dir='ltr'><strong>qaae</strong></span> <span class='ocrx_word' id='word_1_138' title='bbox 790 2655 955 2720; x_wconf 83' lang='lat' dir='ltr'><strong>Frtderioo</strong></span> <span class='ocrx_word' id='word_1_139' title='bbox 977 2654 1134 2736; x_wconf 75' lang='lat' dir='ltr'><strong>quasdam</strong></span> <span class='ocrx_word' id='word_1_140' title='bbox 1154 2655 1337 2736; x_wconf 77' lang='lat' dir='ltr'><strong>imperatori</strong></span> <span class='ocrx_word' id='word_1_141' title='bbox 1359 2653 1560 2731; x_wconf 70' lang='lat' dir='ltr'><strong>adlmorcom,</strong></span> <span class='ocrx_word' id='word_1_142' title='bbox 1580 2653 1767 2735; x_wconf 66' lang='lat' dir='ltr'><strong>generaliter</strong></span> <span class='ocrx_word' id='word_1_143' title='bbox 1789 2651 1936 2728; x_wconf 75' lang='lat' dir='ltr'><strong>inhibeat,</strong></span> 
     </span>
    </p>
   </div>
   <div class='ocr_carea' id='block_1_9' title="bbox 288 2756 1937 2944">
    <p class='ocr_par' dir='ltr' id='par_1_10' title="bbox 288 2756 1937 2944">
     <span class='ocr_line' id='line_1_19' title="bbox 288 2756 1937 2842; baseline -0.002 -18"><span class='ocrx_word' id='word_1_144' title='bbox 288 2779 327 2824; x_wconf 79' lang='lat' dir='ltr'><strong>aa</strong></span> <span class='ocrx_word' id='word_1_145' title='bbox 359 2759 396 2822; x_wconf 83' lang='lat' dir='ltr'><strong>ire</strong></span> <span class='ocrx_word' id='word_1_146' title='bbox 427 2758 562 2824; x_wconf 75' lang='lat' dir='ltr'><strong>molestis</strong></span> <span class='ocrx_word' id='word_1_147' title='bbox 594 2777 704 2822; x_wconf 80' lang='lat' dir='ltr'><strong>eoram</strong></span> <span class='ocrx_word' id='word_1_148' title='bbox 735 2758 869 2841; x_wconf 71' lang='lat' dir='ltr'><strong>episcopa</strong></span> <span class='ocrx_word' id='word_1_149' title='bbox 895 2761 924 2822; x_wconf 89' lang='lat' dir='ltr'><strong>ot</strong></span> <span class='ocrx_word' id='word_1_150' title='bbox 952 2759 1014 2822; x_wconf 82' lang='lat' dir='ltr'><strong>atii</strong></span> <span class='ocrx_word' id='word_1_151' title='bbox 1037 2759 1181 2842; x_wconf 70' lang='lat' dir='ltr'><strong>praelecti</strong></span> <span class='ocrx_word' id='word_1_152' title='bbox 1207 2762 1237 2822; x_wconf 87' lang='lat' dir='ltr'><strong>et</strong></span> <span class='ocrx_word' id='word_1_153' title='bbox 1265 2757 1370 2823; x_wconf 83' lang='lat' dir='ltr'><strong>clerici</strong></span> <span class='ocrx_word' id='word_1_154' title='bbox 1397 2758 1556 2840; x_wconf 63' lang='lat' dir='ltr'><strong>eligantur</strong></span> <span class='ocrx_word' id='word_1_155' title='bbox 1583 2757 1631 2822; x_wconf 87' lang='lat' dir='ltr'><strong>ool</strong></span> <span class='ocrx_word' id='word_1_156' title='bbox 1652 2756 1847 2837; x_wconf 53' lang='lat' dir='ltr'><strong>remittantur</strong></span> <span class='ocrx_word' id='word_1_157' title='bbox 1868 2757 1937 2820; x_wconf 83' lang='lat' dir='ltr'><strong>sine</strong></span> 
     </span>
     <span class='ocr_line' id='line_1_20' title="bbox 290 2859 1849 2944; baseline -0.003 -17"><span class='ocrx_word' id='word_1_158' title='bbox 290 2862 419 2943; x_wconf 80' lang='lat' dir='ltr'><strong>speciali</strong></span> <span class='ocrx_word' id='word_1_159' title='bbox 439 2861 589 2926; x_wconf 75' lang='lat' dir='ltr'><strong>manem</strong></span> <span class='ocrx_word' id='word_1_160' title='bbox 609 2860 784 2944; x_wconf 85' lang='lat' dir='ltr'><strong>apostolico.</strong></span> <span class='ocrx_word' id='word_1_161' title='bbox 1555 2862 1650 2938; x_wconf 79' lang='lat'><strong>1248,</strong></span> <span class='ocrx_word' id='word_1_162' title='bbox 1671 2859 1773 2924; x_wconf 87' lang='lat' dir='ltr'><strong>Mart.</strong></span> <span class='ocrx_word' id='word_1_163' title='bbox 1797 2865 1849 2924; x_wconf 89' lang='lat'><strong>13.</strong></span> 
     </span>
    </p>
   </div>
   <div class='ocr_carea' id='block_1_10' title="bbox 393 2979 1068 3138">
    <p class='ocr_par' dir='ltr' id='par_1_11' title="bbox 393 2979 1068 3138">
     <span class='ocr_line' id='line_1_21' title="bbox 393 2979 1068 3050; baseline 0.004 -16"><span class='ocrx_word' id='word_1_164' title='bbox 393 2981 459 3035; x_wconf 80' lang='lat' dir='ltr'><strong>[aa.</strong></span> <span class='ocrx_word' id='word_1_165' title='bbox 472 2980 523 3035; x_wconf 88' lang='lat' dir='ltr'><strong>IV</strong></span> <span class='ocrx_word' id='word_1_166' title='bbox 538 2980 603 3050; x_wconf 69' lang='lat' dir='ltr'><strong>Ray.</strong></span> <span class='ocrx_word' id='word_1_167' title='bbox 620 2979 676 3036; x_wconf 85' lang='lat' dir='ltr'><strong>Vol.</strong></span> <span class='ocrx_word' id='word_1_168' title='bbox 689 2980 714 3048; x_wconf 93' lang='lat' dir='ltr'><strong>I,</strong></span> <span class='ocrx_word' id='word_1_169' title='bbox 732 2987 871 3045; x_wconf 74' lang='lat' dir='ltr'><strong>brt-5135</strong></span> <span class='ocrx_word' id='word_1_170' title='bbox 888 2980 948 3035; x_wconf 76' lang='lat' dir='ltr'><strong>Le.</strong></span> <span class='ocrx_word' id='word_1_171' title='bbox 964 2980 997 3049; x_wconf 87' lang='lat' dir='ltr'><strong>V,</strong></span> <span class='ocrx_word' id='word_1_172' title='bbox 1013 2987 1068 3037; x_wconf 80' lang='lat'><strong><em>653.</em></strong></span> 
     </span>
     <span class='ocr_line' id='line_1_22' title="bbox 393 3069 580 3138; baseline 0 -16"><span class='ocrx_word' id='word_1_173' title='bbox 393 3069 491 3138; x_wconf 77' lang='lat' dir='ltr'><strong>Berper</strong></span> <span class='ocrx_word' id='word_1_174' title='bbox 507 3074 580 3124; x_wconf 81' lang='lat'><em>3702.</em></span> 
     </span>
    </p>
   </div>
   <div class='ocr_carea' id='block_1_11' title="bbox 506 3227 1725 3443">
    <p class='ocr_par' dir='ltr' id='par_1_12' title="bbox 506 3227 1725 3443">
     <span class='ocr_line' id='line_1_23' title="bbox 506 3227 1725 3324; baseline -0.004 -18"><span class='ocrx_word' id='word_1_175' title='bbox 506 3232 550 3306; x_wconf 84' lang='lat' dir='ltr'><strong>G.</strong></span> <span class='ocrx_word' id='word_1_176' title='bbox 578 3232 630 3304; x_wconf 90' lang='lat' dir='ltr'><strong>de</strong></span> <span class='ocrx_word' id='word_1_177' title='bbox 657 3231 941 3324; x_wconf 84' lang='lat' dir='ltr'><strong>Moutelongo</strong></span> <span class='ocrx_word' id='word_1_178' title='bbox 968 3228 1243 3304; x_wconf 87' lang='lat' dir='ltr'><strong>subdiacono</strong></span> <span class='ocrx_word' id='word_1_179' title='bbox 1271 3234 1314 3304; x_wconf 87' lang='lat' dir='ltr'><strong>et</strong></span> <span class='ocrx_word' id='word_1_180' title='bbox 1340 3227 1526 3302; x_wconf 87' lang='lat' dir='ltr'><strong>notario</strong></span> <span class='ocrx_word' id='word_1_181' title='bbox 1552 3234 1725 3318; x_wconf 87' lang='lat' dir='ltr'><strong>nostre,</strong></span> 
     </span>
     <span class='ocr_line' id='line_1_24' title="bbox 819 3349 1410 3443; baseline -0.005 -17"><span class='ocrx_word' id='word_1_182' title='bbox 819 3350 1067 3443; x_wconf 87' lang='lat' dir='ltr'><strong>apostolice</strong></span> <span class='ocrx_word' id='word_1_183' title='bbox 1094 3349 1221 3424; x_wconf 86' lang='lat' dir='ltr'><strong>sedis</strong></span> <span class='ocrx_word' id='word_1_184' title='bbox 1247 3352 1410 3443; x_wconf 82' lang='lat' dir='ltr'><strong>legato.</strong></span> 
     </span>
    </p>
   </div>
   <div class='ocr_carea' id='block_1_12' title="bbox 214 3500 1937 4004">
    <p class='ocr_par' dir='ltr' id='par_1_13' title="bbox 291 3500 1937 3797">
     <span class='ocr_line' id='line_1_25' title="bbox 394 3500 1937 3586; baseline -0.003 -18"><span class='ocrx_word' id='word_1_185' title='bbox 394 3503 476 3568; x_wconf 76' lang='lat' dir='ltr'><strong>(ium</strong></span> <span class='ocrx_word' id='word_1_186' title='bbox 509 3503 706 3568; x_wconf 90' lang='lat' dir='ltr'><strong>attendimus</strong></span> <span class='ocrx_word' id='word_1_187' title='bbox 739 3501 914 3586; x_wconf 88' lang='lat' dir='ltr'><strong>diligenter</strong></span> <span class='ocrx_word' id='word_1_188' title='bbox 946 3508 980 3566; x_wconf 92' lang='lat' dir='ltr'><strong>et</strong></span> <span class='ocrx_word' id='word_1_189' title='bbox 1017 3501 1213 3566; x_wconf 82' lang='lat' dir='ltr'><strong>revolvimus</strong></span> <span class='ocrx_word' id='word_1_190' title='bbox 1253 3501 1287 3565; x_wconf 93' lang='lat' dir='ltr'><strong>in</strong></span> <span class='ocrx_word' id='word_1_191' title='bbox 1325 3501 1463 3565; x_wconf 90' lang='lat' dir='ltr'><strong>armario</strong></span> <span class='ocrx_word' id='word_1_192' title='bbox 1496 3500 1601 3564; x_wconf 90' lang='lat' dir='ltr'><strong>cordis</strong></span> <span class='ocrx_word' id='word_1_193' title='bbox 1638 3500 1757 3580; x_wconf 85' lang='lat' dir='ltr'><strong>nostri,</strong></span> <span class='ocrx_word' id='word_1_194' title='bbox 1792 3505 1869 3584; x_wconf 90' lang='lat' dir='ltr'><strong>quot</strong></span> <span class='ocrx_word' id='word_1_195' title='bbox 1903 3505 1937 3563; x_wconf 89' lang='lat' dir='ltr'><strong>et</strong></span> 
     </span>
     <span class='ocr_line' id='line_1_26' title="bbox 291 3602 1936 3694; baseline -0.002 -24"><span class='ocrx_word' id='word_1_196' title='bbox 291 3608 405 3692; x_wconf 91' lang='lat' dir='ltr'><strong>quales</strong></span> <span class='ocrx_word' id='word_1_197' title='bbox 421 3608 667 3694; x_wconf 89' lang='lat' dir='ltr'><strong>persecutiones</strong></span> <span class='ocrx_word' id='word_1_198' title='bbox 690 3627 790 3693; x_wconf 89' lang='lat' dir='ltr'><strong>passa</strong></span> <span class='ocrx_word' id='word_1_199' title='bbox 810 3605 910 3670; x_wconf 83' lang='lat' dir='ltr'><strong>luerit</strong></span> <span class='ocrx_word' id='word_1_200' title='bbox 933 3605 1075 3670; x_wconf 89' lang='lat' dir='ltr'><strong>eeclesia</strong></span> <span class='ocrx_word' id='word_1_201' title='bbox 1098 3611 1130 3669; x_wconf 89' lang='lat' dir='ltr'><strong>et</strong></span> <span class='ocrx_word' id='word_1_202' title='bbox 1152 3625 1212 3668; x_wconf 90' lang='lat' dir='ltr'><strong>nos</strong></span> <span class='ocrx_word' id='word_1_203' title='bbox 1235 3604 1308 3690; x_wconf 92' lang='lat' dir='ltr'><strong>ipsi,</strong></span> <span class='ocrx_word' id='word_1_204' title='bbox 1331 3603 1388 3688; x_wconf 91' lang='lat' dir='ltr'><strong>qui</strong></span> <span class='ocrx_word' id='word_1_205' title='bbox 1410 3604 1548 3668; x_wconf 89' lang='lat' dir='ltr'><strong>terrenis</strong></span> <span class='ocrx_word' id='word_1_206' title='bbox 1572 3608 1606 3668; x_wconf 91' lang='lat' dir='ltr'><strong>et</strong></span> <span class='ocrx_word' id='word_1_207' title='bbox 1628 3603 1761 3667; x_wconf 90' lang='lat' dir='ltr'><strong>marinis</strong></span> <span class='ocrx_word' id='word_1_208' title='bbox 1783 3602 1936 3690; x_wconf 88' lang='lat' dir='ltr'><strong>periculis</strong></span> 
     </span>
     <span class='ocr_line' id='line_1_27' title="bbox 292 3706 1935 3797; baseline -0.001 -24"><span class='ocrx_word' id='word_1_209' title='bbox 292 3710 417 3795; x_wconf 88' lang='lat' dir='ltr'><strong>agitati,</strong></span> <span class='ocrx_word' id='word_1_210' title='bbox 439 3711 564 3797; x_wconf 88' lang='lat' dir='ltr'><strong>proprii</strong></span> <span class='ocrx_word' id='word_1_211' title='bbox 587 3710 746 3797; x_wconf 88' lang='lat' dir='ltr'><strong>eorporis,</strong></span> <span class='ocrx_word' id='word_1_212' title='bbox 769 3711 869 3774; x_wconf 92' lang='lat' dir='ltr'><strong>immo</strong></span> <span class='ocrx_word' id='word_1_213' title='bbox 892 3709 985 3795; x_wconf 92' lang='lat' dir='ltr'><strong>quasi</strong></span> <span class='ocrx_word' id='word_1_214' title='bbox 1006 3709 1119 3772; x_wconf 91' lang='lat' dir='ltr'><strong>mortis</strong></span> <span class='ocrx_word' id='word_1_215' title='bbox 1141 3707 1329 3772; x_wconf 88' lang='lat' dir='ltr'><strong>discrimina</strong></span> <span class='ocrx_word' id='word_1_216' title='bbox 1352 3706 1509 3772; x_wconf 91' lang='lat' dir='ltr'><strong>subiimus</strong></span> <span class='ocrx_word' id='word_1_217' title='bbox 1532 3713 1565 3772; x_wconf 87' lang='lat' dir='ltr'><strong>et</strong></span> <span class='ocrx_word' id='word_1_218' title='bbox 1587 3707 1719 3773; x_wconf 87' lang='lat' dir='ltr'><strong>labores</strong></span> <span class='ocrx_word' id='word_1_219' title='bbox 1741 3729 1801 3794; x_wconf 88' lang='lat' dir='ltr'><strong>pro</strong></span> <span class='ocrx_word' id='word_1_220' title='bbox 1825 3707 1935 3793; x_wconf 89' lang='lat' dir='ltr'><strong>quiete</strong></span> 
     </span>
    </p>

    <p class='ocr_par' dir='ltr' id='par_1_14' title="bbox 214 3811 1937 4004">
     <span class='ocr_line' id='line_1_28' title="bbox 214 3811 1936 3900; baseline 0.001 -28"><span class='ocrx_word' id='word_1_221' title='bbox 214 3834 239 3872; x_wconf 78' lang='lat' dir='ltr'><strong>rs</strong></span> <span class='ocrx_word' id='word_1_222' title='bbox 292 3812 435 3879; x_wconf 85' lang='lat' dir='ltr'><strong>fidelium</strong></span> <span class='ocrx_word' id='word_1_223' title='bbox 470 3822 503 3880; x_wconf 87' lang='lat' dir='ltr'><strong>et</strong></span> <span class='ocrx_word' id='word_1_224' title='bbox 537 3815 656 3880; x_wconf 88' lang='lat' dir='ltr'><strong>salute:</strong></span> <span class='ocrx_word' id='word_1_225' title='bbox 691 3813 872 3900; x_wconf 82' lang='lat' dir='ltr'><strong>expediens</strong></span> <span class='ocrx_word' id='word_1_226' title='bbox 901 3812 1079 3878; x_wconf 87' lang='lat' dir='ltr'><strong>universali</strong></span> <span class='ocrx_word' id='word_1_227' title='bbox 1108 3811 1267 3893; x_wconf 91' lang='lat' dir='ltr'><strong>ecclesie,</strong></span> <span class='ocrx_word' id='word_1_228' title='bbox 1299 3812 1396 3876; x_wconf 90' lang='lat' dir='ltr'><strong>immo</strong></span> <span class='ocrx_word' id='word_1_229' title='bbox 1428 3818 1561 3898; x_wconf 89' lang='lat' dir='ltr'><strong>propter</strong></span> <span class='ocrx_word' id='word_1_230' title='bbox 1598 3811 1749 3876; x_wconf 89' lang='lat' dir='ltr'><strong>instantis</strong></span> <span class='ocrx_word' id='word_1_231' title='bbox 1778 3811 1936 3876; x_wconf 89' lang='lat' dir='ltr'><strong>malitiam</strong></span> 
     </span>
     <span class='ocr_line' id='line_1_29' title="bbox 289 3915 1937 4004; baseline -0.001 -22"><span class='ocrx_word' id='word_1_232' title='bbox 289 3917 445 4004; x_wconf 88' lang='lat' dir='ltr'><strong>temporis</strong></span> <span class='ocrx_word' id='word_1_233' title='bbox 474 3919 695 3985; x_wconf 90' lang='lat' dir='ltr'><strong>necessarium</strong></span> <span class='ocrx_word' id='word_1_234' title='bbox 726 3919 935 3998; x_wconf 89' lang='lat' dir='ltr'><strong>arbitramur,</strong></span> <span class='ocrx_word' id='word_1_235' title='bbox 958 3923 994 3981; x_wconf 91' lang='lat' dir='ltr'><strong>ut</strong></span> <span class='ocrx_word' id='word_1_236' title='bbox 1016 3917 1100 3982; x_wconf 89' lang='lat' dir='ltr'><strong>tales</strong></span> <span class='ocrx_word' id='word_1_237' title='bbox 1124 3916 1165 3982; x_wconf 87' lang='lat' dir='ltr'><strong>ad</strong></span> <span class='ocrx_word' id='word_1_238' title='bbox 1188 3916 1387 4002; x_wconf 87' lang='lat' dir='ltr'><strong>prelaturas,</strong></span> <span class='ocrx_word' id='word_1_239' title='bbox 1416 3915 1611 4000; x_wconf 83' lang='lat' dir='ltr'><strong>dignitates,</strong></span> <span class='ocrx_word' id='word_1_240' title='bbox 1639 3915 1779 3980; x_wconf 90' lang='lat' dir='ltr'><strong>honores</strong></span> <span class='ocrx_word' id='word_1_241' title='bbox 1810 3921 1843 3980; x_wconf 91' lang='lat' dir='ltr'><strong>et</strong></span> <span class='ocrx_word' id='word_1_242' title='bbox 1870 3915 1937 3980; x_wconf 89' lang='lat' dir='ltr'><strong>alia</strong></span> 
     </span>
    </p>
   </div>
   <div class='ocr_carea' id='block_1_13' title="bbox 216 4018 1937 5559">
    <p class='ocr_par' dir='ltr' id='par_1_15' title="bbox 216 4018 1937 5559">
     <span class='ocr_line' id='line_1_30' title="bbox 292 4018 1935 4108; baseline -0.003 -21"><span class='ocrx_word' id='word_1_243' title='bbox 292 4022 514 4088; x_wconf 87' lang='lat' dir='ltr'><strong>ecclesiastica</strong></span> <span class='ocrx_word' id='word_1_244' title='bbox 542 4023 704 4088; x_wconf 86' lang='lat' dir='ltr'><strong>beneficia</strong></span> <span class='ocrx_word' id='word_1_245' title='bbox 734 4027 767 4087; x_wconf 88' lang='lat' dir='ltr'><strong>et</strong></span> <span class='ocrx_word' id='word_1_246' title='bbox 795 4022 952 4108; x_wconf 89' lang='lat' dir='ltr'><strong>precipue</strong></span> <span class='ocrx_word' id='word_1_247' title='bbox 982 4022 1015 4086; x_wconf 92' lang='lat' dir='ltr'><strong>in</strong></span> <span class='ocrx_word' id='word_1_248' title='bbox 1043 4021 1139 4086; x_wconf 89' lang='lat' dir='ltr'><strong>Italie</strong></span> <span class='ocrx_word' id='word_1_249' title='bbox 1168 4019 1316 4106; x_wconf 87' lang='lat' dir='ltr'><strong>partibus</strong></span> <span class='ocrx_word' id='word_1_250' title='bbox 1344 4024 1568 4100; x_wconf 86' lang='lat' dir='ltr'><strong>assumantur,</strong></span> <span class='ocrx_word' id='word_1_251' title='bbox 1598 4019 1654 4105; x_wconf 89' lang='lat' dir='ltr'><strong>qui</strong></span> <span class='ocrx_word' id='word_1_252' title='bbox 1676 4024 1841 4104; x_wconf 82' lang='lat' dir='ltr'><strong>tamquam</strong></span> <span class='ocrx_word' id='word_1_253' title='bbox 1863 4018 1935 4083; x_wconf 92' lang='lat' dir='ltr'><strong>Deo</strong></span> 
     </span>
     <span class='ocr_line' id='line_1_31' title="bbox 292 4122 1935 4214; baseline -0.002 -24"><span class='ocrx_word' id='word_1_254' title='bbox 292 4127 376 4210; x_wconf 89' lang='lat' dir='ltr'><strong>grati</strong></span> <span class='ocrx_word' id='word_1_255' title='bbox 398 4125 450 4192; x_wconf 84' lang='lat' dir='ltr'><strong>etb</strong></span> <span class='ocrx_word' id='word_1_256' title='bbox 473 4125 655 4191; x_wconf 89' lang='lat' dir='ltr'><strong>hominibus</strong></span> <span class='ocrx_word' id='word_1_257' title='bbox 677 4127 807 4214; x_wconf 81' lang='lat' dir='ltr'><strong>placiti⁰</strong></span> <span class='ocrx_word' id='word_1_258' title='bbox 830 4133 863 4192; x_wconf 90' lang='lat' dir='ltr'><strong>et</strong></span> <span class='ocrx_word' id='word_1_259' title='bbox 885 4126 1012 4212; x_wconf 90' lang='lat' dir='ltr'><strong>accepti</strong></span> <span class='ocrx_word' id='word_1_260' title='bbox 1035 4125 1191 4190; x_wconf 86' lang='lat' dir='ltr'><strong>ecclesias</strong></span> <span class='ocrx_word' id='word_1_261' title='bbox 1214 4145 1290 4189; x_wconf 90' lang='lat' dir='ltr'><strong>suas</strong></span> <span class='ocrx_word' id='word_1_262' title='bbox 1306 4124 1431 4188; x_wconf 89' lang='lat' dir='ltr'><strong>utiliter</strong></span> <span class='ocrx_word' id='word_1_263' title='bbox 1453 4130 1486 4189; x_wconf 89' lang='lat' dir='ltr'><strong>et</strong></span> <span class='ocrx_word' id='word_1_264' title='bbox 1509 4123 1684 4189; x_wconf 90' lang='lat' dir='ltr'><strong>salubriter</strong></span> <span class='ocrx_word' id='word_1_265' title='bbox 1704 4122 1935 4208; x_wconf 88' lang='lat' dir='ltr'><strong>gubernantes,</strong></span> 
     </span>
     <span class='ocr_line' id='line_1_32' title="bbox 292 4226 1936 4316; baseline -0.001 -23"><span class='ocrx_word' id='word_1_266' title='bbox 292 4231 326 4294; x_wconf 89' lang='lat' dir='ltr'><strong>in</strong></span> <span class='ocrx_word' id='word_1_267' title='bbox 348 4229 424 4295; x_wconf 89' lang='lat' dir='ltr'><strong>fidei</strong></span> <span class='ocrx_word' id='word_1_268' title='bbox 446 4231 598 4316; x_wconf 86' lang='lat' dir='ltr'><strong>puritate,</strong></span> <span class='ocrx_word' id='word_1_269' title='bbox 614 4232 742 4297; x_wconf 82' lang='lat' dir='ltr'><strong>fervore</strong></span> <span class='ocrx_word' id='word_1_270' title='bbox 759 4229 943 4296; x_wconf 88' lang='lat' dir='ltr'><strong>devotionis</strong></span> <span class='ocrx_word' id='word_1_271' title='bbox 959 4237 993 4295; x_wconf 90' lang='lat' dir='ltr'><strong>et</strong></span> <span class='ocrx_word' id='word_1_272' title='bbox 1009 4228 1216 4296; x_wconf 89' lang='lat' dir='ltr'><strong>rectitudinis</strong></span> <span class='ocrx_word' id='word_1_273' title='bbox 1240 4229 1311 4294; x_wconf 84' lang='lat' dir='ltr'><strong>nelo</strong></span> <span class='ocrx_word' id='word_1_274' title='bbox 1327 4227 1508 4292; x_wconf 91' lang='lat' dir='ltr'><strong>Romanam</strong></span> <span class='ocrx_word' id='word_1_275' title='bbox 1532 4226 1707 4292; x_wconf 90' lang='lat' dir='ltr'><strong>ecclesiam</strong></span> <span class='ocrx_word' id='word_1_276' title='bbox 1729 4231 1936 4308; x_wconf 89' lang='lat' dir='ltr'><strong>venerentur,</strong></span> 
     </span>
     <span class='ocr_line' id='line_1_33' title="bbox 293 4329 1935 4418; baseline -0.001 -22"><span class='ocrx_word' id='word_1_277' title='bbox 293 4333 394 4418; x_wconf 90' lang='lat' dir='ltr'><strong>ipsius</strong></span> <span class='ocrx_word' id='word_1_278' title='bbox 427 4334 568 4400; x_wconf 85' lang='lat' dir='ltr'><strong>fideliter</strong></span> <span class='ocrx_word' id='word_1_279' title='bbox 601 4339 634 4398; x_wconf 89' lang='lat' dir='ltr'><strong>et</strong></span> <span class='ocrx_word' id='word_1_280' title='bbox 668 4339 858 4400; x_wconf 87' lang='lat' dir='ltr'><strong>constanter</strong></span> <span class='ocrx_word' id='word_1_281' title='bbox 885 4335 1077 4398; x_wconf 88' lang='lat' dir='ltr'><strong>assistentes</strong></span> <span class='ocrx_word' id='word_1_282' title='bbox 1100 4332 1341 4397; x_wconf 89' lang='lat' dir='ltr'><strong>coadiutoribus</strong></span> <span class='ocrx_word' id='word_1_283' title='bbox 1364 4337 1398 4396; x_wconf 90' lang='lat' dir='ltr'><strong>et</strong></span> <span class='ocrx_word' id='word_1_284' title='bbox 1421 4330 1557 4398; x_wconf 89' lang='lat' dir='ltr'><strong>devotis.</strong></span> <span class='ocrx_word' id='word_1_285' title='bbox 1602 4329 1727 4394; x_wconf 87' lang='lat' dir='ltr'><strong>Verum</strong></span> <span class='ocrx_word' id='word_1_286' title='bbox 1750 4330 1826 4415; x_wconf 93' lang='lat' dir='ltr'><strong>quia</strong></span> <span class='ocrx_word' id='word_1_287' title='bbox 1847 4331 1935 4395; x_wconf 92' lang='lat' dir='ltr'><strong>illam</strong></span> 
     </span>
     <span class='ocr_line' id='line_1_34' title="bbox 292 4431 1935 4525; baseline -0.002 -24"><span class='ocrx_word' id='word_1_288' title='bbox 292 4436 333 4502; x_wconf 90' lang='lat' dir='ltr'><strong>de</strong></span> <span class='ocrx_word' id='word_1_289' title='bbox 356 4444 412 4504; x_wconf 92' lang='lat' dir='ltr'><strong>tue</strong></span> <span class='ocrx_word' id='word_1_290' title='bbox 439 4438 642 4504; x_wconf 88' lang='lat' dir='ltr'><strong>discretionis</strong></span> <span class='ocrx_word' id='word_1_291' title='bbox 668 4437 906 4525; x_wconf 70' lang='lat' dir='ltr'><strong>providential,</strong></span> <span class='ocrx_word' id='word_1_292' title='bbox 937 4458 1000 4523; x_wconf 90' lang='lat' dir='ltr'><strong>que</strong></span> <span class='ocrx_word' id='word_1_293' title='bbox 1034 4436 1108 4522; x_wconf 89' lang='lat' dir='ltr'><strong>lege</strong></span> <span class='ocrx_word' id='word_1_294' title='bbox 1132 4436 1255 4521; x_wconf 89' lang='lat' dir='ltr'><strong>regitur</strong></span> <span class='ocrx_word' id='word_1_295' title='bbox 1285 4440 1319 4499; x_wconf 89' lang='lat' dir='ltr'><strong>et</strong></span> <span class='ocrx_word' id='word_1_296' title='bbox 1342 4435 1475 4500; x_wconf 90' lang='lat' dir='ltr'><strong>consilio</strong></span> <span class='ocrx_word' id='word_1_297' title='bbox 1497 4432 1650 4514; x_wconf 87' lang='lat' dir='ltr'><strong>naturali,</strong></span> <span class='ocrx_word' id='word_1_298' title='bbox 1677 4431 1830 4497; x_wconf 87' lang='lat' dir='ltr'><strong>fiduciam</strong></span> <span class='ocrx_word' id='word_1_299' title='bbox 1852 4434 1935 4498; x_wconf 91' lang='lat' dir='ltr'><strong>obti-</strong></span> 
     </span>
     <span class='ocr_line' id='line_1_35' title="bbox 293 4534 1934 4626; baseline -0.001 -23"><span class='ocrx_word' id='word_1_300' title='bbox 293 4561 421 4622; x_wconf 88' lang='lat' dir='ltr'><strong>nemus,</strong></span> <span class='ocrx_word' id='word_1_301' title='bbox 455 4541 539 4626; x_wconf 91' lang='lat' dir='ltr'><strong>quod</strong></span> <span class='ocrx_word' id='word_1_302' title='bbox 573 4541 762 4606; x_wconf 89' lang='lat' dir='ltr'><strong>mandatum</strong></span> <span class='ocrx_word' id='word_1_303' title='bbox 796 4546 944 4606; x_wconf 92' lang='lat' dir='ltr'><strong>nostrum</strong></span> <span class='ocrx_word' id='word_1_304' title='bbox 978 4539 1152 4624; x_wconf 85' lang='lat' dir='ltr'><strong>exequaris</strong></span> <span class='ocrx_word' id='word_1_305' title='bbox 1177 4558 1269 4602; x_wconf 88' lang='lat' dir='ltr'><strong>more</strong></span> <span class='ocrx_word' id='word_1_306' title='bbox 1299 4536 1395 4601; x_wconf 88' lang='lat' dir='ltr'><strong>solito</strong></span> <span class='ocrx_word' id='word_1_307' title='bbox 1425 4536 1565 4601; x_wconf 86' lang='lat' dir='ltr'><strong>fideliter</strong></span> <span class='ocrx_word' id='word_1_308' title='bbox 1596 4541 1629 4602; x_wconf 90' lang='lat' dir='ltr'><strong>et</strong></span> <span class='ocrx_word' id='word_1_309' title='bbox 1650 4534 1842 4620; x_wconf 89' lang='lat' dir='ltr'><strong>prudenter:</strong></span> <span class='ocrx_word' id='word_1_310' title='bbox 1866 4536 1934 4602; x_wconf 91' lang='lat' dir='ltr'><strong>dis·</strong></span> 
     </span>
     <span class='ocr_line' id='line_1_36' title="bbox 293 4634 1935 4731; baseline -0.002 -23"><span class='ocrx_word' id='word_1_311' title='bbox 293 4644 430 4709; x_wconf 89' lang='lat' dir='ltr'><strong>eretioni</strong></span> <span class='ocrx_word' id='word_1_312' title='bbox 451 4650 507 4709; x_wconf 88' lang='lat' dir='ltr'><strong>tue</strong></span> <span class='ocrx_word' id='word_1_313' title='bbox 529 4665 589 4731; x_wconf 89' lang='lat' dir='ltr'><strong>per</strong></span> <span class='ocrx_word' id='word_1_314' title='bbox 611 4645 793 4731; x_wconf 85' lang='lat' dir='ltr'><strong>apostolica</strong></span> <span class='ocrx_word' id='word_1_315' title='bbox 816 4644 936 4730; x_wconf 86' lang='lat' dir='ltr'><strong>scripta</strong></span> <span class='ocrx_word' id='word_1_316' title='bbox 952 4643 1152 4722; x_wconf 88' lang='lat' dir='ltr'><strong>mandamus,</strong></span> <span class='ocrx_word' id='word_1_317' title='bbox 1169 4634 1321 4727; x_wconf 83' lang='lat' dir='ltr'><strong>qdatinus</strong></span> <span class='ocrx_word' id='word_1_318' title='bbox 1343 4641 1377 4704; x_wconf 91' lang='lat' dir='ltr'><strong>in</strong></span> <span class='ocrx_word' id='word_1_319' title='bbox 1399 4641 1548 4706; x_wconf 92' lang='lat' dir='ltr'><strong>omnibus</strong></span> <span class='ocrx_word' id='word_1_320' title='bbox 1563 4639 1769 4721; x_wconf 89' lang='lat' dir='ltr'><strong>Lombardie,</strong></span> <span class='ocrx_word' id='word_1_321' title='bbox 1792 4640 1935 4706; x_wconf 89' lang='lat' dir='ltr'><strong>marchio</strong></span> 
     </span>
     <span class='ocr_line' id='line_1_37' title="bbox 294 4742 1937 4832; baseline -0.001 -21"><span class='ocrx_word' id='word_1_322' title='bbox 294 4746 481 4829; x_wconf 81' lang='lat' dir='ltr'><strong>Tarvisiue,</strong></span> <span class='ocrx_word' id='word_1_323' title='bbox 508 4748 703 4814; x_wconf 89' lang='lat' dir='ltr'><strong>Romaniole</strong></span> <span class='ocrx_word' id='word_1_324' title='bbox 734 4769 772 4813; x_wconf 91' lang='lat' dir='ltr'><strong>ac</strong></span> <span class='ocrx_word' id='word_1_325' title='bbox 800 4747 899 4812; x_wconf 91' lang='lat' dir='ltr'><strong>totius</strong></span> <span class='ocrx_word' id='word_1_326' title='bbox 922 4746 1094 4832; x_wconf 86' lang='lat' dir='ltr'><strong>legationis</strong></span> <span class='ocrx_word' id='word_1_327' title='bbox 1117 4751 1172 4810; x_wconf 89' lang='lat' dir='ltr'><strong>tue</strong></span> <span class='ocrx_word' id='word_1_328' title='bbox 1196 4743 1381 4809; x_wconf 87' lang='lat' dir='ltr'><strong>civitatibus</strong></span> <span class='ocrx_word' id='word_1_329' title='bbox 1406 4749 1439 4809; x_wconf 93' lang='lat' dir='ltr'><strong>et</strong></span> <span class='ocrx_word' id='word_1_330' title='bbox 1460 4743 1662 4826; x_wconf 91' lang='lat' dir='ltr'><strong>diocesibus,</strong></span> <span class='ocrx_word' id='word_1_331' title='bbox 1691 4763 1754 4829; x_wconf 87' lang='lat' dir='ltr'><strong>qne</strong></span> <span class='ocrx_word' id='word_1_332' title='bbox 1777 4742 1937 4810; x_wconf 87' lang='lat' dir='ltr'><strong>adherent</strong></span> 
     </span>
     <span class='ocr_line' id='line_1_38' title="bbox 216 4846 1937 4939; baseline -0.001 -25"><span class='ocrx_word' id='word_1_333' title='bbox 216 4891 220 4904; x_wconf 88' lang='lat'>·</span> <span class='ocrx_word' id='word_1_334' title='bbox 295 4855 352 4914; x_wconf 90' lang='lat' dir='ltr'><strong>aut</strong></span> <span class='ocrx_word' id='word_1_335' title='bbox 379 4851 490 4916; x_wconf 83' lang='lat' dir='ltr'><strong>favent</strong></span> <span class='ocrx_word' id='word_1_336' title='bbox 515 4851 553 4917; x_wconf 79' lang='lat' dir='ltr'><strong>P.</strong></span> <span class='ocrx_word' id='word_1_337' title='bbox 580 4851 743 4939; x_wconf 90' lang='lat' dir='ltr'><strong>quondam</strong></span> <span class='ocrx_word' id='word_1_338' title='bbox 776 4850 963 4938; x_wconf 90' lang='lat' dir='ltr'><strong>imperatori</strong></span> <span class='ocrx_word' id='word_1_339' title='bbox 989 4850 1043 4914; x_wconf 91' lang='lat' dir='ltr'><strong>vel</strong></span> <span class='ocrx_word' id='word_1_340' title='bbox 1070 4850 1141 4914; x_wconf 88' lang='lat' dir='ltr'><strong>eius</strong></span> <span class='ocrx_word' id='word_1_341' title='bbox 1164 4848 1302 4928; x_wconf 90' lang='lat' dir='ltr'><strong>nuntiis,</strong></span> <span class='ocrx_word' id='word_1_342' title='bbox 1325 4846 1431 4912; x_wconf 88' lang='lat' dir='ltr'><strong>edicto</strong></span> <span class='ocrx_word' id='word_1_343' title='bbox 1459 4846 1610 4912; x_wconf 89' lang='lat' dir='ltr'><strong>inhibeas</strong></span> <span class='ocrx_word' id='word_1_344' title='bbox 1640 4847 1788 4932; x_wconf 88' lang='lat' dir='ltr'><strong>generali</strong></span> <span class='ocrx_word' id='word_1_345' title='bbox 1811 4854 1858 4928; x_wconf 90' lang='lat' dir='ltr'><strong>et,</strong></span> <span class='ocrx_word' id='word_1_346' title='bbox 1880 4849 1937 4913; x_wconf 92' lang='lat' dir='ltr'><strong>ubi</strong></span> 
     </span>
     <span class='ocr_line' id='line_1_39' title="bbox 294 4949 1933 5041; baseline -0.001 -23"><span class='ocrx_word' id='word_1_347' title='bbox 294 4954 354 5018; x_wconf 91' lang='lat' dir='ltr'><strong>tibi</strong></span> <span class='ocrx_word' id='word_1_348' title='bbox 381 4953 557 5036; x_wconf 86' lang='lat' dir='ltr'><strong>videbitur,</strong></span> <span class='ocrx_word' id='word_1_349' title='bbox 595 4955 746 5041; x_wconf 88' lang='lat' dir='ltr'><strong>speciali,</strong></span> <span class='ocrx_word' id='word_1_350' title='bbox 779 4976 821 5020; x_wconf 92' lang='lat' dir='ltr'><strong>ne</strong></span> <span class='ocrx_word' id='word_1_351' title='bbox 850 4953 1066 5019; x_wconf 90' lang='lat' dir='ltr'><strong>ecclesiarum</strong></span> <span class='ocrx_word' id='word_1_352' title='bbox 1101 4953 1267 5017; x_wconf 90' lang='lat' dir='ltr'><strong>civitatum</strong></span> <span class='ocrx_word' id='word_1_353' title='bbox 1299 4956 1332 5016; x_wconf 88' lang='lat' dir='ltr'><strong>et</strong></span> <span class='ocrx_word' id='word_1_354' title='bbox 1365 4950 1532 5016; x_wconf 90' lang='lat' dir='ltr'><strong>diocesnm</strong></span> <span class='ocrx_word' id='word_1_355' title='bbox 1567 4949 1746 5016; x_wconf 89' lang='lat' dir='ltr'><strong>earundem</strong></span> <span class='ocrx_word' id='word_1_356' title='bbox 1780 4952 1933 5037; x_wconf 88' lang='lat' dir='ltr'><strong>capitula,</strong></span> 
     </span>
     <span class='ocr_line' id='line_1_40' title="bbox 294 5054 1935 5141; baseline -0.002 -20"><span class='ocrx_word' id='word_1_357' title='bbox 294 5063 482 5137; x_wconf 87' lang='lat' dir='ltr'><strong>conventus,</strong></span> <span class='ocrx_word' id='word_1_358' title='bbox 499 5065 644 5124; x_wconf 91' lang='lat' dir='ltr'><strong>rectores</strong></span> <span class='ocrx_word' id='word_1_359' title='bbox 659 5058 711 5122; x_wconf 88' lang='lat' dir='ltr'><strong>vel</strong></span> <span class='ocrx_word' id='word_1_360' title='bbox 727 5059 838 5123; x_wconf 88' lang='lat' dir='ltr'><strong>elerici</strong></span> <span class='ocrx_word' id='word_1_361' title='bbox 854 5055 1047 5121; x_wconf 89' lang='lat' dir='ltr'><strong>conditionis</strong></span> <span class='ocrx_word' id='word_1_362' title='bbox 1063 5057 1117 5120; x_wconf 88' lang='lat' dir='ltr'><strong>vel</strong></span> <span class='ocrx_word' id='word_1_363' title='bbox 1133 5055 1256 5120; x_wconf 89' lang='lat' dir='ltr'><strong>ordinis</strong></span> <span class='ocrx_word' id='word_1_364' title='bbox 1274 5055 1497 5141; x_wconf 89' lang='lat' dir='ltr'><strong>cuiuscunque</strong></span> <span class='ocrx_word' id='word_1_365' title='bbox 1520 5054 1663 5139; x_wconf 87' lang='lat' dir='ltr'><strong>aliquem</strong></span> <span class='ocrx_word' id='word_1_366' title='bbox 1685 5054 1719 5118; x_wconf 90' lang='lat' dir='ltr'><strong>in</strong></span> <span class='ocrx_word' id='word_1_367' title='bbox 1735 5054 1935 5141; x_wconf 89' lang='lat' dir='ltr'><strong>episcopum,</strong></span> 
     </span>
     <span class='ocr_line' id='line_1_41' title="bbox 293 5157 1936 5248; baseline -0.002 -23"><span class='ocrx_word' id='word_1_368' title='bbox 293 5160 572 5241; x_wconf 89' lang='lat' dir='ltr'><strong>archidiaconum,</strong></span> <span class='ocrx_word' id='word_1_369' title='bbox 606 5161 824 5248; x_wconf 90' lang='lat' dir='ltr'><strong>prepositum,</strong></span> <span class='ocrx_word' id='word_1_370' title='bbox 859 5161 1013 5226; x_wconf 89' lang='lat' dir='ltr'><strong>abbatem</strong></span> <span class='ocrx_word' id='word_1_371' title='bbox 1047 5160 1100 5226; x_wconf 92' lang='lat' dir='ltr'><strong>vel</strong></span> <span class='ocrx_word' id='word_1_372' title='bbox 1136 5160 1273 5225; x_wconf 90' lang='lat' dir='ltr'><strong>alicuius</strong></span> <span class='ocrx_word' id='word_1_373' title='bbox 1311 5159 1479 5244; x_wconf 91' lang='lat' dir='ltr'><strong>dignitatis</strong></span> <span class='ocrx_word' id='word_1_374' title='bbox 1517 5157 1696 5244; x_wconf 89' lang='lat' dir='ltr'><strong>prelatum,</strong></span> <span class='ocrx_word' id='word_1_375' title='bbox 1733 5158 1936 5240; x_wconf 85' lang='lat' dir='ltr'><strong>canonicum,</strong></span> 
     </span>
     <span class='ocr_line' id='line_1_42' title="bbox 294 5260 1935 5347; baseline -0.002 -17"><span class='ocrx_word' id='word_1_376' title='bbox 294 5270 467 5346; x_wconf 89' lang='lat' dir='ltr'><strong>rectorem,</strong></span> <span class='ocrx_word' id='word_1_377' title='bbox 497 5266 670 5347; x_wconf 89' lang='lat' dir='ltr'><strong>clericum,</strong></span> <span class='ocrx_word' id='word_1_378' title='bbox 698 5266 894 5331; x_wconf 90' lang='lat' dir='ltr'><strong>monachum</strong></span> <span class='ocrx_word' id='word_1_379' title='bbox 923 5265 977 5330; x_wconf 81' lang='lat' dir='ltr'><strong>rel</strong></span> <span class='ocrx_word' id='word_1_380' title='bbox 1005 5285 1199 5330; x_wconf 89' lang='lat' dir='ltr'><strong>conversum</strong></span> <span class='ocrx_word' id='word_1_381' title='bbox 1229 5263 1296 5328; x_wconf 90' lang='lat' dir='ltr'><strong>sivo</strong></span> <span class='ocrx_word' id='word_1_382' title='bbox 1325 5263 1366 5326; x_wconf 95' lang='lat' dir='ltr'><strong>ad</strong></span> <span class='ocrx_word' id='word_1_383' title='bbox 1389 5260 1522 5347; x_wconf 90' lang='lat' dir='ltr'><strong>aliquod</strong></span> <span class='ocrx_word' id='word_1_384' title='bbox 1552 5261 1814 5328; x_wconf 88' lang='lat' dir='ltr'><strong>ecclesiasticum</strong></span> <span class='ocrx_word' id='word_1_385' title='bbox 1834 5261 1935 5326; x_wconf 92' lang='lat' dir='ltr'><strong>bene-</strong></span> 
     </span>
     <span class='ocr_line' id='line_1_43' title="bbox 216 5364 1934 5455; baseline 0 -26"><span class='ocrx_word' id='word_1_386' title='bbox 216 5389 242 5428; x_wconf 79' lang='lat' dir='ltr'><strong>ro</strong></span> <span class='ocrx_word' id='word_1_387' title='bbox 294 5369 404 5432; x_wconf 86' lang='lat' dir='ltr'><strong>ficium</strong></span> <span class='ocrx_word' id='word_1_388' title='bbox 426 5368 467 5433; x_wconf 93' lang='lat' dir='ltr'><strong>de</strong></span> <span class='ocrx_word' id='word_1_389' title='bbox 490 5375 598 5434; x_wconf 87' lang='lat' dir='ltr'><strong>cetero</strong></span> <span class='ocrx_word' id='word_1_390' title='bbox 629 5370 769 5455; x_wconf 87' lang='lat' dir='ltr'><strong>eligere,</strong></span> <span class='ocrx_word' id='word_1_391' title='bbox 792 5370 975 5455; x_wconf 90' lang='lat' dir='ltr'><strong>postulare,</strong></span> <span class='ocrx_word' id='word_1_392' title='bbox 998 5369 1145 5454; x_wconf 89' lang='lat' dir='ltr'><strong>recipere</strong></span> <span class='ocrx_word' id='word_1_393' title='bbox 1168 5368 1222 5432; x_wconf 88' lang='lat' dir='ltr'><strong>val</strong></span> <span class='ocrx_word' id='word_1_394' title='bbox 1245 5367 1410 5432; x_wconf 90' lang='lat' dir='ltr'><strong>nominare</strong></span> <span class='ocrx_word' id='word_1_395' title='bbox 1433 5370 1638 5451; x_wconf 89' lang='lat' dir='ltr'><strong>presumant,</strong></span> <span class='ocrx_word' id='word_1_396' title='bbox 1668 5364 1731 5428; x_wconf 91' lang='lat' dir='ltr'><strong>nisi</strong></span> <span class='ocrx_word' id='word_1_397' title='bbox 1754 5385 1852 5450; x_wconf 89' lang='lat' dir='ltr'><strong>super</strong></span> <span class='ocrx_word' id='word_1_398' title='bbox 1873 5364 1934 5429; x_wconf 90' lang='lat' dir='ltr'><strong>hoc</strong></span> 
     </span>
     <span class='ocr_line' id='line_1_44' title="bbox 294 5467 1936 5559; baseline -0.002 -22"><span class='ocrx_word' id='word_1_399' title='bbox 294 5494 315 5537; x_wconf 90' lang='lat' dir='ltr'><strong>a</strong></span> <span class='ocrx_word' id='word_1_400' title='bbox 337 5471 429 5537; x_wconf 91' lang='lat' dir='ltr'><strong>nobis</strong></span> <span class='ocrx_word' id='word_1_401' title='bbox 456 5471 643 5536; x_wconf 89' lang='lat' dir='ltr'><strong>mandatum</strong></span> <span class='ocrx_word' id='word_1_402' title='bbox 673 5494 732 5538; x_wconf 89' lang='lat' dir='ltr'><strong>seu</strong></span> <span class='ocrx_word' id='word_1_403' title='bbox 760 5473 926 5538; x_wconf 90' lang='lat' dir='ltr'><strong>licentiam</strong></span> <span class='ocrx_word' id='word_1_404' title='bbox 955 5473 1140 5559; x_wconf 90' lang='lat' dir='ltr'><strong>roceperint</strong></span> <span class='ocrx_word' id='word_1_405' title='bbox 1170 5471 1357 5557; x_wconf 87' lang='lat' dir='ltr'><strong>specialem.</strong></span> <span class='ocrx_word' id='word_1_406' title='bbox 1408 5467 1453 5533; x_wconf 79' lang='lat' dir='ltr'><strong>ut</strong></span> <span class='ocrx_word' id='word_1_407' title='bbox 1479 5475 1515 5533; x_wconf 89' lang='lat' dir='ltr'><strong>ut</strong></span> <span class='ocrx_word' id='word_1_408' title='bbox 1538 5467 1713 5534; x_wconf 90' lang='lat' dir='ltr'><strong>temeraria</strong></span> <span class='ocrx_word' id='word_1_409' title='bbox 1734 5469 1936 5554; x_wconf 90' lang='lat' dir='ltr'><strong>presumptio</strong></span> 
     </span>
    </p>
   </div>
   <div class='ocr_carea' id='block_1_14' title="bbox 396 5692 1736 5849">
    <p class='ocr_par' dir='ltr' id='par_1_16' title="bbox 396 5692 1736 5849">
     <span class='ocr_line' id='line_1_45' title="bbox 396 5692 1679 5769; baseline -0.015 -7"><span class='ocrx_word' id='word_1_410' title='bbox 396 5696 421 5762; x_wconf 83' lang='lat'><strong>⁸)</strong></span> <span class='ocrx_word' id='word_1_411' title='bbox 440 5697 579 5764; x_wconf 70' lang='lat' dir='ltr'><strong>liminensi</strong></span> <span class='ocrx_word' id='word_1_412' title='bbox 596 5697 629 5750; x_wconf 90' lang='lat' dir='ltr'><strong>B.</strong></span> <span class='ocrx_word' id='word_1_413' title='bbox 733 5697 759 5765; x_wconf 79' lang='lat' dir='ltr'><strong>b)</strong></span> <span class='ocrx_word' id='word_1_414' title='bbox 778 5699 824 5760; x_wconf 90' lang='lat' dir='ltr'><strong>B.;</strong></span> <span class='ocrx_word' id='word_1_415' title='bbox 841 5707 867 5752; x_wconf 86' lang='lat' dir='ltr'><strong>et</strong></span> <span class='ocrx_word' id='word_1_416' title='bbox 884 5699 952 5752; x_wconf 74' lang='lat' dir='ltr'><strong>dero</strong></span> <span class='ocrx_word' id='word_1_417' title='bbox 970 5699 1001 5752; x_wconf 89' lang='lat' dir='ltr'><strong>P.</strong></span> <span class='ocrx_word' id='word_1_418' title='bbox 1105 5697 1129 5766; x_wconf 79' lang='lat'><strong>⁰)</strong></span> <span class='ocrx_word' id='word_1_419' title='bbox 1148 5699 1240 5769; x_wconf 86' lang='lat' dir='ltr'><strong>placidi</strong></span> <span class='ocrx_word' id='word_1_420' title='bbox 1258 5695 1348 5762; x_wconf 78' lang='lat'><strong>1².,13.</strong></span> <span class='ocrx_word' id='word_1_421' title='bbox 1452 5693 1478 5761; x_wconf 62' lang='grc' dir='ltr'><strong>ἃ)</strong></span> <span class='ocrx_word' id='word_1_422' title='bbox 1496 5696 1631 5766; x_wconf 81' lang='lat' dir='ltr'><strong>prudentis</strong></span> <span class='ocrx_word' id='word_1_423' title='bbox 1648 5692 1679 5744; x_wconf 90' lang='lat' dir='ltr'><strong>B.</strong></span> 
     </span>
     <span class='ocr_line' id='line_1_46' title="bbox 401 5786 1736 5849; baseline -0.014 0"><span class='ocrx_word' id='word_1_424' title='bbox 401 5789 464 5849; x_wconf 79' lang='lat' dir='ltr'><strong>ltro.</strong></span> <span class='ocrx_word' id='word_1_425' title='bbox 484 5789 567 5849; x_wconf 83' lang='lat' dir='ltr'><strong>Povr.</strong></span> <span class='ocrx_word' id='word_1_426' title='bbox 587 5789 620 5847; x_wconf 88' lang='lat' dir='ltr'><strong>Il.</strong></span> <span class='ocrx_word' id='word_1_427' title='bbox 1700 5786 1736 5846; x_wconf 78' lang='lat'><strong>46</strong></span> 
     </span>
    </p>
   </div>
   <div class='ocr_carea' id='block_1_15' title="bbox 0 0 2402 6324">
    <p class='ocr_par' dir='ltr' id='par_1_17' title="bbox 0 0 2402 6324">
     <span class='ocr_line' id='line_1_47' title="bbox 0 0 2402 6324; baseline 0 0"><span class='ocrx_word' id='word_1_428' title='bbox 0 0 2402 6324; x_wconf 95' lang='lat' dir='ltr'><strong> </strong></span> 
     </span>
    </p>
   </div>
  </div>
 </body>
</html>
