4790 6340
873 407 1073 466 EPISTOLAE
1093 410 1286 468 sunnonis.
1323 413 1398 471 1248.

1035 710 1225 785 Eidem.

412 852 572 918 Veientes
595 862 709 921 contra
731 863 971 942 contemptores
995 860 1135 924 clavium
1153 861 1293 927 ecclesie
1310 863 1565 930 ecelesiasticam
1580 888 1759 952 aggravare
1773 890 1954 948 censuram,

309 953 512 1037 mandamus,
536 957 686 1042 quatinus
710 959 740 1022 in
764 960 913 1023 omnibus
936 962 1123 1028 civitatibus
1138 962 1346 1047 Lombardie,
1369 988 1431 1051 que
1455 973 1630 1033 tenuerunt
1655 992 1689 1036 se
1707 993 1780 1036 curn
1795 971 1833 1036 P.
1850 993 1953 1058 quon·

311 1057 384 1122 dam
409 1059 606 1145 imperatore
633 1063 687 1126 vel
718 1061 788 1126 eius
818 1063 907 1143 filiis,
936 1071 1110 1150 postquam
1137 1067 1170 1130 in
1200 1067 1307 1153 ipsum
1336 1077 1369 1134 et
1398 1070 1602 1136 coadiutores
1633 1073 1703 1138 eius
1736 1075 1798 1139 fuit
1820 1097 1952 1140 excom-

310 1162 535 1226 municationis
564 1166 729 1229 sententia
756 1167 975 1252 promulgata,
1004 1168 1143 1234 inhiberi
1170 1170 1271 1235 facias
1298 1172 1462 1260 baptisma
1490 1176 1632 1260 parvulis
1661 1184 1694 1242 et
1722 1178 1962 1243 decedentibus¹

311 1266 566 1331 ecelesiasticam
583 1270 794 1355 sepulturam,
818 1269 972 1355 quamdiu
989 1271 1103 1337 cedern
1120 1274 1269 1340 civitates
1294 1277 1325 1339 in
1342 1276 1525 1342 huiusmodi
1543 1281 1718 1364 pertinatia
1733 1281 1953 1366 perdurarint;

310 1376 436 1435 statuas
471 1375 582 1436 tamen
616 1379 710 1437 extra
740 1374 889 1438 civitates
922 1375 1012 1460 ipsas
1048 1376 1154 1441 lecum
1188 1378 1356 1460 idoneum,
1395 1379 1435 1445 ad
1470 1402 1566 1466 quem
1606 1382 1794 1469 baptizandi
1827 1384 1954 1469 parvuli

310 1473 508 1556 deferantur,
532 1483 628 1562 prout
650 1476 771 1542 videris
794 1476 968 1564 expedirc;
992 1480 1245 1548 contradictores
1269 1491 1345 1547 eto.a

412 1595 489 1663 Dat.
513 1603 549 1662 ut
572 1619 680 1684 supra.

929 1743 1338 1754 ——---—-——----

1090 2022 1177 2095 510.
1840 2089 1850 2124 ,

232 2179 258 2217 1⁰
413 2134 631 2226 Innocentius
653 2161 710 2226 IV
721 2183 811 2242 papa
833 2162 929 2226 eidem
952 2163 1090 2241 mandat,
1113 2167 1149 2227 ut
1171 2183 1283 2243 omnes,
1305 2165 1360 2244 qni
1381 2164 1583 2250 F[riderico]
1594 2165 1751 2248 quendum
1772 2167 1954 2247 temeratori

302 2267 375 2342 post
390 2265 623 2346 prournlpatarn
643 2266 680 2328 tn
701 2285 769 2328 eum
791 2265 992 2350 depositionis
1014 2267 1199 2331 sententiam
1220 2267 1429 2345 adhaeserint,
1452 2270 1728 2334 excommunicates
1749 2271 1881 2335 nuntiet.

411 2383 476 2438 rua
495 2383 619 2454 runa.
639 2385 692 2439 ror.
711 2386 735 2455 1,
752 2393 815 2454 aa·
832 2386 892 2440 arn.
910 2386 940 2454 r,
958 2395 1012 2442 aar.
1597 2375 1689 2452 1248,
1711 2373 1813 2439 Mart.
1836 2377 1865 2440 9.

411 2470 512 2540 Beryer
527 2477 599 2526 3706.

1035 2583 1225 2658 Eidem.

230 2757 255 2796 rs
412 2732 618 2799 Presentinm
642 2734 700 2798 tibi
724 2731 967 2821 [auctoritate]¹’
990 2733 1199 2812 mandamus,
1222 2733 1374 2819 quatinus
1397 2757 1510 2800 omnes
1533 2737 1626 2815 illos,
1650 2738 1703 2822 qui
1731 2737 1768 2803 F.
1791 2738 1950 2822 quondam

308 2837 496 2922 imperatori
513 2838 565 2904 vel
581 2839 652 2904 eius
668 2839 741 2903 filiis
757 2839 913 2924 autperti
929 2859 1051 2918 eorum,
1068 2844 1240 2924 postquam
1255 2837 1288 2901 in
1304 2838 1411 2924 ipsum
1426 2838 1463 2903 F.
1479 2838 1695 2926 depositionis
1710 2841 1772 2905 fuir
1787 2842 1951 2906 sententia

307 2943 543 3028 promulgata¹,
564 2949 834 3030 presumpserunt
856 2942 972 3008 adesse
992 2945 1044 3007 vel
1065 2942 1322 3028 presumpserint
1342 2942 1472 3028 publice
1490 2943 1544 3008 vel
1567 2943 1703 3030 private,
1729 2947 1952 3009 excommuni-

308 3051 398 3110 catos
415 3046 543 3132 publice
557 3047 687 3112 nunties
704 3053 737 3112 et
752 3047 894 3110 nuntiari
907 3047 1009 3111 facias
1026 3067 1085 3132 per
1101 3047 1209 3111 omnia
1224 3046 1307 3126 loca,
1326 3047 1357 3110 in
1372 3047 1487 3132 quibus
1499 3047 1657 3133 expedire
1669 3046 1800 3128 videris,
1816 3049 1954 3133 pulsatis

211 3159 215 3174 '
308 3150 474 3234 campanis
505 3157 538 3214 et
567 3151 711 3216 candelis
733 3151 879 3216 accensis
905 3150 1040 3235 singuiis
1063 3149 1179 3216 diebus
1203 3150 1385 3216 Dominicis
1409 3157 1441 3216 et
1457 3151 1596 3226 festivis3
1614 3149 1868 3216 contradictores
1892 3159 1953 3218 etc.

230 3299 257 3340 ro
411 3271 488 3335 Dat.
512 3277 547 3336 ut
570 3292 677 3358 supra.
764 3361 768 3370 ι

1086 3673 1172 3747 511.

412 3790 632 3882 Innocentius
653 3817 712 3882 IV
717 3837 807 3897 papa
828 3816 924 3881 cidem
946 3813 1084 3892 nrammt,
1106 3818 1143 3877 ut
1157 3816 1349 3894 potestatem,
1372 3813 1489 3877 indices
1510 3817 1539 3877 et
1560 3833 1717 3878 corrrmune
1735 3813 1953 3880 Cremonenses

307 3923 336 3982 et
358 3940 462 3984 omnes
482 3939 545 3998 eos,
567 3920 623 4002 qui
644 3920 803 3984 auxilium
824 3919 980 3998 dederint,
1002 3923 1039 3981 nt
1060 3918 1141 3981 tona
1161 3916 1337 3981 devotorum
1360 3917 1516 3995 ecelesiae,
1543 3917 1599 3998 qui
1624 3917 1856 3984 Crenronerrsenr
1878 3920 1953 3982 ciui-

307 4026 401 4087 tatem
422 4023 566 4100 exissent,
588 4024 835 4102 devastarentur,
857 4021 1134 4087 recommunicatas
1155 4020 1288 4084 nuntiet.
1600 4024 1693 4100 1248,
1717 4021 1813 4087 Mart.
1837 4022 1866 4084 9.

412 4143 475 4196 Ina.
494 4143 543 4197 IV
551 4143 614 4213 Rey.
633 4144 689 4198 Vol.
707 4141 732 4206 1,
750 4141 970 4210 613-6145112'1).
990 4140 1020 4212 V,
1038 4149 1092 4198 665.

228 4243 253 4283 ss
410 4229 509 4300 Berper
527 4235 598 4286 3114.

484 4411 528 4486 G.
556 4411 609 4484 de
635 4408 953 4501 Montelongo
980 4409 1271 4483 subdiacono
1297 4415 1341 4482 et
1366 4407 1561 4480 notario
1588 4413 1774 4496 nostre,

835 4531 1088 4623 apostolice
1116 4531 1241 4605 sedis
1268 4533 1429 4623 legato.

412 4682 555 4766 Dignum
580 4689 631 4748 est
653 4688 687 4746 et
709 4677 966 4748 consentaneum
983 4682 1100 4747 rationi
1124 4689 1185 4747 etc.
1208 4687 1244 4747 ut
1267 4704 1366 4768 supra
1388 4681 1420 4746 in
1444 4679 1645 4746 DOLIIII⁰⁰
1667 4681 1807 4765 capitulo
1830 4703 1949 4767 usque:

309 4785 489 4870 persecuti,
519 4785 864 4871 presumpseriutquetl
892 4787 1065 4851 temerario
1096 4807 1178 4850 ausu
1205 4785 1377 4851 devastare
1408 4786 1496 4850 bona
1526 4784 1670 4864 illorum,
1701 4784 1757 4869 qui
1786 4785 1951 4849 civitatem

230 4907 256 4947 nr
310 4886 566 4954 Cremonensem
597 4895 758 4954 exeuntes
788 4888 895 4954 eidem
923 4889 1060 4954 ecclesio
1090 4887 1325 4954 adhesemnt²:
1356 4910 1432 4967 uos,
1456 4908 1629 4954 excessum
1656 4887 1839 4951 huiusmodi
1869 4888 1951 4952 alias

412 5151 437 5216 ⁸)
454 5159 502 5204 ete.
520 5150 632 5203 deertlt.
709 5146 735 5214 b)
753 5149 904 5202 auctoritate
923 5149 1034 5201 deertR.
1110 5149 1133 5214 ⁰)
1150 5151 1297 5202 Dcnxulo
1315 5149 1361 5212 R.,·
1378 5151 1412 5218 es.
1429 5167 1456 5201 n.
1470 5153 1528 5203 507.
1597 5145 1622 5214 ἃ)
1641 5154 1901 5216 presumpseruntque
1919 5147 1951 5201 R.

413 5269 440 5335 l)
459 5267 493 5320 A.
513 5274 584 5334 1215,
603 5267 657 5320 lut.
676 5273 713 5320 17.
757 5266 838 5334 Pupu
861 5264 898 5318 ud
916 5263 1096 5318 &cuonem
1117 5263 1240 5334 teneritate
1258 5269 1371 5333 spectare
1387 5263 1505 5331 videtum
1522 5281 1587 5318 num
1604 5265 1635 5317 s’n
1652 5263 1774 5318 muretus
1790 5264 1905 5332 epistolis
1921 5263 1952 5318 ds

307 5353 342 5406 iis
359 5358 416 5405 tum
432 5352 538 5420 seriptis
556 5352 600 5424 [n.
617 5361 668 5408 507
683 5357 707 5405 et
726 5353 867 5422 511-513]
885 5351 928 5404 tric
952 5351 1082 5405 taurinus
1104 5351 1231 5418 manant,
1258 5367 1320 5404 curn
1345 5351 1376 5404 iu
1398 5367 1426 5404 n.
1444 5357 1498 5404 508
1514 5355 1539 5404 et
1556 5358 1605 5406 609
1620 5351 1676 5404 tuen
1692 5349 1784 5416 nundi,
1804 5351 1952 5417 ‘matonam

307 5439 539 5493 aemrnmunicntio
557 5440 730 5508 prandente
752 5440 805 5506 eot',
828 5438 847 5492 t.
865 5454 886 5492 e.
909 5455 935 5490 a.
953 5443 1026 5506 1239,
1046 5437 1133 5490 Mart.
1151 5443 1197 5504 2ο,
1220 5437 1335 5506 tapetum
1351 5437 1382 5502 ct.
1399 5454 1428 5490 n.
1445 5443 1499 5492 512.
1602 5437 1686 5504 2312»
1703 5435 1818 5504 epistota,
1836 5435 1867 5489 tn
1886 5436 1949 5505 Ray.

229 5539 254 5578 ss
307 5525 560 5592 aceruatarum
579 5524 659 5579 ‘XII
673 5525 736 5578 Ian.
753 5543 779 5580 a.
793 5524 814 5577 I
818 5523 850 5578 V'
867 5523 1035 5592 admenta,
1057 5523 1136 5578 ‘XII
1148 5523 1212 5578 Kal.
1232 5523 1295 5577 Ian.
1313 5541 1340 5580 a.
1358 5523 1378 5576 1
1381 5521 1413 5575 V'
1429 5522 1446 5576 ι’.
1464 5539 1484 5576 a
1503 5539 1529 5576 u.
1548 5529 1626 5590 1216,
1649 5521 1716 5576 Dec.
1733 5528 1764 5575 21
1781 5521 1882 5590 comptu
1900 5539 1953 5576 esse

306 5609 421 5679 ardaur,
444 5626 519 5678 rupa
548 5609 701 5664 conradum
726 5609 757 5664 de
784 5609 978 5664 commutatus
1002 5613 1026 5664 et
1046 5609 1175 5664 Amatam
1198 5609 1231 5664 de
1248 5609 1352 5664 Amatis
1370 5607 1592 5679 [CieruonenmsL
1613 5624 1674 5662 aun
1697 5607 1865 5662 mudeuurt
1883 5608 1952 5676 ipses

307 5696 388 5762 aaut
414 5713 475 5752 cum
498 5697 611 5770 saurus
637 5696 669 5758 dc
699 5696 896 5770 cananeus,
922 5695 954 5754 de
976 5695 1104 5770 demun,
1125 5695 1157 5750 de
1176 5695 1329 5768 Conditus,
1346 5694 1377 5749 de
1396 5695 1545 5762 Otdoeiur's,
1563 5693 1596 5752 de
1616 5693 1754 5750 &eunom
1773 5693 1885 5764 utinum
1901 5695 1952 5748 estc
