<?xml version="1.0" encoding="UTF-8"?>
<!DOCTYPE html PUBLIC "-//W3C//DTD XHTML 1.0 Transitional//EN"
    "http://www.w3.org/TR/xhtml1/DTD/xhtml1-transitional.dtd">
<html xmlns="http://www.w3.org/1999/xhtml" xml:lang="en" lang="en">
 <head>
  <title>
</title>
<meta http-equiv="Content-Type" content="text/html;charset=utf-8" />
  <meta name='ocr-system' content='tesseract 3.04.00' />
  <meta name='ocr-capabilities' content='ocr_page ocr_carea ocr_par ocr_line ocrx_word'/>
</head>
<body>
  <div class='ocr_page' id='page_1' title='image "./monumentagerman00popegoog_0423.png"; bbox 0 0 4328 6232; ppageno 0'>
   <div class='ocr_carea' id='block_1_1' title="bbox 201 330 1253 410">
    <p class='ocr_par' dir='ltr' id='par_1_1' title="bbox 201 330 1253 410">
     <span class='ocr_line' id='line_1_1' title="bbox 201 330 1253 410; baseline -0.018 0"><span class='ocrx_word' id='word_1_1' title='bbox 201 344 264 410; x_wconf 80' lang='lat' dir='ltr'>tot</span> <span class='ocrx_word' id='word_1_2' title='bbox 705 332 755 395; x_wconf 75' lang='lat' dir='ltr'>EX</span> <span class='ocrx_word' id='word_1_3' title='bbox 773 330 993 394; x_wconf 73' lang='lat' dir='ltr'>luuoenutu</span> <span class='ocrx_word' id='word_1_4' title='bbox 1012 331 1051 393; x_wconf 86' lang='lat' dir='ltr'>lV</span> <span class='ocrx_word' id='word_1_5' title='bbox 1070 330 1253 394; x_wconf 66' lang='lat' dir='ltr'>nullasne</span> 
     </span>
    </p>
   </div>
   <div class='ocr_carea' id='block_1_2' title="bbox 200 506 1868 757">
    <p class='ocr_par' dir='ltr' id='par_1_2' title="bbox 200 506 1868 757">
     <span class='ocr_line' id='line_1_2' title="bbox 200 506 1868 584; baseline -0.003 -15"><span class='ocrx_word' id='word_1_6' title='bbox 200 522 218 571; x_wconf 91' lang='lat' dir='ltr'>t.</span> <span class='ocrx_word' id='word_1_7' title='bbox 233 516 258 584; x_wconf 84' lang='lat' dir='ltr'>I,</span> <span class='ocrx_word' id='word_1_8' title='bbox 273 533 302 584; x_wconf 81' lang='grc'>6.</span> <span class='ocrx_word' id='word_1_9' title='bbox 317 521 373 584; x_wconf 83' lang='grc'><em>399,</em></span> <span class='ocrx_word' id='word_1_10' title='bbox 391 531 419 570; x_wconf 90' lang='lat' dir='ltr'>n.</span> <span class='ocrx_word' id='word_1_11' title='bbox 431 520 486 584; x_wconf 81' lang='grc'><strong><em>631,</em></strong></span> <span class='ocrx_word' id='word_1_12' title='bbox 504 513 551 568; x_wconf 84' lang='lat' dir='ltr'>ubi</span> <span class='ocrx_word' id='word_1_13' title='bbox 569 514 703 582; x_wconf 74' lang='grc'><strong><em>66666666</em></strong></span> <span class='ocrx_word' id='word_1_14' title='bbox 722 513 785 581; x_wconf 73' lang='lat' dir='ltr'>Ray.</span> <span class='ocrx_word' id='word_1_15' title='bbox 799 511 845 582; x_wconf 85' lang='lat' dir='ltr'>[S.</span> <span class='ocrx_word' id='word_1_16' title='bbox 861 513 898 582; x_wconf 70' lang='grc' dir='ltr'>η,</span> <span class='ocrx_word' id='word_1_17' title='bbox 915 517 940 567; x_wconf 84' lang='lat' dir='ltr'>et</span> <span class='ocrx_word' id='word_1_18' title='bbox 957 511 1018 567; x_wconf 77' lang='lat' dir='ltr'>ibid.</span> <span class='ocrx_word' id='word_1_19' title='bbox 1032 527 1061 580; x_wconf 81' lang='grc'>6.</span> <span class='ocrx_word' id='word_1_20' title='bbox 1074 517 1130 579; x_wconf 85' lang='grc'><strong><em>366,</em></strong></span> <span class='ocrx_word' id='word_1_21' title='bbox 1148 528 1176 566; x_wconf 87' lang='lat' dir='ltr'>n.</span> <span class='ocrx_word' id='word_1_22' title='bbox 1189 517 1246 579; x_wconf 77' lang='lat'>462,</span> <span class='ocrx_word' id='word_1_23' title='bbox 1264 509 1311 563; x_wconf 82' lang='lat' dir='ltr'>abi</span> <span class='ocrx_word' id='word_1_24' title='bbox 1328 508 1462 578; x_wconf 69' lang='grc'><strong><em>66666166</em></strong></span> <span class='ocrx_word' id='word_1_25' title='bbox 1477 506 1534 566; x_wconf 85' lang='lat' dir='ltr'>cod.</span> <span class='ocrx_word' id='word_1_26' title='bbox 1549 507 1632 566; x_wconf 81' lang='lat' dir='ltr'>Vetic.</span> <span class='ocrx_word' id='word_1_27' title='bbox 1647 514 1720 580; x_wconf 78' lang='lat'>7183,</span> <span class='ocrx_word' id='word_1_28' title='bbox 1739 508 1815 580; x_wconf 78' lang='lat' dir='ltr'>qaod</span> <span class='ocrx_word' id='word_1_29' title='bbox 1831 525 1868 565; x_wconf 69' lang='lat' dir='ltr'><em>a</em></span> 
     </span>
     <span class='ocr_line' id='line_1_3' title="bbox 202 599 1079 672; baseline -0.006 -15"><span class='ocrx_word' id='word_1_30' title='bbox 202 604 265 672; x_wconf 77' lang='grc'><strong><em>1666.</em></strong></span> <span class='ocrx_word' id='word_1_31' title='bbox 284 619 407 657; x_wconf 81' lang='lat' dir='ltr'>manasse</span> <span class='ocrx_word' id='word_1_32' title='bbox 423 603 535 669; x_wconf 76' lang='lat' dir='ltr'>ridetur,</span> <span class='ocrx_word' id='word_1_33' title='bbox 549 601 691 671; x_wconf 70' lang='lat' dir='ltr'><strong><em>proposuit</em></strong></span> <span class='ocrx_word' id='word_1_34' title='bbox 708 599 754 670; x_wconf 78' lang='lat' dir='ltr'>[S.</span> <span class='ocrx_word' id='word_1_35' title='bbox 766 600 806 670; x_wconf 78' lang='lat'>2],·</span> <span class='ocrx_word' id='word_1_36' title='bbox 823 600 855 666; x_wconf 76' lang='lat' dir='ltr'>es.</span> <span class='ocrx_word' id='word_1_37' title='bbox 870 617 898 668; x_wconf 82' lang='grc'>6.</span> <span class='ocrx_word' id='word_1_38' title='bbox 912 607 968 667; x_wconf 85' lang='grc'><em>389,</em></span> <span class='ocrx_word' id='word_1_39' title='bbox 987 604 1042 654; x_wconf 89' lang='lat' dir='ltr'>net.</span> <span class='ocrx_word' id='word_1_40' title='bbox 1055 608 1079 653; x_wconf 79' lang='lat'>4.</span> 
     </span>
     <span class='ocr_line' id='line_1_4' title="bbox 304 686 826 757; baseline -0.008 -15"><span class='ocrx_word' id='word_1_41' title='bbox 304 688 431 756; x_wconf 70' lang='grc'><strong><em>66666,</em></strong></span> <span class='ocrx_word' id='word_1_42' title='bbox 452 689 619 757; x_wconf 64' lang='grc'><strong><em>16666666</em></strong></span> <span class='ocrx_word' id='word_1_43' title='bbox 638 686 826 754; x_wconf 67' lang='grc'><strong><em>1666666666.</em></strong></span> 
     </span>
    </p>
   </div>
   <div class='ocr_carea' id='block_1_3' title="bbox 704 880 1356 976">
    <p class='ocr_par' dir='ltr' id='par_1_3' title="bbox 704 880 1356 976">
     <span class='ocr_line' id='line_1_5' title="bbox 704 880 1356 976; baseline -0.005 -18"><span class='ocrx_word' id='word_1_44' title='bbox 704 941 743 958; x_wconf 93' lang='lat'>..</span> <span class='ocrx_word' id='word_1_45' title='bbox 773 883 989 976; x_wconf 90' lang='lat' dir='ltr'>episcopo</span> <span class='ocrx_word' id='word_1_46' title='bbox 1016 880 1356 975; x_wconf 82' lang='lat' dir='ltr'>Argentinensi.</span> 
     </span>
    </p>
   </div>
   <div class='ocr_carea' id='block_1_4' title="bbox 203 1031 1868 1533">
    <p class='ocr_par' dir='ltr' id='par_1_4' title="bbox 203 1031 1868 1533">
     <span class='ocr_line' id='line_1_6' title="bbox 311 1031 1865 1120; baseline -0.001 -21"><span class='ocrx_word' id='word_1_47' title='bbox 311 1035 362 1100; x_wconf 92' lang='lat' dir='ltr'>Ne</span> <span class='ocrx_word' id='word_1_48' title='bbox 378 1035 455 1099; x_wconf 91' lang='lat' dir='ltr'>inde</span> <span class='ocrx_word' id='word_1_49' title='bbox 471 1035 578 1120; x_wconf 89' lang='lat' dir='ltr'>possis</span> <span class='ocrx_word' id='word_1_50' title='bbox 595 1035 759 1098; x_wconf 89' lang='lat' dir='ltr'>incurrere</span> <span class='ocrx_word' id='word_1_51' title='bbox 776 1033 963 1120; x_wconf 90' lang='lat' dir='ltr'>dampnum,</span> <span class='ocrx_word' id='word_1_52' title='bbox 987 1032 1073 1097; x_wconf 92' lang='lat' dir='ltr'>unde</span> <span class='ocrx_word' id='word_1_53' title='bbox 1088 1034 1248 1098; x_wconf 87' lang='lat' dir='ltr'>meruisse</span> <span class='ocrx_word' id='word_1_54' title='bbox 1264 1031 1445 1096; x_wconf 90' lang='lat' dir='ltr'>dinosceris</span> <span class='ocrx_word' id='word_1_55' title='bbox 1462 1032 1632 1097; x_wconf 89' lang='lat' dir='ltr'>comodum</span> <span class='ocrx_word' id='word_1_56' title='bbox 1647 1040 1681 1097; x_wconf 91' lang='lat' dir='ltr'>et</span> <span class='ocrx_word' id='word_1_57' title='bbox 1700 1033 1865 1109; x_wconf 86' lang='lat' dir='ltr'>favorem,</span> 
     </span>
     <span class='ocr_line' id='line_1_7' title="bbox 203 1134 1868 1225; baseline 0.001 -24"><span class='ocrx_word' id='word_1_58' title='bbox 203 1138 344 1202; x_wconf 78' lang='lat' dir='ltr'><strong>libenter</strong></span> <span class='ocrx_word' id='word_1_59' title='bbox 368 1139 563 1223; x_wconf 88' lang='lat' dir='ltr'>apponimus</span> <span class='ocrx_word' id='word_1_60' title='bbox 588 1137 766 1202; x_wconf 90' lang='lat' dir='ltr'>remedium</span> <span class='ocrx_word' id='word_1_61' title='bbox 793 1145 827 1202; x_wconf 90' lang='lat' dir='ltr'>et</span> <span class='ocrx_word' id='word_1_62' title='bbox 853 1137 1027 1203; x_wconf 79' lang='lat' dir='ltr'><strong>cautelam.</strong></span> <span class='ocrx_word' id='word_1_63' title='bbox 1072 1134 1154 1199; x_wconf 73' lang='lat' dir='ltr'>(ium</span> <span class='ocrx_word' id='word_1_64' title='bbox 1183 1137 1292 1220; x_wconf 84' lang='lat' dir='ltr'>igitur,</span> <span class='ocrx_word' id='word_1_65' title='bbox 1323 1136 1407 1199; x_wconf 89' lang='lat' dir='ltr'>sicut</span> <span class='ocrx_word' id='word_1_66' title='bbox 1434 1141 1527 1220; x_wconf 89' lang='grc'><strong><em>66666</em></strong></span> <span class='ocrx_word' id='word_1_67' title='bbox 1556 1157 1616 1222; x_wconf 90' lang='grc'>666</span> <span class='ocrx_word' id='word_1_68' title='bbox 1646 1158 1748 1223; x_wconf 88' lang='lat' dir='ltr'>opera</span> <span class='ocrx_word' id='word_1_69' title='bbox 1778 1135 1868 1225; x_wconf 84' lang='lat' dir='ltr'>[ct]⁸</span> 
     </span>
     <span class='ocr_line' id='line_1_8' title="bbox 204 1236 1867 1326; baseline 0.002 -22"><span class='ocrx_word' id='word_1_70' title='bbox 204 1263 247 1304; x_wconf 84' lang='lat' dir='ltr'>ex</span> <span class='ocrx_word' id='word_1_71' title='bbox 270 1248 363 1326; x_wconf 91' lang='lat' dir='ltr'>parte</span> <span class='ocrx_word' id='word_1_72' title='bbox 388 1249 445 1305; x_wconf 89' lang='grc'>666</span> <span class='ocrx_word' id='word_1_73' title='bbox 468 1241 529 1306; x_wconf 87' lang='lat' dir='ltr'>suit</span> <span class='ocrx_word' id='word_1_74' title='bbox 551 1242 755 1326; x_wconf 89' lang='lat' dir='ltr'>propositum</span> <span class='ocrx_word' id='word_1_75' title='bbox 779 1261 888 1305; x_wconf 91' lang='lat' dir='ltr'>coram</span> <span class='ocrx_word' id='word_1_76' title='bbox 911 1239 1015 1317; x_wconf 91' lang='lat' dir='ltr'>nobis,</span> <span class='ocrx_word' id='word_1_77' title='bbox 1039 1238 1216 1326; x_wconf 74' lang='lat' dir='ltr'>oppidumb</span> <span class='ocrx_word' id='word_1_78' title='bbox 1240 1238 1280 1303; x_wconf 92' lang='lat' dir='ltr'>de</span> <span class='ocrx_word' id='word_1_79' title='bbox 1304 1236 1550 1323; x_wconf 71' lang='grc' dir='ltr'>(1666666666ι</span> <span class='ocrx_word' id='word_1_80' title='bbox 1574 1247 1608 1304; x_wconf 89' lang='grc'>66</span> <span class='ocrx_word' id='word_1_81' title='bbox 1630 1240 1672 1305; x_wconf 87' lang='grc'>(16</span> <span class='ocrx_word' id='word_1_82' title='bbox 1688 1240 1867 1307; x_wconf 80' lang='lat' dir='ltr'>Mulbere²</span> 
     </span>
     <span class='ocr_line' id='line_1_9' title="bbox 205 1341 1867 1430; baseline 0.001 -21"><span class='ocrx_word' id='word_1_83' title='bbox 205 1351 239 1409; x_wconf 89' lang='grc'>66</span> <span class='ocrx_word' id='word_1_84' title='bbox 262 1344 540 1409; x_wconf 72' lang='grc'>61606666666603</span> <span class='ocrx_word' id='word_1_85' title='bbox 563 1352 671 1408; x_wconf 85' lang='lat' dir='ltr'>eastra</span> <span class='ocrx_word' id='word_1_86' title='bbox 695 1366 768 1409; x_wconf 82' lang='lat' dir='ltr'>cunr</span> <span class='ocrx_word' id='word_1_87' title='bbox 792 1344 1000 1430; x_wconf 79' lang='lat' dir='ltr'>pertinentiis</span> <span class='ocrx_word' id='word_1_88' title='bbox 1025 1344 1103 1423; x_wconf 93' lang='lat' dir='ltr'>suis,</span> <span class='ocrx_word' id='word_1_89' title='bbox 1131 1363 1193 1428; x_wconf 91' lang='lat' dir='ltr'>que</span> <span class='ocrx_word' id='word_1_90' title='bbox 1208 1342 1246 1408; x_wconf 82' lang='lat' dir='ltr'>F.</span> <span class='ocrx_word' id='word_1_91' title='bbox 1263 1341 1427 1427; x_wconf 88' lang='lat' dir='ltr'>quondam</span> <span class='ocrx_word' id='word_1_92' title='bbox 1451 1342 1630 1429; x_wconf 87' lang='lat' dir='ltr'>imperator</span> <span class='ocrx_word' id='word_1_93' title='bbox 1652 1344 1695 1408; x_wconf 90' lang='lat' dir='ltr'>ab</span> <span class='ocrx_word' id='word_1_94' title='bbox 1717 1348 1867 1412; x_wconf 88' lang='lat' dir='ltr'>eeclesia</span> 
     </span>
     <span class='ocr_line' id='line_1_10' title="bbox 203 1446 1865 1533; baseline 0.004 -23"><span class='ocrx_word' id='word_1_95' title='bbox 203 1447 445 1533; x_wconf 81' lang='lat' dir='ltr'>Bambergensi</span> <span class='ocrx_word' id='word_1_96' title='bbox 469 1448 606 1513; x_wconf 90' lang='lat' dir='ltr'>tenebat</span> <span class='ocrx_word' id='word_1_97' title='bbox 629 1449 662 1510; x_wconf 95' lang='lat' dir='ltr'>in</span> <span class='ocrx_word' id='word_1_98' title='bbox 684 1448 834 1527; x_wconf 87' lang='lat' dir='ltr'>feudum,</span> <span class='ocrx_word' id='word_1_99' title='bbox 862 1448 988 1533; x_wconf 77' lang='lat' dir='ltr'>ceperis</span> <span class='ocrx_word' id='word_1_100' title='bbox 1012 1469 1076 1512; x_wconf 92' lang='lat' dir='ltr'>non</span> <span class='ocrx_word' id='word_1_101' title='bbox 1101 1448 1171 1511; x_wconf 90' lang='lat' dir='ltr'>sine</span> <span class='ocrx_word' id='word_1_102' title='bbox 1196 1447 1323 1531; x_wconf 87' lang='lat' dir='ltr'>magnis</span> <span class='ocrx_word' id='word_1_103' title='bbox 1347 1446 1502 1510; x_wconf 89' lang='lat' dir='ltr'>oneribus</span> <span class='ocrx_word' id='word_1_104' title='bbox 1525 1467 1764 1532; x_wconf 81' lang='lat' dir='ltr'>expensarum,</span> <span class='ocrx_word' id='word_1_105' title='bbox 1788 1473 1865 1531; x_wconf 90' lang='lat' dir='ltr'>nos,</span> 
     </span>
    </p>
   </div>
   <div class='ocr_carea' id='block_1_5' title="bbox 79 1549 1865 1637">
    <p class='ocr_par' dir='ltr' id='par_1_5' title="bbox 79 1549 1865 1637">
     <span class='ocr_line' id='line_1_11' title="bbox 79 1549 1865 1637; baseline 0.004 -24"><span class='ocrx_word' id='word_1_106' title='bbox 79 1606 83 1613; x_wconf 95' lang='lat'><em>.</em></span> <span class='ocrx_word' id='word_1_107' title='bbox 204 1551 433 1637; x_wconf 89' lang='lat' dir='ltr'>indempnitati</span> <span class='ocrx_word' id='word_1_108' title='bbox 462 1559 518 1616; x_wconf 88' lang='grc'>666</span> <span class='ocrx_word' id='word_1_109' title='bbox 546 1553 696 1615; x_wconf 83' lang='lat' dir='ltr'>volentes</span> <span class='ocrx_word' id='word_1_110' title='bbox 727 1558 865 1636; x_wconf 87' lang='lat' dir='ltr'>paterna</span> <span class='ocrx_word' id='word_1_111' title='bbox 888 1549 1109 1615; x_wconf 89' lang='lat' dir='ltr'>sollieitudine</span> <span class='ocrx_word' id='word_1_112' title='bbox 1132 1569 1324 1636; x_wconf 77' lang='lat' dir='ltr'><strong>precavere,</strong></span> <span class='ocrx_word' id='word_1_113' title='bbox 1354 1550 1556 1633; x_wconf 89' lang='lat' dir='ltr'>presentium</span> <span class='ocrx_word' id='word_1_114' title='bbox 1580 1551 1639 1617; x_wconf 90' lang='lat' dir='ltr'>tibi</span> <span class='ocrx_word' id='word_1_115' title='bbox 1662 1555 1865 1621; x_wconf 86' lang='lat' dir='ltr'>auctoritate</span> 
     </span>
    </p>
   </div>
   <div class='ocr_carea' id='block_1_6' title="bbox 203 1653 1943 2255">
    <p class='ocr_par' dir='ltr' id='par_1_6' title="bbox 203 1653 1943 2255">
     <span class='ocr_line' id='line_1_12' title="bbox 204 1653 1866 1740; baseline 0.005 -22"><span class='ocrx_word' id='word_1_116' title='bbox 204 1657 426 1735; x_wconf 78' lang='lat' dir='ltr'>concedimus,</span> <span class='ocrx_word' id='word_1_117' title='bbox 449 1662 486 1719; x_wconf 91' lang='lat' dir='ltr'>ut</span> <span class='ocrx_word' id='word_1_118' title='bbox 508 1655 549 1719; x_wconf 90' lang='lat' dir='ltr'>ad</span> <span class='ocrx_word' id='word_1_119' title='bbox 574 1676 688 1720; x_wconf 91' lang='lat' dir='ltr'>eorum</span> <span class='ocrx_word' id='word_1_120' title='bbox 711 1655 952 1718; x_wconf 89' lang='lat' dir='ltr'>restitutionem</span> <span class='ocrx_word' id='word_1_121' title='bbox 970 1655 1102 1718; x_wconf 91' lang='lat' dir='ltr'>minime</span> <span class='ocrx_word' id='word_1_122' title='bbox 1119 1654 1263 1719; x_wconf 88' lang='lat' dir='ltr'>tenearis</span> <span class='ocrx_word' id='word_1_123' title='bbox 1279 1673 1385 1737; x_wconf 91' lang='lat' dir='ltr'>neque</span> <span class='ocrx_word' id='word_1_124' title='bbox 1401 1653 1551 1740; x_wconf 90' lang='lat' dir='ltr'>predicta</span> <span class='ocrx_word' id='word_1_125' title='bbox 1564 1675 1624 1740; x_wconf 90' lang='lat' dir='ltr'>per</span> <span class='ocrx_word' id='word_1_126' title='bbox 1640 1659 1866 1726; x_wconf 85' lang='lat' dir='ltr'>venerabilem</span> 
     </span>
     <span class='ocr_line' id='line_1_13' title="bbox 203 1757 1866 1849; baseline 0.005 -27"><span class='ocrx_word' id='word_1_127' title='bbox 203 1760 339 1824; x_wconf 86' lang='lat' dir='ltr'>fratrem</span> <span class='ocrx_word' id='word_1_128' title='bbox 374 1767 521 1824; x_wconf 88' lang='lat' dir='ltr'>nostrum</span> <span class='ocrx_word' id='word_1_129' title='bbox 549 1809 586 1825; x_wconf 88' lang='lat'>..</span> <span class='ocrx_word' id='word_1_130' title='bbox 616 1760 806 1844; x_wconf 90' lang='lat' dir='ltr'>episcopum</span> <span class='ocrx_word' id='word_1_131' title='bbox 833 1758 1112 1842; x_wconf 84' lang='lat' dir='ltr'>Bambergensem</span> <span class='ocrx_word' id='word_1_132' title='bbox 1145 1757 1198 1822; x_wconf 87' lang='lat' dir='ltr'>vel</span> <span class='ocrx_word' id='word_1_133' title='bbox 1232 1777 1459 1822; x_wconf 85' lang='lat' dir='ltr'>successorem</span> <span class='ocrx_word' id='word_1_134' title='bbox 1491 1758 1594 1842; x_wconf 90' lang='lat' dir='ltr'>ipsius</span> <span class='ocrx_word' id='word_1_135' title='bbox 1628 1768 1686 1825; x_wconf 96' lang='grc'>666</span> <span class='ocrx_word' id='word_1_136' title='bbox 1716 1762 1866 1849; x_wconf 81' lang='lat' dir='ltr'>aliquem</span> 
     </span>
     <span class='ocr_line' id='line_1_14' title="bbox 205 1861 1866 1952; baseline 0.004 -28"><span class='ocrx_word' id='word_1_137' title='bbox 205 1861 303 1925; x_wconf 93' lang='lat' dir='ltr'>alium</span> <span class='ocrx_word' id='word_1_138' title='bbox 328 1863 436 1947; x_wconf 90' lang='lat' dir='ltr'>aliquo</span> <span class='ocrx_word' id='word_1_139' title='bbox 461 1863 556 1926; x_wconf 91' lang='lat' dir='ltr'>modo</span> <span class='ocrx_word' id='word_1_140' title='bbox 580 1863 716 1926; x_wconf 88' lang='lat' dir='ltr'>alienari</span> <span class='ocrx_word' id='word_1_141' title='bbox 739 1862 885 1937; x_wconf 81' lang='lat' dir='ltr'>valeant3</span> <span class='ocrx_word' id='word_1_142' title='bbox 915 1883 1013 1948; x_wconf 89' lang='lat' dir='ltr'>quam</span> <span class='ocrx_word' id='word_1_143' title='bbox 1038 1863 1287 1939; x_wconf 79' lang='lat' dir='ltr'>alienationem,</span> <span class='ocrx_word' id='word_1_144' title='bbox 1318 1862 1345 1924; x_wconf 90' lang='lat' dir='ltr'>si</span> <span class='ocrx_word' id='word_1_145' title='bbox 1372 1862 1484 1926; x_wconf 77' lang='lat' dir='ltr'>forsan</span> <span class='ocrx_word' id='word_1_146' title='bbox 1508 1863 1653 1948; x_wconf 84' lang='lat' dir='ltr'>presumi</span> <span class='ocrx_word' id='word_1_147' title='bbox 1677 1869 1866 1952; x_wconf 60' lang='lat' dir='ltr'>eontigerit,</span> 
     </span>
     <span class='ocr_line' id='line_1_15' title="bbox 205 1964 1865 2052; baseline 0.005 -25"><span class='ocrx_word' id='word_1_148' title='bbox 205 1964 412 2029; x_wconf 91' lang='lat' dir='ltr'>decernimus</span> <span class='ocrx_word' id='word_1_149' title='bbox 442 1967 566 2029; x_wconf 89' lang='lat' dir='ltr'>irritam</span> <span class='ocrx_word' id='word_1_150' title='bbox 598 1973 632 2029; x_wconf 89' lang='lat' dir='ltr'>et</span> <span class='ocrx_word' id='word_1_151' title='bbox 660 1965 806 2043; x_wconf 85' lang='lat' dir='ltr'>inanem,</span> <span class='ocrx_word' id='word_1_152' title='bbox 838 1965 903 2030; x_wconf 89' lang='lat' dir='ltr'>nisi</span> <span class='ocrx_word' id='word_1_153' title='bbox 929 1966 1034 2052; x_wconf 92' lang='lat' dir='ltr'>primo</span> <span class='ocrx_word' id='word_1_154' title='bbox 1064 1965 1123 2029; x_wconf 91' lang='lat' dir='ltr'>tibi</span> <span class='ocrx_word' id='word_1_155' title='bbox 1155 1972 1188 2028; x_wconf 89' lang='lat' dir='ltr'>et</span> <span class='ocrx_word' id='word_1_156' title='bbox 1215 1964 1418 2029; x_wconf 87' lang='lat' dir='ltr'>adiutoribus</span> <span class='ocrx_word' id='word_1_157' title='bbox 1445 1987 1484 2029; x_wconf 90' lang='grc'>66</span> <span class='ocrx_word' id='word_1_158' title='bbox 1515 1966 1702 2034; x_wconf 92' lang='lat' dir='ltr'>bominibus</span> <span class='ocrx_word' id='word_1_159' title='bbox 1732 1973 1799 2035; x_wconf 88' lang='lat' dir='ltr'>tuis</span> <span class='ocrx_word' id='word_1_160' title='bbox 1823 1972 1865 2036; x_wconf 93' lang='lat' dir='ltr'>de</span> 
     </span>
     <span class='ocr_line' id='line_1_16' title="bbox 205 2066 1943 2155; baseline 0.006 -25"><span class='ocrx_word' id='word_1_161' title='bbox 205 2066 354 2154; x_wconf 85' lang='lat' dir='ltr'>dampnis</span> <span class='ocrx_word' id='word_1_162' title='bbox 386 2076 420 2133; x_wconf 92' lang='lat' dir='ltr'>et</span> <span class='ocrx_word' id='word_1_163' title='bbox 449 2068 619 2154; x_wconf 79' lang='lat' dir='ltr'>expensis,</span> <span class='ocrx_word' id='word_1_164' title='bbox 651 2090 713 2153; x_wconf 94' lang='lat' dir='ltr'>que</span> <span class='ocrx_word' id='word_1_165' title='bbox 738 2069 799 2132; x_wconf 92' lang='lat' dir='ltr'>hac</span> <span class='ocrx_word' id='word_1_166' title='bbox 822 2069 949 2132; x_wconf 90' lang='lat' dir='ltr'>ratione</span> <span class='ocrx_word' id='word_1_167' title='bbox 973 2067 1113 2133; x_wconf 87' lang='lat' dir='ltr'>subiisse</span> <span class='ocrx_word' id='word_1_168' title='bbox 1137 2069 1320 2146; x_wconf 90' lang='lat' dir='ltr'>noscimini,</span> <span class='ocrx_word' id='word_1_169' title='bbox 1352 2068 1450 2132; x_wconf 87' lang='lat' dir='ltr'>luerit</span> <span class='ocrx_word' id='word_1_170' title='bbox 1472 2069 1619 2155; x_wconf 88' lang='lat' dir='ltr'>plenarie</span> <span class='ocrx_word' id='word_1_171' title='bbox 1643 2075 1863 2141; x_wconf 78' lang='lat' dir='ltr'>satisfactum.</span> <span class='ocrx_word' id='word_1_172' title='bbox 1932 2094 1943 2130; x_wconf 72' lang='lat'>³</span> 
     </span>
     <span class='ocr_line' id='line_1_17' title="bbox 204 2170 1276 2255; baseline 0.003 -22"><span class='ocrx_word' id='word_1_173' title='bbox 204 2170 296 2235; x_wconf 83' lang='lat' dir='ltr'>Nulli</span> <span class='ocrx_word' id='word_1_174' title='bbox 320 2192 398 2255; x_wconf 84' lang='lat' dir='ltr'>ergo</span> <span class='ocrx_word' id='word_1_175' title='bbox 422 2179 484 2236; x_wconf 91' lang='lat' dir='ltr'>etc.</span> <span class='ocrx_word' id='word_1_176' title='bbox 508 2180 619 2236; x_wconf 89' lang='lat' dir='ltr'>nostre</span> <span class='ocrx_word' id='word_1_177' title='bbox 644 2172 866 2236; x_wconf 88' lang='lat' dir='ltr'>concessionis</span> <span class='ocrx_word' id='word_1_178' title='bbox 890 2178 922 2236; x_wconf 88' lang='lat' dir='ltr'>et</span> <span class='ocrx_word' id='word_1_179' title='bbox 945 2173 1190 2237; x_wconf 87' lang='lat' dir='ltr'>constitutionis</span> <span class='ocrx_word' id='word_1_180' title='bbox 1213 2178 1276 2236; x_wconf 91' lang='lat' dir='ltr'>ete.</span> 
     </span>
    </p>
   </div>
   <div class='ocr_carea' id='block_1_7' title="bbox 314 2280 1063 2378">
    <p class='ocr_par' dir='ltr' id='par_1_7' title="bbox 314 2280 1063 2378">
     <span class='ocr_line' id='line_1_18' title="bbox 314 2280 1063 2378; baseline 0.003 -23"><span class='ocrx_word' id='word_1_181' title='bbox 314 2292 391 2358; x_wconf 93' lang='lat' dir='ltr'>Dat.</span> <span class='ocrx_word' id='word_1_182' title='bbox 414 2292 580 2378; x_wconf 83' lang='lat' dir='ltr'>Lugduni,</span> <span class='ocrx_word' id='word_1_183' title='bbox 604 2280 656 2355; x_wconf 83' lang='grc' dir='ltr'>ΙΙΙ</span> <span class='ocrx_word' id='word_1_184' title='bbox 679 2292 763 2356; x_wconf 89' lang='lat' dir='ltr'>Non.</span> <span class='ocrx_word' id='word_1_185' title='bbox 787 2292 882 2374; x_wconf 89' lang='lat' dir='ltr'>Iunii,</span> <span class='ocrx_word' id='word_1_186' title='bbox 907 2314 991 2357; x_wconf 89' lang='lat' dir='ltr'>anne</span> <span class='ocrx_word' id='word_1_187' title='bbox 1007 2293 1063 2357; x_wconf 82' lang='lat' dir='ltr'>V0.</span> 
     </span>
    </p>
   </div>
   <div class='ocr_carea' id='block_1_8' title="bbox 207 2412 1865 2603">
    <p class='ocr_par' dir='ltr' id='par_1_8' title="bbox 207 2412 1865 2603">
     <span class='ocr_line' id='line_1_19' title="bbox 314 2412 1865 2501; baseline 0.006 -23"><span class='ocrx_word' id='word_1_188' title='bbox 314 2414 393 2478; x_wconf 90' lang='lat' dir='ltr'>Dati</span> <span class='ocrx_word' id='word_1_189' title='bbox 418 2420 493 2478; x_wconf 89' lang='lat' dir='ltr'>sunt</span> <span class='ocrx_word' id='word_1_190' title='bbox 516 2416 547 2479; x_wconf 94' lang='lat' dir='ltr'>ci</span> <span class='ocrx_word' id='word_1_191' title='bbox 570 2435 668 2501; x_wconf 90' lang='lat' dir='ltr'>super</span> <span class='ocrx_word' id='word_1_192' title='bbox 691 2415 753 2478; x_wconf 89' lang='lat' dir='ltr'>hoc</span> <span class='ocrx_word' id='word_1_193' title='bbox 777 2421 1026 2479; x_wconf 82' lang='lat' dir='ltr'>conservatores</span> <span class='ocrx_word' id='word_1_194' title='bbox 1045 2467 1072 2480; x_wconf 83' lang='lat'>‚.</span> <span class='ocrx_word' id='word_1_195' title='bbox 1090 2414 1232 2478; x_wconf 89' lang='lat' dir='ltr'>decanus</span> <span class='ocrx_word' id='word_1_196' title='bbox 1256 2419 1338 2479; x_wconf 89' lang='lat' dir='ltr'>et..</span> <span class='ocrx_word' id='word_1_197' title='bbox 1358 2412 1584 2479; x_wconf 80' lang='lat' dir='ltr'>thesaurarius</span> <span class='ocrx_word' id='word_1_198' title='bbox 1607 2416 1721 2483; x_wconf 86' lang='lat' dir='ltr'>Sancti</span> <span class='ocrx_word' id='word_1_199' title='bbox 1738 2419 1865 2487; x_wconf 81' lang='lat' dir='ltr'>Thome</span> 
     </span>
     <span class='ocr_line' id='line_1_20' title="bbox 207 2517 469 2603; baseline -0.004 -21"><span class='ocrx_word' id='word_1_200' title='bbox 207 2517 469 2603; x_wconf 84' lang='lat' dir='ltr'>Argentinensis.</span> 
     </span>
    </p>
   </div>
   <div class='ocr_carea' id='block_1_9' title="bbox 992 2956 1079 3029">
    <p class='ocr_par' dir='ltr' id='par_1_9' title="bbox 992 2956 1079 3029">
     <span class='ocr_line' id='line_1_21' title="bbox 992 2956 1079 3029; baseline 0.011 -3"><span class='ocrx_word' id='word_1_201' title='bbox 992 2956 1079 3029; x_wconf 84' lang='lat'><strong>573.</strong></span> 
     </span>
    </p>
   </div>
   <div class='ocr_carea' id='block_1_10' title="bbox 206 3065 1867 3764">
    <p class='ocr_par' dir='ltr' id='par_1_10' title="bbox 206 3065 1867 3485">
     <span class='ocr_line' id='line_1_22' title="bbox 311 3065 1865 3180; baseline 0.004 -22"><span class='ocrx_word' id='word_1_202' title='bbox 311 3065 530 3158; x_wconf 81' lang='lat' dir='ltr'>Innocentius</span> <span class='ocrx_word' id='word_1_203' title='bbox 557 3092 614 3157; x_wconf 88' lang='lat' dir='ltr'>IV</span> <span class='ocrx_word' id='word_1_204' title='bbox 631 3115 723 3175; x_wconf 82' lang='grc'><strong><em>6666</em></strong></span> <span class='ocrx_word' id='word_1_205' title='bbox 749 3093 929 3180; x_wconf 78' lang='lat' dir='ltr'>[iohanni]</span> <span class='ocrx_word' id='word_1_206' title='bbox 963 3095 1193 3176; x_wconf 76' lang='lat' dir='ltr'>archiepiscopo</span> <span class='ocrx_word' id='word_1_207' title='bbox 1226 3093 1384 3159; x_wconf 82' lang='lat' dir='ltr'>lennensi</span> <span class='ocrx_word' id='word_1_208' title='bbox 1416 3097 1578 3161; x_wconf 84' lang='lat' dir='ltr'>committit</span> <span class='ocrx_word' id='word_1_209' title='bbox 1614 3098 1865 3164; x_wconf 78' lang='lat' dir='ltr'>iurisdietionem</span> 
     </span>
     <span class='ocr_line' id='line_1_23' title="bbox 206 3198 1866 3283; baseline 0.003 -21"><span class='ocrx_word' id='word_1_210' title='bbox 206 3198 405 3279; x_wconf 80' lang='lat' dir='ltr'>spirituatem</span> <span class='ocrx_word' id='word_1_211' title='bbox 426 3198 463 3260; x_wconf 85' lang='lat' dir='ltr'>in</span> <span class='ocrx_word' id='word_1_212' title='bbox 484 3198 650 3262; x_wconf 83' lang='lat' dir='ltr'>nonnuliis</span> <span class='ocrx_word' id='word_1_213' title='bbox 672 3199 747 3263; x_wconf 83' lang='lat' dir='ltr'>locis</span> <span class='ocrx_word' id='word_1_214' title='bbox 767 3198 897 3263; x_wconf 84' lang='lat' dir='ltr'>diocesis</span> <span class='ocrx_word' id='word_1_215' title='bbox 922 3199 1139 3279; x_wconf 82' lang='lat' dir='ltr'>Terdencnsis,</span> <span class='ocrx_word' id='word_1_216' title='bbox 1169 3199 1213 3263; x_wconf 73' lang='lat' dir='ltr'>aa</span> <span class='ocrx_word' id='word_1_217' title='bbox 1235 3199 1391 3263; x_wconf 81' lang='lat' dir='ltr'>civitatem</span> <span class='ocrx_word' id='word_1_218' title='bbox 1413 3200 1607 3265; x_wconf 74' lang='lat' dir='ltr'>lensensem</span> <span class='ocrx_word' id='word_1_219' title='bbox 1624 3203 1866 3283; x_wconf 79' lang='lat' dir='ltr'>pertinentibus,</span> 
     </span>
     <span class='ocr_line' id='line_1_24' title="bbox 207 3300 1867 3388; baseline 0.003 -24"><span class='ocrx_word' id='word_1_220' title='bbox 207 3305 243 3365; x_wconf 89' lang='lat' dir='ltr'>nt</span> <span class='ocrx_word' id='word_1_221' title='bbox 271 3301 417 3366; x_wconf 82' lang='lat' dir='ltr'>indevoto</span> <span class='ocrx_word' id='word_1_222' title='bbox 448 3300 559 3364; x_wconf 71' lang='lat' dir='ltr'>cintus</span> <span class='ocrx_word' id='word_1_223' title='bbox 583 3301 793 3365; x_wconf 81' lang='lat' dir='ltr'>Terdencneis</span> <span class='ocrx_word' id='word_1_224' title='bbox 822 3303 858 3365; x_wconf 86' lang='lat' dir='ltr'>in</span> <span class='ocrx_word' id='word_1_225' title='bbox 889 3301 1004 3366; x_wconf 71' lang='lat' dir='ltr'>bonine</span> <span class='ocrx_word' id='word_1_226' title='bbox 1030 3321 1087 3366; x_wconf 83' lang='lat' dir='ltr'>sno</span> <span class='ocrx_word' id='word_1_227' title='bbox 1117 3302 1269 3366; x_wconf 76' lang='lat' dir='ltr'>mirlctatu</span> <span class='ocrx_word' id='word_1_228' title='bbox 1294 3323 1334 3365; x_wconf 79' lang='lat' dir='ltr'>ee</span> <span class='ocrx_word' id='word_1_229' title='bbox 1361 3303 1545 3388; x_wconf 73' lang='lat' dir='ltr'>confusione</span> <span class='ocrx_word' id='word_1_230' title='bbox 1573 3325 1726 3385; x_wconf 81' lang='lat' dir='ltr'>quaerere</span> <span class='ocrx_word' id='word_1_231' title='bbox 1754 3326 1867 3370; x_wconf 86' lang='lat' dir='ltr'>nomen</span> 
     </span>
     <span class='ocr_line' id='line_1_25' title="bbox 207 3403 1780 3485; baseline 0.001 -15"><span class='ocrx_word' id='word_1_232' title='bbox 207 3403 271 3470; x_wconf 86' lang='lat' dir='ltr'>Dei</span> <span class='ocrx_word' id='word_1_233' title='bbox 292 3404 403 3471; x_wconf 74' lang='grc'><strong><em>6166666.</em></strong></span> <span class='ocrx_word' id='word_1_234' title='bbox 1538 3410 1632 3485; x_wconf 81' lang='grc'><em>1248,</em></span> <span class='ocrx_word' id='word_1_235' title='bbox 1655 3407 1733 3472; x_wconf 87' lang='lat' dir='ltr'>Inn.</span> <span class='ocrx_word' id='word_1_236' title='bbox 1747 3413 1780 3473; x_wconf 87' lang='grc'>3.</span> 
     </span>
    </p>

    <p class='ocr_par' dir='ltr' id='par_1_11' title="bbox 208 3521 1867 3678">
     <span class='ocr_line' id='line_1_26' title="bbox 311 3521 1867 3593; baseline 0.003 -16"><span class='ocrx_word' id='word_1_237' title='bbox 311 3524 377 3577; x_wconf 89' lang='lat' dir='ltr'>Inn.</span> <span class='ocrx_word' id='word_1_238' title='bbox 390 3522 439 3576; x_wconf 86' lang='lat' dir='ltr'>IV</span> <span class='ocrx_word' id='word_1_239' title='bbox 454 3522 516 3590; x_wconf 75' lang='grc'><strong><em>1666.</em></strong></span> <span class='ocrx_word' id='word_1_240' title='bbox 535 3522 589 3575; x_wconf 83' lang='lat' dir='ltr'>Vol.</span> <span class='ocrx_word' id='word_1_241' title='bbox 607 3522 631 3589; x_wconf 85' lang='grc' dir='ltr'>Ι,</span> <span class='ocrx_word' id='word_1_242' title='bbox 649 3530 709 3588; x_wconf 52' lang='lat' dir='ltr'>bin·</span> <span class='ocrx_word' id='word_1_243' title='bbox 727 3521 787 3576; x_wconf 77' lang='lat' dir='ltr'>Lib.</span> <span class='ocrx_word' id='word_1_244' title='bbox 807 3522 836 3589; x_wconf 87' lang='lat' dir='ltr'>V,</span> <span class='ocrx_word' id='word_1_245' title='bbox 854 3538 912 3576; x_wconf 80' lang='grc'><strong><em>666.</em></strong></span> <span class='ocrx_word' id='word_1_246' title='bbox 926 3531 966 3577; x_wconf 83' lang='grc'>61.</span> <span class='ocrx_word' id='word_1_247' title='bbox 1004 3522 1146 3591; x_wconf 64' lang='grc'><strong><em>86666666</em></strong></span> <span class='ocrx_word' id='word_1_248' title='bbox 1166 3523 1229 3591; x_wconf 64' lang='lat' dir='ltr'>Rq.</span> <span class='ocrx_word' id='word_1_249' title='bbox 1247 3525 1470 3578; x_wconf 74' lang='grc'><strong><em>666666116616666</em></strong></span> <span class='ocrx_word' id='word_1_250' title='bbox 1486 3526 1595 3579; x_wconf 84' lang='lat' dir='ltr'>omnino</span> <span class='ocrx_word' id='word_1_251' title='bbox 1610 3525 1703 3593; x_wconf 75' lang='grc'><strong><em>6161666,</em></strong></span> <span class='ocrx_word' id='word_1_252' title='bbox 1721 3528 1785 3580; x_wconf 77' lang='lat' dir='ltr'>eliis</span> <span class='ocrx_word' id='word_1_253' title='bbox 1802 3529 1867 3582; x_wconf 63' lang='lat' dir='ltr'>lain</span> 
     </span>
     <span class='ocr_line' id='line_1_27' title="bbox 208 3611 389 3678; baseline -0.011 -13"><span class='ocrx_word' id='word_1_254' title='bbox 208 3611 328 3678; x_wconf 72' lang='grc'><strong><em>666666</em></strong></span> <span class='ocrx_word' id='word_1_255' title='bbox 345 3615 389 3664; x_wconf 73' lang='lat' dir='ltr'>m.</span> 
     </span>
    </p>

    <p class='ocr_par' dir='ltr' id='par_1_12' title="bbox 313 3696 505 3764">
     <span class='ocr_line' id='line_1_28' title="bbox 313 3696 505 3764; baseline -0.01 -13"><span class='ocrx_word' id='word_1_256' title='bbox 313 3696 413 3764; x_wconf 71' lang='lat' dir='ltr'>Berper</span> <span class='ocrx_word' id='word_1_257' title='bbox 431 3702 505 3749; x_wconf 79' lang='grc'><strong><em>4666.</em></strong></span> 
     </span>
    </p>
   </div>
   <div class='ocr_carea' id='block_1_11' title="bbox 705 3736 1369 3829">
    <p class='ocr_par' dir='ltr' id='par_1_13' title="bbox 705 3736 1369 3829">
     <span class='ocr_line' id='line_1_29' title="bbox 705 3736 1369 3829; baseline 0.003 -19"><span class='ocrx_word' id='word_1_258' title='bbox 705 3793 747 3810; x_wconf 94' lang='grc'>..</span> <span class='ocrx_word' id='word_1_259' title='bbox 776 3736 1118 3829; x_wconf 86' lang='lat' dir='ltr'>archiepiscopo</span> <span class='ocrx_word' id='word_1_260' title='bbox 1145 3739 1369 3812; x_wconf 84' lang='lat' dir='ltr'>lennensi.</span> 
     </span>
    </p>
   </div>
   <div class='ocr_carea' id='block_1_12' title="bbox 208 3885 1871 4808">
    <p class='ocr_par' dir='ltr' id='par_1_14' title="bbox 208 3885 1871 4808">
     <span class='ocr_line' id='line_1_30' title="bbox 318 3885 1869 3982; baseline 0.008 -32"><span class='ocrx_word' id='word_1_261' title='bbox 318 3886 414 3950; x_wconf 86' lang='lat' dir='ltr'>Raeti</span> <span class='ocrx_word' id='word_1_262' title='bbox 440 3892 562 3950; x_wconf 87' lang='lat' dir='ltr'>statera</span> <span class='ocrx_word' id='word_1_263' title='bbox 585 3885 696 3951; x_wconf 91' lang='lat' dir='ltr'>iudicii</span> <span class='ocrx_word' id='word_1_264' title='bbox 720 3907 804 3971; x_wconf 92' lang='lat' dir='ltr'>equo</span> <span class='ocrx_word' id='word_1_265' title='bbox 827 3893 904 3951; x_wconf 91' lang='lat' dir='ltr'>tunc</span> <span class='ocrx_word' id='word_1_266' title='bbox 929 3890 1079 3953; x_wconf 83' lang='lat' dir='ltr'>examine</span> <span class='ocrx_word' id='word_1_267' title='bbox 1103 3895 1314 3975; x_wconf 84' lang='lat' dir='ltr'>temperatur,</span> <span class='ocrx_word' id='word_1_268' title='bbox 1338 3910 1411 3954; x_wconf 89' lang='lat' dir='ltr'>eum</span> <span class='ocrx_word' id='word_1_269' title='bbox 1435 3888 1533 3976; x_wconf 86' lang='lat' dir='ltr'>digna</span> <span class='ocrx_word' id='word_1_270' title='bbox 1549 3893 1727 3959; x_wconf 83' lang='lat' dir='ltr'>virtutibus</span> <span class='ocrx_word' id='word_1_271' title='bbox 1743 3898 1869 3982; x_wconf 87' lang='lat' dir='ltr'>premia</span> 
     </span>
     <span class='ocr_line' id='line_1_31' title="bbox 209 3991 1868 4079; baseline 0.004 -23"><span class='ocrx_word' id='word_1_272' title='bbox 209 3999 243 4056; x_wconf 89' lang='lat' dir='ltr'>et</span> <span class='ocrx_word' id='word_1_273' title='bbox 273 4011 418 4075; x_wconf 86' lang='lat' dir='ltr'>congrua</span> <span class='ocrx_word' id='word_1_274' title='bbox 446 3991 534 4053; x_wconf 86' lang='lat' dir='ltr'>vitiis</span> <span class='ocrx_word' id='word_1_275' title='bbox 564 3992 728 4077; x_wconf 91' lang='lat' dir='ltr'>stipendia</span> <span class='ocrx_word' id='word_1_276' title='bbox 762 3997 1002 4077; x_wconf 89' lang='lat' dir='ltr'>recompensat.</span> <span class='ocrx_word' id='word_1_277' title='bbox 1054 3992 1109 4057; x_wconf 82' lang='lat' dir='ltr'>Sic</span> <span class='ocrx_word' id='word_1_278' title='bbox 1144 3994 1232 4057; x_wconf 92' lang='lat' dir='ltr'>enim</span> <span class='ocrx_word' id='word_1_279' title='bbox 1265 3992 1451 4079; x_wconf 91' lang='lat' dir='ltr'>quibusque</span> <span class='ocrx_word' id='word_1_280' title='bbox 1486 3995 1573 4079; x_wconf 93' lang='lat' dir='ltr'>quod</span> <span class='ocrx_word' id='word_1_281' title='bbox 1608 4018 1705 4061; x_wconf 92' lang='lat' dir='ltr'>suum</span> <span class='ocrx_word' id='word_1_282' title='bbox 1740 4006 1795 4062; x_wconf 91' lang='lat' dir='ltr'>est</span> <span class='ocrx_word' id='word_1_283' title='bbox 1826 4020 1868 4062; x_wconf 83' lang='lat' dir='ltr'>ex</span> 
     </span>
     <span class='ocr_line' id='line_1_32' title="bbox 209 4093 1866 4185; baseline 0.008 -27"><span class='ocrx_word' id='word_1_284' title='bbox 209 4094 323 4158; x_wconf 80' lang='lat' dir='ltr'>ordine</span> <span class='ocrx_word' id='word_1_285' title='bbox 354 4093 512 4159; x_wconf 90' lang='lat' dir='ltr'>reddente</span> <span class='ocrx_word' id='word_1_286' title='bbox 544 4095 683 4177; x_wconf 89' lang='lat' dir='ltr'>iustitia,</span> <span class='ocrx_word' id='word_1_287' title='bbox 718 4096 884 4183; x_wconf 91' lang='lat' dir='ltr'>obsequiis</span> <span class='ocrx_word' id='word_1_288' title='bbox 913 4099 1069 4164; x_wconf 88' lang='lat' dir='ltr'>videlicet</span> <span class='ocrx_word' id='word_1_289' title='bbox 1095 4102 1233 4185; x_wconf 85' lang='lat' dir='ltr'>gratiam</span> <span class='ocrx_word' id='word_1_290' title='bbox 1265 4107 1300 4164; x_wconf 90' lang='lat' dir='ltr'>et</span> <span class='ocrx_word' id='word_1_291' title='bbox 1327 4100 1453 4165; x_wconf 89' lang='lat' dir='ltr'>iniuriis</span> <span class='ocrx_word' id='word_1_292' title='bbox 1483 4103 1654 4185; x_wconf 88' lang='lat' dir='ltr'>talionem,</span> <span class='ocrx_word' id='word_1_293' title='bbox 1688 4105 1732 4169; x_wconf 94' lang='lat' dir='ltr'>ad</span> <span class='ocrx_word' id='word_1_294' title='bbox 1762 4105 1866 4171; x_wconf 91' lang='lat' dir='ltr'>bene-</span> 
     </span>
     <span class='ocr_line' id='line_1_33' title="bbox 209 4197 1870 4289; baseline 0.006 -26"><span class='ocrx_word' id='word_1_295' title='bbox 209 4197 401 4263; x_wconf 93' lang='lat' dir='ltr'>merendum</span> <span class='ocrx_word' id='word_1_296' title='bbox 425 4198 532 4263; x_wconf 89' lang='lat' dir='ltr'>lentos</span> <span class='ocrx_word' id='word_1_297' title='bbox 562 4209 758 4286; x_wconf 86' lang='lat' dir='ltr'>promovent</span> <span class='ocrx_word' id='word_1_298' title='bbox 784 4203 938 4289; x_wconf 82' lang='lat' dir='ltr'>exempla</span> <span class='ocrx_word' id='word_1_299' title='bbox 967 4203 1170 4281; x_wconf 89' lang='lat' dir='ltr'>mercedum,</span> <span class='ocrx_word' id='word_1_300' title='bbox 1204 4211 1237 4268; x_wconf 90' lang='lat' dir='ltr'>et</span> <span class='ocrx_word' id='word_1_301' title='bbox 1266 4225 1387 4289; x_wconf 90' lang='lat' dir='ltr'>pronos</span> <span class='ocrx_word' id='word_1_302' title='bbox 1416 4205 1449 4268; x_wconf 92' lang='lat' dir='ltr'>in</span> <span class='ocrx_word' id='word_1_303' title='bbox 1478 4205 1601 4270; x_wconf 89' lang='lat' dir='ltr'>delicta</span> <span class='ocrx_word' id='word_1_304' title='bbox 1628 4207 1796 4273; x_wconf 90' lang='lat' dir='ltr'>interdum</span> <span class='ocrx_word' id='word_1_305' title='bbox 1828 4209 1870 4273; x_wconf 89' lang='lat' dir='ltr'>ab</span> 
     </span>
     <span class='ocr_line' id='line_1_34' title="bbox 208 4299 1870 4400; baseline 0.007 -36"><span class='ocrx_word' id='word_1_306' title='bbox 208 4299 395 4365; x_wconf 84' lang='lat' dir='ltr'>incentivo‘l</span> <span class='ocrx_word' id='word_1_307' title='bbox 423 4323 524 4387; x_wconf 86' lang='lat' dir='ltr'>prave</span> <span class='ocrx_word' id='word_1_308' title='bbox 555 4303 774 4369; x_wconf 89' lang='lat' dir='ltr'>similitudinis</span> <span class='ocrx_word' id='word_1_309' title='bbox 798 4312 906 4371; x_wconf 91' lang='lat' dir='ltr'>metus</span> <span class='ocrx_word' id='word_1_310' title='bbox 936 4308 1068 4372; x_wconf 92' lang='lat' dir='ltr'>cohibet</span> <span class='ocrx_word' id='word_1_311' title='bbox 1098 4309 1241 4374; x_wconf 89' lang='lat' dir='ltr'>ultionis.</span> <span class='ocrx_word' id='word_1_312' title='bbox 1279 4307 1425 4373; x_wconf 89' lang='lat' dir='ltr'>Veniunt</span> <span class='ocrx_word' id='word_1_313' title='bbox 1451 4310 1572 4396; x_wconf 90' lang='lat' dir='ltr'>qnippe</span> <span class='ocrx_word' id='word_1_314' title='bbox 1601 4312 1635 4374; x_wconf 93' lang='lat' dir='ltr'>in</span> <span class='ocrx_word' id='word_1_315' title='bbox 1662 4312 1870 4400; x_wconf 88' lang='lat' dir='ltr'>frequentem</span> 
     </span>
     <span class='ocr_line' id='line_1_35' title="bbox 210 4405 1871 4500; baseline 0.007 -31"><span class='ocrx_word' id='word_1_316' title='bbox 210 4405 399 4469; x_wconf 89' lang='lat' dir='ltr'>memoriam</span> <span class='ocrx_word' id='word_1_317' title='bbox 436 4407 525 4470; x_wconf 90' lang='lat' dir='ltr'>clera</span> <span class='ocrx_word' id='word_1_318' title='bbox 558 4407 696 4492; x_wconf 88' lang='lat' dir='ltr'>probate</span> <span class='ocrx_word' id='word_1_319' title='bbox 730 4408 914 4474; x_wconf 87' lang='lat' dir='ltr'>devotionis</span> <span class='ocrx_word' id='word_1_320' title='bbox 948 4411 1123 4496; x_wconf 81' lang='lat' dir='ltr'>obsequia,</span> <span class='ocrx_word' id='word_1_321' title='bbox 1162 4434 1223 4497; x_wconf 90' lang='lat' dir='ltr'>per</span> <span class='ocrx_word' id='word_1_322' title='bbox 1257 4434 1319 4498; x_wconf 91' lang='lat' dir='ltr'>que</span> <span class='ocrx_word' id='word_1_323' title='bbox 1355 4412 1467 4477; x_wconf 91' lang='lat' dir='ltr'>dilecti</span> <span class='ocrx_word' id='word_1_324' title='bbox 1500 4414 1558 4478; x_wconf 86' lang='lat' dir='ltr'>tilii</span> <span class='ocrx_word' id='word_1_325' title='bbox 1588 4464 1624 4480; x_wconf 91' lang='lat'>..</span> <span class='ocrx_word' id='word_1_326' title='bbox 1653 4423 1804 4500; x_wconf 88' lang='lat' dir='ltr'>potestas</span> <span class='ocrx_word' id='word_1_327' title='bbox 1838 4424 1871 4480; x_wconf 88' lang='lat' dir='ltr'>et</span> 
     </span>
     <span class='ocr_line' id='line_1_36' title="bbox 210 4508 1869 4603; baseline 0.007 -31"><span class='ocrx_word' id='word_1_328' title='bbox 210 4529 380 4572; x_wconf 88' lang='lat' dir='ltr'>commune</span> <span class='ocrx_word' id='word_1_329' title='bbox 403 4508 617 4575; x_wconf 90' lang='lat' dir='ltr'>Ianuensium</span> <span class='ocrx_word' id='word_1_330' title='bbox 641 4533 705 4575; x_wconf 91' lang='lat' dir='ltr'>non</span> <span class='ocrx_word' id='word_1_331' title='bbox 730 4513 835 4577; x_wconf 91' lang='lat' dir='ltr'>solnm</span> <span class='ocrx_word' id='word_1_332' title='bbox 859 4512 954 4577; x_wconf 89' lang='lat' dir='ltr'>nobis</span> <span class='ocrx_word' id='word_1_333' title='bbox 977 4513 1093 4579; x_wconf 91' lang='lat' dir='ltr'>diebus</span> <span class='ocrx_word' id='word_1_334' title='bbox 1117 4515 1189 4578; x_wconf 91' lang='lat' dir='ltr'>istis</span> <span class='ocrx_word' id='word_1_335' title='bbox 1213 4515 1272 4579; x_wconf 94' lang='lat' dir='ltr'>sed</span> <span class='ocrx_word' id='word_1_336' title='bbox 1301 4522 1335 4580; x_wconf 91' lang='lat' dir='ltr'>et</span> <span class='ocrx_word' id='word_1_337' title='bbox 1363 4516 1653 4603; x_wconf 86' lang='lat' dir='ltr'>predecessoribus</span> <span class='ocrx_word' id='word_1_338' title='bbox 1683 4521 1809 4583; x_wconf 89' lang='lat' dir='ltr'>nostris</span> <span class='ocrx_word' id='word_1_339' title='bbox 1838 4522 1869 4584; x_wconf 92' lang='lat' dir='ltr'>in</span> 
     </span>
     <span class='ocr_line' id='line_1_37' title="bbox 210 4615 1870 4707; baseline 0.005 -29"><span class='ocrx_word' id='word_1_340' title='bbox 210 4615 466 4679; x_wconf 88' lang='lat' dir='ltr'>necessitatibus</span> <span class='ocrx_word' id='word_1_341' title='bbox 497 4617 726 4700; x_wconf 88' lang='lat' dir='ltr'>preteritorum</span> <span class='ocrx_word' id='word_1_342' title='bbox 756 4625 940 4704; x_wconf 88' lang='lat' dir='ltr'>temporum</span> <span class='ocrx_word' id='word_1_343' title='bbox 977 4620 1203 4706; x_wconf 89' lang='lat' dir='ltr'>multipliciter</span> <span class='ocrx_word' id='word_1_344' title='bbox 1236 4620 1460 4706; x_wconf 79' lang='lat' dir='ltr'>placuerunt⁴.</span> <span class='ocrx_word' id='word_1_345' title='bbox 1511 4618 1658 4684; x_wconf 83' lang='lat' dir='ltr'>Econtra</span> <span class='ocrx_word' id='word_1_346' title='bbox 1692 4622 1870 4707; x_wconf 90' lang='lat' dir='ltr'>inportune</span> 
     </span>
     <span class='ocr_line' id='line_1_38' title="bbox 210 4719 1870 4808; baseline 0.005 -26"><span class='ocrx_word' id='word_1_347' title='bbox 210 4741 246 4782; x_wconf 95' lang='lat' dir='ltr'>se</span> <span class='ocrx_word' id='word_1_348' title='bbox 277 4719 399 4804; x_wconf 85' lang='lat' dir='ltr'>ingerit</span> <span class='ocrx_word' id='word_1_349' title='bbox 426 4739 583 4803; x_wconf 81' lang='grc'><strong><em>66666666</em></strong></span> <span class='ocrx_word' id='word_1_350' title='bbox 618 4720 794 4785; x_wconf 89' lang='lat' dir='ltr'>insolentia</span> <span class='ocrx_word' id='word_1_351' title='bbox 824 4772 862 4787; x_wconf 92' lang='lat'>..</span> <span class='ocrx_word' id='word_1_352' title='bbox 888 4724 1060 4808; x_wconf 81' lang='lat' dir='ltr'>potcstatis</span> <span class='ocrx_word' id='word_1_353' title='bbox 1098 4731 1131 4788; x_wconf 91' lang='grc'>66</span> <span class='ocrx_word' id='word_1_354' title='bbox 1166 4725 1312 4789; x_wconf 88' lang='lat' dir='ltr'>comunis</span> <span class='ocrx_word' id='word_1_355' title='bbox 1341 4722 1601 4788; x_wconf 89' lang='lat' dir='ltr'>Terdonensium</span> <span class='ocrx_word' id='word_1_356' title='bbox 1636 4724 1870 4791; x_wconf 89' lang='lat' dir='ltr'>rebellantium</span> 
     </span>
    </p>
   </div>
   <div class='ocr_carea' id='block_1_13' title="bbox 316 4877 1764 4895">
    <p class='ocr_par' dir='ltr' id='par_1_15' title="bbox 316 4877 1764 4895">
     <span class='ocr_line' id='line_1_39' title="bbox 316 4877 1764 4895; baseline 0.006 -11"><span class='ocrx_word' id='word_1_357' title='bbox 316 4877 501 4884; x_wconf 71' lang='lat'>—0————-</span> <span class='ocrx_word' id='word_1_358' title='bbox 667 4881 762 4887; x_wconf 79' lang='grc'>----</span> <span class='ocrx_word' id='word_1_359' title='bbox 777 4881 1014 4888; x_wconf 78' lang='lat'>.—-.-..-—--.-..-</span> <span class='ocrx_word' id='word_1_360' title='bbox 1032 4884 1081 4888; x_wconf 82' lang='lat'>—-</span> <span class='ocrx_word' id='word_1_361' title='bbox 1105 4884 1152 4889; x_wconf 85' lang='lat'>..-.-.</span> <span class='ocrx_word' id='word_1_362' title='bbox 1165 4884 1231 4889; x_wconf 80' lang='lat'>.-—</span> <span class='ocrx_word' id='word_1_363' title='bbox 1248 4885 1469 4891; x_wconf 89' lang='lat'><strong>—.---—</strong></span> <span class='ocrx_word' id='word_1_364' title='bbox 1491 4884 1637 4891; x_wconf 67' lang='lat'>———</span> <span class='ocrx_word' id='word_1_365' title='bbox 1653 4886 1764 4895; x_wconf 45' lang='grc' dir='ltr'>-.ἡ</span> 
     </span>
    </p>
   </div>
   <div class='ocr_carea' id='block_1_14' title="bbox 208 4979 1872 5131">
    <p class='ocr_par' dir='ltr' id='par_1_16' title="bbox 208 4979 1872 5131">
     <span class='ocr_line' id='line_1_40' title="bbox 312 4979 1872 5053; baseline 0.008 -25"><span class='ocrx_word' id='word_1_366' title='bbox 312 4979 337 5042; x_wconf 79' lang='lat'>⁸)</span> <span class='ocrx_word' id='word_1_367' title='bbox 354 4986 379 5029; x_wconf 86' lang='lat' dir='ltr'>et</span> <span class='ocrx_word' id='word_1_368' title='bbox 397 4979 465 5030; x_wconf 83' lang='lat' dir='ltr'>deest</span> <span class='ocrx_word' id='word_1_369' title='bbox 478 4980 508 5031; x_wconf 82' lang='grc' dir='ltr'>Ρ.</span> <span class='ocrx_word' id='word_1_370' title='bbox 522 4979 590 5041; x_wconf 80' lang='lat' dir='ltr'><strong><em>S.1‚·</em></strong></span> <span class='ocrx_word' id='word_1_371' title='bbox 608 4983 676 5033; x_wconf 87' lang='lat' dir='ltr'>sicut</span> <span class='ocrx_word' id='word_1_372' title='bbox 694 4998 740 5048; x_wconf 85' lang='grc'>666</span> <span class='ocrx_word' id='word_1_373' title='bbox 757 4989 783 5032; x_wconf 84' lang='grc'>66</span> <span class='ocrx_word' id='word_1_374' title='bbox 800 4998 846 5048; x_wconf 88' lang='lat' dir='ltr'>per</span> <span class='ocrx_word' id='word_1_375' title='bbox 863 4999 904 5048; x_wconf 92' lang='lat' dir='ltr'>op.</span> <span class='ocrx_word' id='word_1_376' title='bbox 917 4998 949 5033; x_wconf 87' lang='lat' dir='ltr'>cx</span> <span class='ocrx_word' id='word_1_377' title='bbox 967 5000 992 5049; x_wconf 93' lang='grc'>6.</span> <span class='ocrx_word' id='word_1_378' title='bbox 1006 4981 1068 5034; x_wconf 64' lang='grc' dir='ltr'>Μ.</span> <span class='ocrx_word' id='word_1_379' title='bbox 1156 4983 1182 5050; x_wconf 74' lang='lat' dir='ltr'>l’)</span> <span class='ocrx_word' id='word_1_380' title='bbox 1201 4987 1269 5052; x_wconf 90' lang='lat' dir='ltr'>quod</span> <span class='ocrx_word' id='word_1_381' title='bbox 1287 4987 1409 5053; x_wconf 86' lang='lat' dir='ltr'>oppidum</span> <span class='ocrx_word' id='word_1_382' title='bbox 1428 4986 1491 5038; x_wconf 61' lang='grc'><strong><em>612.</em></strong></span> <span class='ocrx_word' id='word_1_383' title='bbox 1579 4986 1872 5051; x_wconf 72' lang='grc' dir='ltr'>ο)0666661)6661ιι5’.1.·</span> 
     </span>
     <span class='ocr_line' id='line_1_41' title="bbox 208 5063 715 5131; baseline 0.004 -16"><span class='ocrx_word' id='word_1_384' title='bbox 208 5065 341 5115; x_wconf 76' lang='lat' dir='ltr'>steinberc</span> <span class='ocrx_word' id='word_1_385' title='bbox 354 5063 383 5116; x_wconf 80' lang='lat' dir='ltr'>S.</span> <span class='ocrx_word' id='word_1_386' title='bbox 398 5069 422 5115; x_wconf 73' lang='grc'>2.</span> <span class='ocrx_word' id='word_1_387' title='bbox 514 5063 540 5131; x_wconf 81' lang='lat' dir='ltr'>d)</span> <span class='ocrx_word' id='word_1_388' title='bbox 560 5068 670 5119; x_wconf 86' lang='lat' dir='ltr'>incetivo</span> <span class='ocrx_word' id='word_1_389' title='bbox 683 5067 715 5117; x_wconf 85' lang='lat' dir='ltr'>B.</span> 
     </span>
    </p>
   </div>
   <div class='ocr_carea' id='block_1_15' title="bbox 140 5182 1873 5693">
    <p class='ocr_par' dir='ltr' id='par_1_17' title="bbox 140 5182 1873 5693">
     <span class='ocr_line' id='line_1_42' title="bbox 312 5182 1870 5260; baseline 0.008 -25"><span class='ocrx_word' id='word_1_390' title='bbox 312 5184 338 5250; x_wconf 91' lang='lat'>1)</span> <span class='ocrx_word' id='word_1_391' title='bbox 359 5182 397 5249; x_wconf 83' lang='lat' dir='ltr'>Os.</span> <span class='ocrx_word' id='word_1_392' title='bbox 415 5200 442 5236; x_wconf 81' lang='lat' dir='ltr'>n</span> <span class='ocrx_word' id='word_1_393' title='bbox 460 5190 518 5236; x_wconf 76' lang='grc'><strong><em>474.</em></strong></span> <span class='ocrx_word' id='word_1_394' title='bbox 615 5186 644 5251; x_wconf 79' lang='grc'>2)</span> <span class='ocrx_word' id='word_1_395' title='bbox 667 5185 702 5238; x_wconf 91' lang='lat' dir='ltr'>In</span> <span class='ocrx_word' id='word_1_396' title='bbox 726 5200 823 5254; x_wconf 70' lang='lat' dir='ltr'>maeno</span> <span class='ocrx_word' id='word_1_397' title='bbox 843 5183 948 5238; x_wconf 77' lang='lat' dir='ltr'>ducatu</span> <span class='ocrx_word' id='word_1_398' title='bbox 970 5185 1378 5242; x_wconf 74' lang='lat' dir='ltr'>Bedeneiemer.cio.1abr.</span> <span class='ocrx_word' id='word_1_399' title='bbox 1474 5192 1502 5258; x_wconf 85' lang='lat'>3)</span> <span class='ocrx_word' id='word_1_400' title='bbox 1522 5190 1678 5260; x_wconf 70' lang='grc'><strong><em>0666616666,</em></strong></span> <span class='ocrx_word' id='word_1_401' title='bbox 1702 5207 1802 5247; x_wconf 72' lang='lat' dir='ltr'>cm.</span> <span class='ocrx_word' id='word_1_402' title='bbox 1823 5193 1870 5248; x_wconf 80' lang='lat' dir='ltr'>cir.</span> 
     </span>
     <span class='ocr_line' id='line_1_43' title="bbox 210 5268 1870 5348; baseline 0.007 -26"><span class='ocrx_word' id='word_1_403' title='bbox 210 5268 358 5338; x_wconf 66' lang='grc'><strong><em>06666666.</em></strong></span> <span class='ocrx_word' id='word_1_404' title='bbox 399 5268 456 5323; x_wconf 84' lang='lat' dir='ltr'>Sub</span> <span class='ocrx_word' id='word_1_405' title='bbox 473 5277 589 5339; x_wconf 73' lang='grc'><strong><em>61246,</em></strong></span> <span class='ocrx_word' id='word_1_406' title='bbox 613 5271 714 5327; x_wconf 76' lang='grc'><strong><em>16626</em></strong></span> <span class='ocrx_word' id='word_1_407' title='bbox 733 5289 810 5341; x_wconf 82' lang='grc'><strong><em>6666</em></strong></span> <span class='ocrx_word' id='word_1_408' title='bbox 830 5269 955 5324; x_wconf 79' lang='lat' dir='ltr'>Conrado</span> <span class='ocrx_word' id='word_1_409' title='bbox 976 5273 1065 5324; x_wconf 86' lang='lat' dir='ltr'>comiti</span> <span class='ocrx_word' id='word_1_410' title='bbox 1085 5273 1116 5325; x_wconf 82' lang='lat' dir='ltr'>de</span> <span class='ocrx_word' id='word_1_411' title='bbox 1134 5274 1253 5328; x_wconf 65' lang='lat' dir='ltr'>distare</span> <span class='ocrx_word' id='word_1_412' title='bbox 1269 5276 1462 5344; x_wconf 70' lang='lat' dir='ltr'>prombaioms</span> <span class='ocrx_word' id='word_1_413' title='bbox 1480 5293 1531 5345; x_wconf 80' lang='lat' dir='ltr'>per</span> <span class='ocrx_word' id='word_1_414' title='bbox 1546 5277 1699 5332; x_wconf 71' lang='lat' dir='ltr'>Hernicum</span> <span class='ocrx_word' id='word_1_415' title='bbox 1717 5277 1870 5348; x_wconf 70' lang='grc'><strong><em>1666666666</em></strong></span> 
     </span>
     <span class='ocr_line' id='line_1_44' title="bbox 206 5355 1871 5435; baseline 0.007 -27"><span class='ocrx_word' id='word_1_416' title='bbox 206 5371 289 5424; x_wconf 67' lang='lat' dir='ltr'>repen</span> <span class='ocrx_word' id='word_1_417' title='bbox 305 5355 393 5422; x_wconf 67' lang='lat' dir='ltr'>suana</span> <span class='ocrx_word' id='word_1_418' title='bbox 410 5371 490 5422; x_wconf 78' lang='grc'><strong><em>66666</em></strong></span> <span class='ocrx_word' id='word_1_419' title='bbox 506 5357 674 5411; x_wconf 83' lang='lat' dir='ltr'>restitutione</span> <span class='ocrx_word' id='word_1_420' title='bbox 691 5364 840 5412; x_wconf 74' lang='lat' dir='ltr'>caatrmssm</span> <span class='ocrx_word' id='word_1_421' title='bbox 857 5362 881 5411; x_wconf 84' lang='lat' dir='ltr'>rt</span> <span class='ocrx_word' id='word_1_422' title='bbox 897 5357 1071 5427; x_wconf 63' lang='lat' dir='ltr'>widonem,</span> <span class='ocrx_word' id='word_1_423' title='bbox 1094 5376 1209 5427; x_wconf 79' lang='lat' dir='ltr'>qumnm</span> <span class='ocrx_word' id='word_1_424' title='bbox 1225 5362 1338 5415; x_wconf 83' lang='lat' dir='ltr'>nomino</span> <span class='ocrx_word' id='word_1_425' title='bbox 1356 5361 1545 5433; x_wconf 71' lang='lat' dir='ltr'>Nouembrem,</span> <span class='ocrx_word' id='word_1_426' title='bbox 1565 5362 1716 5435; x_wconf 60' lang='grc'><strong><em>06666616</em></strong></span> <span class='ocrx_word' id='word_1_427' title='bbox 1732 5370 1759 5419; x_wconf 82' lang='grc'>66</span> <span class='ocrx_word' id='word_1_428' title='bbox 1778 5365 1871 5419; x_wconf 75' lang='grc'><strong><em>06666-</em></strong></span> 
     </span>
     <span class='ocr_line' id='line_1_45' title="bbox 207 5441 1873 5517; baseline 0.007 -23"><span class='ocrx_word' id='word_1_429' title='bbox 207 5441 268 5510; x_wconf 78' lang='lat' dir='ltr'>bery</span> <span class='ocrx_word' id='word_1_430' title='bbox 283 5443 341 5508; x_wconf 76' lang='lat' dir='ltr'>sere</span> <span class='ocrx_word' id='word_1_431' title='bbox 354 5447 524 5511; x_wconf 82' lang='lat' dir='ltr'>proponeret,</span> <span class='ocrx_word' id='word_1_432' title='bbox 550 5443 609 5496; x_wconf 83' lang='lat' dir='ltr'>inre</span> <span class='ocrx_word' id='word_1_433' title='bbox 624 5444 793 5497; x_wconf 73' lang='lat' dir='ltr'>mceeeoionis</span> <span class='ocrx_word' id='word_1_434' title='bbox 811 5443 848 5496; x_wconf 82' lang='lat' dir='ltr'>ud</span> <span class='ocrx_word' id='word_1_435' title='bbox 864 5444 980 5498; x_wconf 74' lang='grc'><strong><em>6666666</em></strong></span> <span class='ocrx_word' id='word_1_436' title='bbox 994 5445 1201 5514; x_wconf 68' lang='grc'><strong><em>6666666666,</em></strong></span> <span class='ocrx_word' id='word_1_437' title='bbox 1226 5463 1287 5500; x_wconf 77' lang='lat' dir='ltr'>urm</span> <span class='ocrx_word' id='word_1_438' title='bbox 1303 5464 1335 5501; x_wconf 85' lang='lat' dir='ltr'>ea</span> <span class='ocrx_word' id='word_1_439' title='bbox 1358 5448 1390 5501; x_wconf 85' lang='lat' dir='ltr'>de</span> <span class='ocrx_word' id='word_1_440' title='bbox 1406 5453 1539 5517; x_wconf 71' lang='lat' dir='ltr'>puram</span> <span class='ocrx_word' id='word_1_441' title='bbox 1558 5449 1736 5507; x_wconf 61' lang='lat' dir='ltr'>usum</span> <span class='ocrx_word' id='word_1_442' title='bbox 1753 5450 1873 5505; x_wconf 60' lang='lat' dir='ltr'>defin</span> 
     </span>
     <span class='ocr_line' id='line_1_46' title="bbox 140 5527 1873 5602; baseline 0.009 -23"><span class='ocrx_word' id='word_1_443' title='bbox 140 5534 144 5543; x_wconf 92' lang='lat'>·</span> <span class='ocrx_word' id='word_1_444' title='bbox 207 5527 317 5581; x_wconf 69' lang='grc'><strong><em>66666</em></strong></span> <span class='ocrx_word' id='word_1_445' title='bbox 340 5529 512 5597; x_wconf 62' lang='lat' dir='ltr'>coenaque,</span> <span class='ocrx_word' id='word_1_446' title='bbox 537 5529 717 5596; x_wconf 67' lang='lat' dir='ltr'>commane·</span> <span class='ocrx_word' id='word_1_447' title='bbox 739 5529 870 5595; x_wconf 68' lang='lat' dir='ltr'>Pontou,</span> <span class='ocrx_word' id='word_1_448' title='bbox 889 5529 951 5599; x_wconf 70' lang='grc'><strong><em>166.</em></strong></span> <span class='ocrx_word' id='word_1_449' title='bbox 970 5536 1064 5597; x_wconf 71' lang='lat' dir='ltr'>reesa·</span> <span class='ocrx_word' id='word_1_450' title='bbox 1084 5531 1117 5598; x_wconf 73' lang='lat' dir='ltr'>cr.</span> <span class='ocrx_word' id='word_1_451' title='bbox 1134 5532 1364 5602; x_wconf 66' lang='lat' dir='ltr'>nonme-sture,</span> <span class='ocrx_word' id='word_1_452' title='bbox 1386 5536 1437 5591; x_wconf 75' lang='grc'>66</span> <span class='ocrx_word' id='word_1_453' title='bbox 1454 5540 1560 5593; x_wconf 59' lang='lat' dir='ltr'>sarrs</span> <span class='ocrx_word' id='word_1_454' title='bbox 1679 5540 1689 5552; x_wconf 96' lang='grc'><em>·</em></span> <span class='ocrx_word' id='word_1_455' title='bbox 1711 5532 1873 5593; x_wconf 59' lang='lat' dir='ltr'>M</span> 
     </span>
     <span class='ocr_line' id='line_1_47' title="bbox 209 5613 1864 5693; baseline 0.008 -26"><span class='ocrx_word' id='word_1_456' title='bbox 209 5613 307 5674; x_wconf 74' lang='lat' dir='ltr'>chron.</span> <span class='ocrx_word' id='word_1_457' title='bbox 326 5614 375 5668; x_wconf 76' lang='grc'>66.</span> <span class='ocrx_word' id='word_1_458' title='bbox 391 5620 409 5668; x_wconf 82' lang='lat' dir='ltr'>r.</span> <span class='ocrx_word' id='word_1_459' title='bbox 425 5615 455 5668; x_wconf 74' lang='lat' dir='ltr'><em>X</em></span> <span class='ocrx_word' id='word_1_460' title='bbox 463 5615 525 5683; x_wconf 78' lang='grc' dir='ltr'>ΠΙ,</span> <span class='ocrx_word' id='word_1_461' title='bbox 540 5633 570 5685; x_wconf 82' lang='lat' dir='ltr'>p.</span> <span class='ocrx_word' id='word_1_462' title='bbox 584 5625 636 5671; x_wconf 78' lang='lat'><em>121.</em></span> <span class='ocrx_word' id='word_1_463' title='bbox 723 5617 752 5684; x_wconf 79' lang='lat'>4)</span> <span class='ocrx_word' id='word_1_464' title='bbox 773 5616 815 5682; x_wconf 80' lang='lat' dir='ltr'>Cf.</span> <span class='ocrx_word' id='word_1_465' title='bbox 831 5616 929 5684; x_wconf 73' lang='lat' dir='ltr'>Beroe</span> <span class='ocrx_word' id='word_1_466' title='bbox 941 5622 1014 5686; x_wconf 74' lang='grc'><strong><em>6666,</em></strong></span> <span class='ocrx_word' id='word_1_467' title='bbox 1034 5623 1216 5686; x_wconf 58' lang='lat' dir='ltr'>aser-ssen-</span> <span class='ocrx_word' id='word_1_468' title='bbox 1235 5620 1362 5688; x_wconf 73' lang='grc'><strong><em>166666,</em></strong></span> <span class='ocrx_word' id='word_1_469' title='bbox 1382 5620 1484 5693; x_wconf 69' lang='grc'><strong><em>16666</em></strong></span> <span class='ocrx_word' id='word_1_470' title='bbox 1792 5626 1864 5679; x_wconf 59' lang='grc' dir='ltr'><em>Ψ</em></span> 
     </span>
    </p>
   </div>
   <div class='ocr_carea' id='block_1_16' title="bbox 0 0 2176 6228">
    <p class='ocr_par' dir='ltr' id='par_1_18' title="bbox 0 0 2176 6228">
     <span class='ocr_line' id='line_1_48' title="bbox 0 0 2176 6228; baseline 0 0"><span class='ocrx_word' id='word_1_471' title='bbox 0 0 2176 6228; x_wconf 95' lang='lat' dir='ltr'> </span> 
     </span>
    </p>
   </div>
  </div>
 </body>
</html>
