4784 6334
868 375 1069 461 nrvsnousn
1086 405 1276 462 sansonis.
1313 408 1388 462 rare.
1891 415 1953 477 393

302 572 531 638 nichilominus
564 577 729 640 eiecerunt
756 583 789 640 et
817 577 942 641 iuribus
972 579 1036 643 tuis
1063 581 1097 644 iu
1127 587 1275 659 moneta,
1310 581 1475 660 theloneo,
1512 582 1640 646 iudiciis
1672 589 1704 647 et
1739 585 1811 648 aliis
1846 584 1887 648 ad
1921 591 1954 648 te

302 678 551 762 spectantibus¹
574 701 633 764 per
656 679 843 744 violentiam
868 682 1059 767 spoliantes,
1083 704 1123 748 ea
1145 685 1251 747 omnia
1268 683 1418 749 Conrado
1443 693 1519 749 nato
1544 686 1621 750 dicti
1643 686 1800 751 Friderici
1824 688 1953 771 integre

303 781 527 864 assignarunt;
551 788 684 869 propter
707 783 792 868 quod
815 791 882 848 tam
902 792 938 848 tu
960 806 1056 870 quarn
1083 786 1221 851 dilectus
1245 788 1331 852 filius
1356 837 1389 852 ..
1414 789 1537 852 electus
1561 789 1793 868 Fortunensis,
1817 797 1895 855 tune
1920 793 1953 854 iu

302 883 449 969 partibus
484 885 548 950 illis
582 887 762 971 apostolice
798 889 885 953 sedis
919 889 1084 974 legatusl,
1119 891 1152 954 iu
1187 912 1242 954 eos
1275 892 1620 956 excommunicationis
1654 901 1687 957 et
1720 895 1753 957 in
1786 895 1953 959 civitatem

303 988 440 1052 eandem
462 988 628 1054 interdicti
651 991 832 1056 sententias
849 993 1063 1078 proferentes,
1088 993 1212 1059 fecistis
1229 1015 1286 1058 eos
1305 996 1606 1060 excommunicatos
1623 995 1808 1060 denuntiari
1824 999 1953 1083 publice

302 1112 340 1154 ac
364 1090 405 1155 ab
430 1093 580 1158 omnibus
603 1095 705 1159 artius
729 1096 855 1161 evitari.
900 1095 966 1162 Sed
989 1097 1069 1183 ipsi,
1101 1098 1249 1163 clavibus
1274 1099 1415 1163 ecclesie
1439 1099 1609 1185 vilipensis
1632 1106 1668 1162 ut
1691 1100 1780 1186 prius
1804 1107 1951 1165 mortuos

302 1215 377 1258 suos
402 1196 701 1262 excommunicatos
725 1199 924 1284 sepelientes
947 1200 980 1264 in
1003 1201 1173 1282 cimiterio,
1204 1208 1237 1265 et
1261 1223 1378 1287 corpus
1402 1203 1571 1266 cuiusdam
1595 1213 1775 1268 converse*
1797 1204 1837 1268 ad
1861 1226 1953 1268 man-

302 1297 414 1362 datum
437 1299 578 1364 ecclesie
601 1299 779 1383 redeuntis,
803 1325 866 1388 que
891 1311 986 1368 extra
1009 1305 1172 1368 civitatem
1195 1305 1227 1369 in
1251 1327 1377 1392 campo,
1401 1314 1437 1370 ut
1458 1307 1594 1371 mortuis
1616 1328 1682 1370 non
1699 1308 1954 1372 communicaret

302 1423 365 1487 que
389 1423 454 1466 uon
477 1405 730 1470 communicarat
754 1412 787 1472 et
810 1408 902 1488 vivis,
927 1409 1059 1494 sepeliri
1082 1409 1187 1495 petiit,
1212 1410 1439 1491 exhumautes,
1462 1411 1553 1492 illud,
1577 1410 1664 1496 quod
1688 1410 1885 1475 detestabile
1902 1418 1954 1476 est

302 1527 446 1588 narrare,
470 1529 543 1571 cum
559 1507 637 1574 fune
654 1530 711 1594 per
731 1510 876 1575 medium
900 1511 1041 1576 civitatis
1064 1511 1098 1576 in
1113 1512 1190 1576 Iesu
1208 1511 1329 1577 Christi
1352 1520 1386 1578 et
1409 1515 1549 1578 ecclesie
1575 1515 1806 1578 contumeliam
1830 1514 1952 1579 diutius

300 1616 440 1674 tractum
463 1611 593 1676 tandem
611 1618 705 1677 extra
720 1635 831 1678 muros
848 1617 1056 1700 proiecerunt
1072 1616 1207 1680 canibus
1224 1624 1258 1682 et
1273 1617 1346 1681 aliis
1362 1617 1478 1682 bestiis
1496 1638 1533 1682 ac
1549 1618 1666 1683 avibus
1682 1617 1724 1682 ad
1738 1618 1949 1682 vescendum.

301 1713 459 1778 Preterea
490 1716 653 1800 quendam
689 1717 894 1783 sacerdotem
925 1719 966 1782 ad
997 1727 1089 1784 tuum
1117 1720 1308 1784 mandatum
1339 1729 1372 1785 et
1402 1722 1541 1786 ecclesie
1572 1721 1764 1786 redeuntem
1795 1720 1952 1786 cedentes

301 1817 406 1902 alapis
438 1839 477 1882 ao
507 1841 610 1904 usque
639 1820 681 1885 ad
712 1822 906 1886 effusionem
940 1824 1108 1908 sanguinis
1138 1824 1367 1906 verberantes,
1403 1831 1623 1909 conspuerunt
1658 1825 1690 1888 in
1725 1847 1815 1904 eum,
1851 1831 1884 1888 et
1920 1825 1953 1887 in

303 1921 512 2006 opbrobrium
540 1923 696 1988 Crucifixi
730 1927 877 1990 extensis
907 1927 1057 1992 manibus
1090 1926 1249 1992 ducentes
1280 1928 1420 1992 eundem
1450 1936 1517 1992 tam
1543 1927 1599 1992 diu
1628 1935 1803 1993 tenuerunt
1832 1928 1953 1991 carceri

300 2026 531 2111 mancipatum,
554 2027 658 2094 donee
681 2050 740 2115 pro
763 2029 988 2115 redemptione
1012 2051 1072 2094 sua
1093 2032 1190 2094 solvit
1213 2031 1260 2095 eis
1284 2033 1456 2116 pecuniam
1479 2053 1575 2116 quam
1598 2032 1766 2117 petebant,
1791 2032 1871 2095 alias
1889 2030 1952 2095 sibi

300 2127 442 2214 dampna
464 2131 604 2215 plurima
632 2132 823 2217 inrogando.
867 2132 1008 2220 Insuper
1038 2133 1238 2198 addicientes
1268 2143 1404 2220 peccata
1434 2136 1579 2221 peccatis
1609 2135 1771 2220 quoddam
1798 2136 1883 2199 inter
1916 2156 1952 2199 se

300 2231 406 2297 iecere
441 2237 613 2312 statutum,
648 2242 685 2298 ut
711 2235 820 2300 nullus
851 2257 947 2300 cruce
977 2237 1125 2321 signatus
1155 2258 1229 2302 curu
1264 2238 1356 2323 signo
1389 2239 1494 2302 crucis
1523 2238 1669 2303 vestibus
1699 2240 1766 2302 suis
1796 2237 1950 2323 imposito

300 2334 396 2399 modo
419 2335 529 2420 aliquo
553 2336 672 2402 audeat
695 2359 869 2424 apparere,
900 2340 1011 2424 etqui
1035 2361 1106 2404 curu
1130 2340 1193 2403 hoc
1224 2341 1317 2426 signo
1348 2348 1519 2428 reppertus
1546 2342 1659 2422 fuerit,
1691 2343 1785 2427 penis
1814 2341 1951 2404 affectus

302 2439 400 2503 variis
423 2438 541 2505 debeat
563 2442 659 2505 morti
681 2441 776 2506 tradi.
814 2442 865 2507 Ne
888 2444 988 2528 igitur
1011 2450 1101 2508 tante
1126 2445 1320 2508 temeritatis
1345 2466 1513 2525 excessus,
1537 2447 1564 2509 si
1581 2446 1722 2530 repressi
1739 2467 1804 2508 nou
1820 2445 1951 2523 luerint,

223 2560 235 2598 2
302 2549 470 2608 transeant
493 2545 566 2609 aliis
589 2545 622 2608 iu
646 2547 832 2632 exemplum
857 2553 890 2610 et
912 2546 1051 2611 facilitas
1072 2548 1166 2612 venio
1191 2549 1391 2613 incentivum
1408 2548 1528 2612 tribuat
1544 2549 1618 2612 aliis
1635 2547 1857 2633 delinquendi,
1881 2569 1952 2627 nos,

302 2649 470 2733 cupientes
493 2648 582 2734 ipsos
606 2650 693 2712 cives
716 2650 808 2712 iuxta
832 2651 930 2714 cilicii
952 2652 1056 2715 nostri
1070 2651 1219 2715 debitum
1234 2650 1276 2716 ad
1294 2650 1379 2715 viam
1395 2651 1436 2715 ab
1454 2652 1542 2716 invio
1558 2673 1725 2733 revocare,
1748 2651 1953 2729 mandamus,

301 2751 451 2835 quatinus
474 2752 537 2815 nisi
560 2753 779 2838 prenominati
802 2753 890 2818 cives
913 2775 933 2817 a
956 2760 988 2819 te
1011 2755 1126 2819 moniti
1149 2754 1325 2838 diligenter
1347 2755 1432 2818 infra
1454 2757 1575 2820 festum
1599 2756 1831 2841 assumptionis
1854 2756 1951 2818 beate

301 2855 447 2939 Virginis
469 2855 617 2939 proximo
647 2856 814 2920 futurum³
841 2856 883 2920 ad
912 2858 1050 2922 ecclesie
1074 2857 1263 2922 mandatum
1292 2857 1450 2922 redierint
1477 2866 1510 2922 et
1538 2859 1720 2924 immobiles
1749 2859 1954 2944 perstiterint

302 2960 335 3023 in
357 2958 421 3022 lide
451 2958 510 3023 acb
533 2958 707 3024 devotione
738 2961 840 3046 ipsius
869 2967 903 3025 et
932 2968 1156 3048 competenter
1183 2961 1401 3026 satisfecerint
1430 2961 1469 3026 de
1500 2964 1684 3048 premissis,
1715 2984 1758 3028 ex
1787 2969 1864 3026 tunc
1895 2983 1953 3026 eos

303 3063 604 3128 excommunicatos
639 3070 673 3128 et
706 3065 872 3128 civitatem
904 3065 1009 3150 ipsam
1039 3064 1214 3129 interdicto
1247 3065 1449 3151 suppositam
1485 3066 1614 3151 publice
1649 3067 1794 3145 nunties,
1829 3065 1953 3128 faciens

300 3173 472 3252 utramque
497 3168 694 3230 senteutiam
714 3167 908 3232 auctoritate
931 3175 1041 3232 nostra
1063 3190 1166 3252 usque
1190 3168 1232 3234 ad
1248 3170 1505 3234 satisfactionem
1524 3169 1718 3256 condignam
1735 3170 1953 3256 appellatione

300 3277 426 3336 remota
448 3270 680 3334 iuviolabiliter
701 3271 880 3352 observari,
909 3272 955 3336 ita
978 3271 1065 3357 quod
1088 3272 1121 3335 iu
1144 3293 1183 3337 ea
1205 3273 1313 3336 nullus
1337 3274 1508 3358 religiosus
1530 3276 1585 3339 vel
1607 3275 1691 3337 alius
1715 3273 1854 3337 clericus
1877 3295 1952 3358 pre-

300 3380 392 3438 textu
416 3374 553 3438 alicuius
577 3373 663 3437 sedis
687 3375 867 3460 apostolice
891 3373 1094 3459 indulgentie
1118 3381 1229 3460 preter
1251 3377 1451 3461 penitentias
1475 3377 1685 3440 morientium
1706 3383 1740 3441 et
1754 3377 1953 3461 baptismata

300 3478 507 3564 parvulorum
539 3478 684 3542 celebret
711 3477 857 3542 divinum
884 3478 1028 3542 officium
1058 3485 1115 3542 aut
1145 3478 1302 3543 exhibeat
1332 3481 1593 3545 ecclesiasticum
1625 3486 1882 3561 sacramentum,
1920 3486 1953 3544 et

301 3582 389 3667 ipsos
412 3581 639 3646 nichilominus
662 3581 810 3646 omnibus
834 3581 955 3662 feudis,
986 3603 1048 3668 que
1079 3582 1119 3646 ab
1149 3582 1299 3647 ecclesiis
1327 3589 1457 3664 teuent,
1487 3585 1617 3670 privans
1641 3585 1786 3664 omnino,
1819 3583 1883 3662 eis,
1911 3583 1953 3647 ad

301 3705 382 3771 quos
406 3685 536 3750 illorum
569 3686 701 3750 collatio
729 3688 888 3771 pertinet,
919 3685 1108 3751 conferendi
1140 3684 1254 3750 eadem
1284 3685 1410 3750 devotis
1442 3688 1584 3752 ecclesie
1616 3708 1654 3751 ac
1684 3687 1951 3772 impugnantibus

300 3789 467 3853 indevotos
491 3789 625 3856 eosdem
648 3791 814 3854 licentiam
837 3788 1001 3874 largiaris,
1033 3788 1213 3854 districtius
1237 3789 1415 3854 inhibendo
1438 3797 1475 3855 ut
1497 3791 1604 3855 nullus
1628 3813 1702 3855 cum
1725 3792 1772 3855 eis
1797 3796 1952 3856 exerceat

302 3894 529 3958 commercium
552 3894 606 3958 vel
629 3899 830 3958 contractum
858 3915 896 3957 ao
925 3892 965 3957 de
997 3893 1115 3958 debitis
1145 3915 1205 3958 seu
1233 3893 1392 3980 depositis
1421 3895 1483 3976 eis,
1518 3894 1673 3979 quamdiu
1703 3896 1736 3958 iu
1767 3893 1953 3959 huiusmodi

302 3995 489 4062 duraverint
517 3996 712 4081 pertinacia,
746 3995 866 4060 debeat
895 3996 1109 4082 respondere,
1143 4019 1181 4061 ao
1210 3996 1375 4064 debitores
1405 4003 1438 4062 et
1466 3998 1683 4084 depositarios
1713 4021 1733 4062 a
1761 3998 1951 4062 iuramentis

304 4100 370 4163 sive
393 4100 501 4186 penis,
528 4099 646 4185 quibus
668 4100 751 4164 torte
774 4105 937 4180 tenentur,
961 4099 1093 4164 interim
1117 4099 1329 4182 absolvendo,
1353 4101 1479 4166 eisdem
1502 4101 1627 4166 civibus
1652 4101 1800 4166 omnibus
1824 4100 1952 4164 cotibus

301 4203 453 4288 legitimis
476 4203 705 4267 nichilominus
728 4203 921 4270 interdictis.
966 4203 1020 4268 Ad
1042 4204 1120 4286 hec,
1152 4210 1187 4268 ut
1214 4204 1358 4269 vindicta
1387 4211 1551 4271 tantorum
1580 4207 1740 4270 scelerum
1769 4207 1801 4269 in
1833 4225 1952 4290 penam

299 4314 471 4393 pareutum
494 4306 535 4371 ad
559 4328 671 4372 eorum
693 4311 842 4393 posteros
867 4305 1073 4387 extendatur,
1105 4308 1254 4372 volumus
1279 4315 1312 4373 et
1341 4309 1550 4388 mandamus,
1581 4318 1618 4375 ut
1646 4308 1787 4374 heredes
1814 4309 1951 4373 elericos

301 4411 419 4475 civium
448 4410 625 4475 eorundem
656 4431 760 4496 usque
789 4410 831 4474 ad
860 4417 1009 4496 quartam
1038 4412 1286 4494 generationem
1315 4412 1485 4476 benefieiis
1512 4415 1620 4498 prives
1654 4413 1887 4478 ecclesiasticis
1919 4418 1952 4476 et

301 4516 444 4601 privatos
467 4513 597 4600 publice
622 4513 754 4578 studeas
777 4515 927 4578 nuntiare
936 4513 959 4594 ⁴,
982 4535 1020 4578 ae
1044 4514 1151 4577 omnia
1173 4515 1345 4599 privilegia
1368 4521 1401 4580 et
1416 4515 1638 4601 indulgentias
1655 4539 1675 4580 a
1693 4515 1950 4600 quibuscumque

222 4635 249 4674 4⁰
301 4619 365 4683 illis
387 4639 544 4684 concessa
566 4616 725 4682 decernas
748 4618 941 4682 auctoritate
964 4624 1077 4683 nostra
1101 4640 1194 4682 cassa
1217 4625 1249 4681 et
1272 4619 1364 4682 irrita
1387 4626 1421 4683 et
1447 4619 1569 4684 nullius
1593 4642 1668 4685 esse
1691 4620 1821 4706 penitus
1850 4618 1950 4681 firmi-

301 4725 391 4799 tatis;
415 4720 682 4802 contradictores,
706 4720 734 4784 si
757 4723 812 4807 qui
833 4723 966 4803 fuerint,
989 4724 1042 4787 vel
1066 4720 1208 4787 rebelles
1232 4728 1295 4786 etc.

404 4842 481 4909 Dat.
503 4842 666 4929 Lugduni,
688 4841 741 4906 III
762 4841 842 4909 Idus
863 4843 951 4920 hiaii,
976 4863 1060 4907 auno
1076 4843 1131 4907 V0.

405 5141 429 5208 ι)
447 5141 485 5192 ιιι
499 5139 531 5190 n.
550 5139 694 5204 suanm
711 5140 840 5192 comosa
851 5139 937 5207 capa.
1042 5137 1067 5203 b)
1086 5140 1118 5190 aa
1130 5138 1163 5190 a.

404 5292 431 5358 1)
457 5289 498 5358 Cf.
516 5307 547 5359 p.
565 5297 630 5359 392,
655 5296 710 5345 not.
728 5297 752 5346 3.
861 5292 889 5359 2)
918 5291 1004 5358 Usque
1029 5289 1065 5344 ad
1087 5298 1202 5358 a.1247,
1227 5289 1304 5346 Fan:
1328 5294 1431 5345 crema
1455 5290 1556 5360 lrpotm
1579 5294 1651 5358 erat,·
1673 5289 1753 5358 cip.
1772 5295 1836 5358 218,
1858 5295 1912 5344 not.
1929 5298 1950 5344 1.

221 5394 248 5434 ss
302 5377 330 5446 3)
348 5377 419 5446 Aac
431 5385 471 5432 15.
559 5379 587 5446 4)
608 5377 646 5445 Of.
661 5377 788 5445 Potttom
809 5377 874 5446 ch.
888 5384 971 5445 12951,
989 5393 1059 5445 qaae
1075 5393 1112 5446 ep.
1130 5377 1163 5430 iu
1181 5377 1245 5446 Ray.
1262 5393 1319 5430 noa
1335 5381 1414 5431 aetat.

406 5784 470 5838 ltro.
490 5783 572 5837 Ponr.
590 5783 626 5837 II.
