4790 6340
903 431 1102 488 EPISTOLAE
1120 433 1312 492 subucula.
1350 435 1424 492 1247.

1081 702 1250 776 Eidem.

447 849 528 916 Oum
564 850 695 916 instanti
730 850 863 935 negotio
898 857 959 916 eto.
994 857 1029 914 ut
1063 871 1163 936 supra
1197 871 1316 936 usque:
1355 852 1445 938 pacis
1483 854 1568 919 inter
1596 857 1817 922 venerabilem
1857 857 1990 921 fratrem

343 959 487 1020 nostmm
513 1002 544 1020 ..
568 953 798 1018 Coloniensem
821 953 1103 1040 archiepiscopum
1126 961 1158 1016 et
1179 951 1326 1018 nobilem
1349 954 1452 1019 virum
1477 955 1676 1025 Galaranum
1707 959 1840 1026 fratrem
1871 961 1990 1025 nobilis

343 1058 402 1124 viri
427 1107 459 1125 ..
482 1058 609 1124 comitis
633 1056 850 1124 Iulisoensis¹
873 1056 1061 1146 interponas
1084 1056 1124 1122 de
1148 1057 1283 1122 consilio
1307 1063 1372 1124 eto.
1394 1064 1431 1124 nt
1455 1081 1562 1148 supra.

964 1273 1010 1279 --.-
1023 1271 1372 1280 ..a-..w

1119 1464 1207 1537 459.

278 1609 290 1648 e
445 1559 663 1653 Innocentius
677 1587 702 1651 Ι
705 1586 735 1650 V
739 1607 830 1670 popa
845 1583 942 1651 adem
963 1590 1034 1650 coto
1055 1587 1345 1670 ennesipnctornm,
1369 1591 1596 1656 transmarinis
1616 1591 1759 1670 exceptis,
1782 1591 1991 1656 commutandi

341 1692 377 1756 in
413 1691 571 1756 auxilinm
606 1689 812 1776 [Willrclmo]
846 1690 914 1773 rapi
949 1689 1164 1754 Romunmnm
1200 1695 1309 1756 contro
1345 1691 1545 1756 Fridcrr'rrrm
1580 1693 1738 1774 qnondam
1774 1694 1990 1775 imperatorem

265 1859 272 1874 ,
336 1795 506 1882 ferendam
523 1793 711 1880 facultatem
732 1794 876 1858 macedit.
1630 1801 1724 1874 1247,
1747 1797 1826 1862 Neo.
1854 1801 1903 1863 19.

444 1917 509 1970 lnn.
529 1915 579 1969 IV
595 1915 657 1983 Ray.
676 1914 730 1968 Vol.
749 1913 779 1980 I,
801 1920 864 1976 552·
882 1913 941 1968 nc.
961 1915 989 1981 V,
1007 1929 1062 1968 carr.
1082 1923 1118 1969 16.
1156 1915 1254 1970 Pcrtcii
1271 1917 1403 1985 acamplor
1419 1916 1579 1971 wmalinrna
1596 1933 1657 1970 curn
1676 1917 1822 1984 Marcion,
1841 1918 1856 1970 l
1875 1933 1897 1972 c.
1915 1923 1933 1972 t.
1956 1917 1987 1985 V,

207 2120 214 2130 .
265 2095 290 2134 ro
337 2019 366 2070 p·
384 2009 425 2070 20,
443 2008 576 2155 icitia,
596 2086 659 2156 Rep.
678 2092 774 2152 12766,-
791 2085 888 2154 Bcryer
905 2093 977 2142 4065.

1078 2195 1250 2270 Eidem.

446 2345 528 2411 Cum
551 2346 585 2410 in
607 2345 743 2432 imperio
766 2345 859 2410 multi
882 2344 923 2409 ad
946 2344 1077 2410 diversa
1096 2346 1292 2432 exequenda
1314 2348 1369 2432 pia
1392 2369 1492 2434 opera
1517 2349 1701 2435 receperint
1716 2350 1788 2413 vel·
1802 2349 1987 2435 acceperint

340 2451 467 2534 signum
506 2450 625 2514 crucis:
665 2450 741 2535 quia
774 2450 921 2513 succurri
958 2447 1000 2513 ad
1038 2471 1175 2536 presens
1210 2451 1378 2516 carissimo
1408 2452 1441 2516 in
1471 2451 1601 2516 Christo
1630 2453 1695 2517 filio
1718 2460 1829 2519 nostro
1855 2505 1862 2517 .
1885 2503 1892 2516 .
1916 2454 1986 2538 regi

340 2553 559 2618 Romanorum
587 2553 705 2618 illustri
732 2560 845 2618 contra
866 2552 1101 2618 Frederiticsm
1130 2554 1301 2640 perfidiam
1329 2554 1371 2620 ad
1393 2555 1650 2622 destructionem
1679 2556 1754 2622 fidei
1777 2557 1986 2622 anhelantem

263 2681 287 2718 a
340 2677 420 2743 opus
448 2656 629 2743 piissimum
655 2664 859 2742 reputamus,
895 2656 1115 2721 commutandi
1150 2658 1329 2724 eorundem
1365 2659 1661 2744 crucesignatorum
1693 2667 1769 2725 vota
1801 2661 1834 2724 in
1867 2660 1986 2747 prefati

338 2761 427 2845 regis
451 2759 625 2842 auxilinm,
648 2760 713 2824 illis
737 2759 908 2824 dumtaxat
929 2761 1077 2845 exceptis
1101 2762 1156 2847 qui
1179 2782 1310 2827 crucem
1331 2783 1390 2848 pro
1414 2762 1516 2827 Terre
1541 2762 1661 2830 Sancte
1683 2763 1828 2828 subsidio
1852 2783 1985 2849 recepe-

338 2871 423 2944 runt,
446 2865 577 2950 plenam
600 2863 659 2928 tibi
682 2862 889 2928 concedimus
912 2864 1106 2928 auctoritate
1128 2865 1329 2949 presentium
1352 2865 1575 2933 facultatem².

443 2985 521 3052 Dat.
544 2991 581 3052 nt
604 3007 712 3072 snpra.

1120 3272 1209 3344 460.

442 3366 659 3459 Innocentius
681 3393 834 3478 supano
855 3392 974 3458 aaran
999 3393 1235 3460 onennnnens
1254 3396 1379 3477 ornan
1399 3394 1507 3481 resne,
1529 3396 1612 3478 nno
1631 3395 1865 3481 mrrrnrnnn]
1886 3415 1986 3478 nnn

260 3525 287 3564 ro
338 3497 552 3562 Romanorum
566 3500 673 3578 sponte
687 3497 859 3578 receperint
872 3500 901 3560 ct
914 3495 1145 3576 hcmroccrint,
1160 3517 1269 3580 cosque
1283 3498 1436 3578 transfor,
1451 3501 1488 3562 nt
1502 3499 1538 3562 in
1552 3498 1709 3564 deuotione
1723 3500 1791 3563 cias
1802 3499 1985 3579 persistant.

1628 3605 1721 3678 1247,
1743 3601 1822 3667 Nec.
1848 3603 1898 3667 19.

440 3704 503 3758 Inn.
522 3703 572 3757 IV
587 3703 649 3772 ch.
674 3702 730 3757 Vol
749 3703 773 3772 I,
791 3709 851 3767 tez-
868 3702 930 3757 In'lr.
950 3703 1047 3770 Kotor.
1066 3711 1102 3758 17.
1139 3703 1245 3759 Damas
1263 3719 1296 3759 ecc
1316 3704 1407 3775 Ruyn.
1425 3705 1500 3758 Aan.
1518 3705 1574 3760 eccl
1593 3723 1620 3759 a.
1640 3712 1710 3773 1217,
1728 3707 1744 3772 5
1760 3711 1783 3758 6.

442 3789 572 3857 Petiliam,
591 3789 655 3859 Rcy.
675 3796 764 3854 12757,·
781 3791 879 3860 Βῆριν
891 3797 964 3845 4066.

875 3951 1060 4026 Civibus
1087 3951 1456 4028 coloniensibus

260 4129 285 4169 aa
443 4101 534 4168 Sicut
562 4125 581 4168 a
608 4102 750 4168 Domino
782 4103 906 4168 factum
934 4109 999 4178 eet,
1031 4102 1116 4188 quod
1146 4103 1240 4188 quasi
1268 4125 1312 4168 ex
1339 4104 1505 4189 insperato
1535 4125 1676 4192 persona
1704 4126 1769 4170 non
1796 4112 1863 4168 tem
1886 4103 1985 4189 digna

338 4227 436 4290 quam
465 4205 657 4292 dignissima
690 4206 730 4271 ad
759 4207 887 4294 imperii
917 4205 1084 4290 fastigium
1115 4213 1167 4270 est
1200 4213 1384 4292 assumpta,
1416 4208 1462 4271 ita
1493 4207 1654 4272 oredimus
1690 4229 1711 4272 a
1737 4207 1877 4272 Domino
1910 4227 1984 4272 esse

337 4308 470 4391 factum,
494 4309 579 4396 quod
595 4309 801 4376 Coloniensis
823 4310 939 4375 civitas
962 4308 1046 4374 adeo
1070 4309 1196 4374 famosa
1219 4316 1253 4374 et
1275 4311 1416 4375 celebris
1440 4318 1474 4376 et
1490 4310 1728 4397 quodammodo
1750 4312 1783 4375 in
1799 4310 1983 4376 Theutouie

337 4413 486 4499 partibus
510 4414 700 4500 singularis,
729 4420 827 4500 prout
853 4413 902 4477 sui
933 4411 1174 4498 magnitudine,
1197 4410 1370 4478 nobilitate
1393 4419 1427 4478 et
1450 4415 1597 4499 potentia
1625 4413 1775 4500 precellit
1797 4413 1880 4479 alias
1904 4412 1983 4478 civi·

337 4522 434 4598 tates,
457 4517 560 4582 sicin
584 4516 771 4603 recipiendo
794 4522 828 4582 et
850 4515 1039 4581 honorando
1062 4535 1238 4602 personam
1261 4516 1377 4602 ipsam,
1395 4515 1549 4582 videlicet
1571 4518 1774 4581 carissimum
1796 4517 1828 4582 in
1852 4515 1983 4582 Christo

260 4645 286 4685 so
337 4619 438 4684 filium
463 4627 610 4686 nostrum
634 4671 641 4686 .
662 4670 670 4685 .
694 4639 805 4706 regem
834 4619 1055 4684 Romanorum
1093 4619 1269 4699 illustrem,
1301 4625 1482 4705 spontanea
1511 4621 1626 4698 voluit,
1660 4641 1761 4706 super
1794 4641 1856 4705 quo
1890 4618 1983 4684 vobis

335 4725 514 4809 gratiarum
550 4722 760 4788 multimodas
798 4724 945 4788 actiones
983 4722 1169 4803 referimus,
1208 4741 1282 4787 esse
1318 4721 1442 4808 prior³.
1502 4721 1555 4787 Ex
1592 4744 1653 4810 qno
1691 4723 1771 4789 nosl’
1801 4729 1835 4788 et
1870 4724 1984 4788 sedem

336 4829 549 4913 apostolicam
572 4848 610 4892 ac
633 4827 773 4892 eundem
797 4848 908 4913 regem
931 4833 1023 4892 tanto
1039 4827 1133 4893 vobis
1156 4827 1271 4892 fortius
1296 4826 1475 4913 obligastis,
1498 4835 1618 4913 quanto
1641 4848 1700 4914 per
1722 4828 1784 4893 hoo
1806 4825 1984 4891 dinoscitur

337 4931 438 5018 ipsius
465 4931 551 5017 regis
581 4950 755 5016 processus
785 4930 924 4996 feliciter
955 4930 1051 5018 dirigi
1085 4936 1118 4995 et
1152 4937 1256 4995 status
1281 4930 1350 4995 eius
1373 4951 1529 5017 prospere
1560 4929 1735 4996 sublimari.
1782 4931 1864 4996 (inm
1885 4929 1984 5015 igitur

337 5056 401 5100 non
424 5033 647 5121 incipientium
670 5033 726 5098 sed
750 5055 853 5120 usque
886 5033 919 5098 in
952 5035 1050 5100 finem
1084 5035 1367 5120 perseverantium
1396 5034 1438 5097 sit
1465 5054 1600 5111 corona,
1631 5035 1707 5098 licet
1729 5034 1814 5099 inter
1837 5033 1917 5097 alios
1941 5032 1982 5098 de

259 5161 285 5201 n
337 5138 456 5204 virtute
479 5137 660 5203 constantie
683 5145 717 5203 et
739 5159 857 5202 nomen
880 5136 1027 5204 habeatis
1050 5143 1084 5203 et
1106 5157 1212 5217 omen,
1235 5137 1312 5223 quia
1335 5144 1445 5202 tamen
1468 5159 1532 5202 non
1555 5145 1652 5202 nocet
1674 5137 1821 5201 immisso
1842 5135 1982 5201 subdere

489 5282 495 5286 .
510 5281 699 5288 ——-.-—...-

438 5369 462 5430 ⁸)
480 5375 510 5418 ut
526 5365 558 5417 B.
662 5365 688 5430 Β)
707 5383 753 5418 ros
772 5365 856 5433 Rapa.

439 5469 465 5534 1)
485 5465 523 5533 Os.
543 5465 699 5532 cardamas,
724 5466 841 5520 Konroel
864 5482 914 5519 ron
936 5462 1074 5518 Hostudcn
1096 5479 1124 5532 p.
1146 5472 1181 5518 11.
1217 5463 1260 5518 Dc
1278 5463 1407 5518 ll'r'llclrno
1423 5465 1524 5532 comm,
1542 5464 1591 5532 qni
1607 5463 1744 5532 tucamur
1760 5463 1792 5516 in
1810 5464 1984 5532 inferioribus

331 5553 454 5621 wrtrlrus
482 5551 571 5607 nunni
596 5561 676 5622 capnt
698 5553 788 5622 partis
809 5551 955 5621 &amalis
978 5551 1080 5618 fumat,
1108 5549 1402 5618 cfiBdirmcr-Ficlccr,
1420 5551 1470 5605 lc.
1483 5559 1561 5618 1519,
1580 5559 1645 5605 1915
1662 5555 1687 5604 ct
1704 5557 1782 5614 1932,
1800 5555 1824 5604 et
1841 5551 1917 5616 infra
1933 5551 1983 5604 snb

333 5659 359 5692 a.
378 5647 450 5707 1213,
470 5639 537 5707 Apr.
555 5645 594 5692 29.
681 5641 708 5705 2)
728 5641 767 5706 Of.
785 5657 812 5693 n.
832 5647 889 5693 465.
976 5638 1004 5704 3)
1024 5637 1127 5705 01111111
1144 5635 1337 5691 conditiorsrlncs
1356 5635 1521 5690 cunam
1537 5636 1591 5704 rapi
1605 5635 1786 5704 permanant,
1807 5641 1839 5690 nt
1856 5635 1983 5691 ciramea

258 5739 284 5780 ao
335 5742 413 5780 arom
433 5725 556 5791 intraret,
581 5740 614 5778 ac
638 5725 731 5780 clrcrta
751 5727 808 5781 eins
830 5722 1289 5793 np.Bclnner.Ftdor,1.e.4seo
1305 5722 1468 5791 ineuntur.

438 5819 502 5874 Rae.
515 5819 596 5875 Ponr.
610 5819 645 5874 11.
1743 5808 1778 5862 42
