4328 6232
834 349 1037 409 EPISTOLAE
1057 351 1252 410 sadecenu.
1288 354 1364 410 1248.
1862 362 1925 425 377

277 522 357 589 modi
378 524 489 611 gratia
510 527 715 592 commodum
742 527 869 592 nullum
896 533 1023 613 petest:
1053 526 1131 592 dieti
1155 527 1291 593 comites
1315 529 1409 594 nobis
1432 530 1600 596 humiliter
1624 533 1866 620 supplicarunt,
1889 542 1926 597 ut

278 626 376 693 cidem
402 626 563 711 Radullo,
598 632 653 717 qui
687 652 753 696 una
786 653 860 696 enm
891 632 938 696 eis
970 654 1030 719 pro
1054 633 1193 717 negotiis
1217 633 1357 698 ecclesie
1381 634 1522 699 fideliter
1544 641 1578 700 et
1600 635 1724 700 utiliter
1748 635 1923 715 laboravit,

276 752 377 797 rerum
401 730 575 818 dispendia
596 740 631 799 et
652 756 793 821 persons
815 736 964 822 pericula
986 757 1050 801 non
1066 737 1256 816 formidans,
1281 736 1313 801 in
1334 738 1394 801 hae
1410 744 1503 823 parte
1520 739 1694 804 subvenire
1711 740 1752 805 do
1769 739 1921 824 benigni-

274 842 334 901 uto
357 836 457 902 solita
479 858 679 905 curaremus.
716 839 867 926 Ipsorum
890 840 999 924 itaque
1023 841 1178 905 comitum
1192 841 1347 925 precibus
1363 841 1522 921 inclinati,
1547 842 1749 922 mandamus,
1766 844 1921 928 quatinus

194 970 209 1009 s
273 939 331 1027 ipsi
365 940 582 1026 prebendam,
614 963 713 1028 quam
747 942 852 1007 dictus
875 942 1007 1008 Ulrious
1040 943 1166 1007 obtinet
1199 944 1232 1008 in
1257 946 1398 1009 eeclesia
1421 945 1609 1025 Turicensi,
1641 968 1679 1012 eo
1709 948 1848 1013 cedente
1871 948 1925 1012 vel

269 1042 464 1125 decedente,
487 1047 681 1112 auctoritate
704 1055 815 1112 nostra
838 1047 1011 1112 conferens
1035 1054 1068 1112 et
1090 1050 1282 1134 assignans,
1305 1071 1380 1114 eum
1404 1052 1506 1137 recipi
1530 1051 1632 1115 iacias
1656 1072 1676 1114 a
1699 1102 1732 1116 ..
1756 1051 1925 1137 preposito

266 1154 300 1213 et
323 1149 471 1234 capitulo
495 1150 642 1217 eiusdem
666 1152 808 1217 ecclesie
830 1151 871 1215 ad
895 1150 1096 1237 prebendam
1119 1152 1224 1239 ipsam
1248 1154 1280 1217 in
1299 1154 1490 1218 canonicum
1515 1161 1547 1218 et
1570 1156 1603 1218 in
1624 1153 1771 1233 fratrem,
1795 1192 1836 1202 —
1859 1176 1924 1219 non

263 1250 450 1318 obstante·
472 1261 562 1320 certo
589 1256 819 1321 canonicorum
850 1276 986 1321 numero
1011 1256 1191 1320 iuramento
1216 1278 1275 1321 seu
1299 1278 1503 1343 quacumque
1527 1258 1681 1321 firmitate
1705 1258 1845 1337 vallato,
1870 1264 1927 1322 aut

260 1354 294 1419 si
323 1376 386 1441 pro
422 1357 494 1421 aliis
530 1358 579 1423 eis
610 1358 790 1424 direximus
821 1359 944 1444 scripta
966 1365 1093 1438 nostra,
1117 1380 1176 1423 seu
1200 1360 1285 1446 quod
1308 1361 1390 1424 alias
1414 1362 1605 1446 scripsimus
1634 1383 1694 1447 pro
1719 1360 1853 1441 eodem,
1874 1360 1927 1424 vel

259 1458 358 1543 quod
383 1459 465 1525 alies
488 1460 701 1527 beneficiatus
724 1463 836 1527 existit
858 1484 917 1537 —;
941 1462 1199 1529 contradictores
1222 1470 1285 1529 eto.

375 1579 454 1649 Dat.
475 1582 639 1669 Lugduni,
661 1582 775 1648 Idibus
798 1582 932 1670 Aprilis,
957 1605 1042 1649 anno
1058 1584 1115 1651 V0.

1079 1774 1125 1840 11.

1002 1901 1194 1976 Eidem.

376 2048 498 2113 Dilecti
521 2050 581 2114 lilii
604 2057 666 2115 ete.
690 2059 725 2115 ut
748 2072 861 2135 supra:
885 2052 1053 2115 intellecto
1076 2051 1163 2138 quod
1185 2052 1371 2117 Burcardus
1396 2053 1572 2117 canonicus
1595 2051 1798 2127 Turicensis,
1821 2059 1928 2115 rector

255 2152 415 2218 ecclesio
449 2151 491 2217 de
525 2152 621 2217 Mure
643 2153 905 2218 Constantiensis
935 2154 1091 2237 diocesis,
1120 2157 1301 2222 fautoribus
1333 2157 1492 2221 Fridorici
1516 2164 1577 2220 etc.
1609 2176 1730 2240 usquo:
1763 2156 1927 2220 conferret

258 2254 421 2321 llenrico
454 2254 495 2321 de
525 2257 778 2343 Olinginberch¹
808 2258 995 2322 consiliario
1032 2260 1187 2323 comitum
1222 2260 1400 2325 eorundem
1428 2266 1488 2324 cte.
1519 2280 1638 2345 usque:
1676 2258 1827 2344 quatinus
1863 2258 1925 2344 ipsi

258 2359 484 2445 prebendam,
508 2383 605 2447 quam
621 2361 752 2427 Ulrious
770 2361 810 2425 de
823 2360 985 2426 Thrishe²
1000 2361 1125 2427 obtinet
1149 2364 1181 2427 in
1200 2362 1528 2428 eeclesiaTuricensi
1546 2368 1609 2426 ete.
1633 2382 1737 2447 usque
1761 2362 1794 2425 in
1817 2362 1927 2426 finem.

901 2640 1122 2647 --———-.-
1127 2641 1192 2648 -.--
1238 2642 1308 2649 --.

1062 2922 1149 2995 539.

382 3034 600 3127 Ῑηηοοεηίίαε
615 3062 638 3126 1
643 3059 672 3124 V
678 3082 769 3143 pmpm
789 3061 947 3147 [Hemrieo
968 3062 1045 3146 ΙΙΙ]
1060 3062 1199 3145 episcope
1213 3060 1441 3143 Arpmrtimmsi
1461 3061 1628 3142 siparisieat,
1650 3059 1685 3123 id
1706 3058 1789 3141 qaod
1805 3057 1931 3137 pridem

275 3164 305 3227 ei
325 3164 364 3228 dc
386 3163 593 3250 B[erllmldo]
607 3166 789 3245 praeposito
813 3166 1077 3231 Grorrdivalleasi
1099 3165 1263 3251 descrecere
1285 3164 1524 3229 Basilierrsilms
1550 3162 1739 3227 eoaeedemdo
1760 3160 1930 3241 scripserit,

277 3266 338 3332 sibi
359 3288 445 3332 arrae
465 3288 585 3350 qrrcqac
606 3269 747 3353 plaeere,
779 3268 885 3333 ecclei
907 3269 1127 3346 serimentum,
1156 3272 1191 3331 at
1212 3269 1242 3332 si
1269 3288 1339 3331 ema
1366 3266 1415 3331 vel
1442 3268 1544 3330 aliam
1564 3265 1770 3351 [Liatlroldo]
1791 3263 1930 3344 episcopo

278 3368 457 3436 Basilieasi
478 3370 630 3452 densiore
650 3371 725 3436 cel-it
745 3371 961 3449 coadiutorem,
978 3372 1075 3452 prius
1096 3372 1232 3453 episcopi
1248 3371 1407 3452 pereipiat
1429 3370 1628 3435 celeritatem.

382 3490 447 3543 Ias.
465 3490 514 3545 IV
522 3490 587 3560 ltep.
606 3491 661 3545 Vol.
680 3491 703 3559 1,
720 3498 785 3555 aaa·
803 3491 862 3546 Lib.
882 3492 911 3559 V,
931 3499 986 3545 780.
1572 3476 1665 3550 1248,
1689 3471 1768 3554 rlpr.
1794 3473 1844 3535 11.

382 3578 477 3647 ΜΠ
493 3585 569 3633 3828.

776 3748 785 3764 .
815 3748 823 3764 .
852 3689 1069 3782 episcopo
1097 3668 1441 3780 argentinensi.

383 3836 515 3903 Pridem
543 3838 722 3905 sinceritati
752 3847 807 3904 tuo
836 3839 962 3902 litteras
995 3836 1193 3914 direximus,
1217 3834 1424 3898 continentes
1447 3831 1533 3917 quod
1558 3833 1585 3895 si
1611 3829 1808 3895 venerabilis
1832 3828 1932 3892 freter

281 3946 394 4005 nester
416 3990 449 4008 ..
472 3940 667 4007 Basiliensis
698 3944 871 4029 episcopus
903 3949 992 4005 essct
1015 3941 1177 4026 impotens
1210 3938 1260 4002 vel
1291 3937 1462 4021 negligens
1491 3942 1547 3999 aut
1575 3934 1746 4009 remissus,
1775 3932 1930 3996 dilectum

280 4044 381 4109 lilium
409 4044 447 4109 B.
476 4046 678 4132 prepositum
714 4045 1021 4110 Grandivallensern
1054 4041 1246 4106 canonicum
1279 4040 1495 4103 llasiliensem
1529 4037 1659 4102 dilectis
1694 4036 1771 4100 filiis
1806 4033 1931 4099 civibus

280 4146 519 4215 Basiliensibus
543 4151 736 4215 auctoritate
759 4156 872 4214 nostra
896 4150 926 4212 in
951 4148 1160 4212 defensorem
1184 4151 1241 4208 aut
1257 4144 1465 4227 capitaneum
1481 4142 1668 4227 deputares,
1690 4138 1820 4225 proviso
1844 4135 1930 4223 quod

279 4253 306 4317 si
338 4253 447 4319 dietus
479 4253 652 4341 episcopus
686 4260 776 4319 esset
810 4275 869 4339 por
896 4252 959 4316 Dei
992 4252 1131 4337 gratiam
1166 4251 1212 4312 ita
1242 4247 1507 4312 convalescentic
1532 4245 1719 4320 restitutus,
1743 4249 1779 4306 ut
1806 4241 1931 4306 eisdem

280 4358 404 4423 civibus
428 4380 504 4425 esse
526 4360 630 4443 possit
653 4359 845 4444 capitaneus
868 4365 902 4421 et
924 4356 1088 4433 defensor,
1116 4376 1189 4418 oum
1215 4352 1380 4437 preposito
1403 4351 1530 4434 prelato
1553 4349 1757 4433 disponeres,
1782 4344 1866 4430 quod
1890 4342 1929 4406 dc

382 4620 407 4686 ⁸)
425 4638 463 4671 aa
480 4638 532 4673 non
550 4622 616 4673 obst.
635 4640 668 4663 =
686 4637 738 4671 uon
755 4617 936 4671 obstantibus!

279 4760 443 4821 pomanus
464 4754 600 4809 auxilium
621 4759 646 4807 et
665 4754 798 4819 sererent,
825 4750 963 4805 interdicte
985 4750 1154 4818 srippmsitum
1176 4764 1242 4814 esse,
1261 4764 1288 4799 se
1306 4752 1394 4800 triticea
1406 4746 1556 4815 praeposito
1574 4746 1685 4813 alimanie
1701 4743 1798 4797 clericis
1815 4743 1934 4796 ccclesiae

283 4840 483 4896 mentalem
496 4840 655 4910 pcmisissc,
673 4846 704 4893 at
722 4839 816 4893 ibidem
830 4842 1028 4907 perraeaercam
1055 4836 1190 4900 Pettium,
1211 4834 1273 4901 ch.
1295 4840 1406 4895 1283tra,·
1430 4848 1498 4900 parere
1514 4849 1553 4899 ep.
1571 4832 1603 4884 ia
1623 4831 1685 4899 Rep.
1704 4846 1762 4883 mm
1778 4834 1856 4883 edat.
1892 4828 1933 4881 De

283 4926 368 4982 aciem
383 4927 502 4997 episeopo
518 4928 554 4994 cs.
572 4927 651 4981 ettam
666 4944 695 4981 a.
712 4934 766 4981 5:²1.

385 5034 412 5099 1)
429 5031 473 5087 De
499 5031 549 5085 boe
571 5033 607 5097 es.
633 5049 661 5084 a.
680 5037 736 5086 493.
857 5032 884 5094 2)
905 5029 962 5081 Pro
979 5026 1059 5081 zerbis
1078 5024 1201 5079 ‘Ulrious
1223 5024 1256 5077 de
1277 5022 1395 5077 'l'lrrislre'
1415 5021 1512 5074 ‘dictare
1529 5019 1698 5074 Barcarrlas’
1715 5018 1852 5089 lepemlma
1880 5034 1933 5070 esse

284 5124 402 5189 maret.
438 5116 493 5173 Set
507 5117 581 5171 made
596 5118 674 5171 rerba
692 5116 732 5171 ‘de
754 5116 873 5169 llrrisbe’
889 5119 994 5181 arrepto
1012 5118 1085 5179 sicat,
1111 5128 1180 5179 arcae
1197 5128 1279 5179 aspare
1296 5111 1328 5163 ia
1352 5109 1502 5162 orrtbestioo
1527 5106 1609 5161 liuius
1635 5124 1674 5176 cp.
1701 5121 1782 5173 acam
1804 5106 1835 5158 ia
1857 5111 1932 5158 arcte

282 5204 380 5261 samu
391 5202 558 5259 manat?
586 5203 722 5258 sterlinum
739 5203 862 5258 Ulrierrm
879 5202 955 5254 illesas
973 5200 1003 5251 ia
1019 5199 1093 5265 asts,
1112 5215 1181 5266 qam
1198 5198 1229 5250 irs
1245 5196 1365 5251 conciliis
1383 5214 1401 5247 a
1415 5212 1490 5262 papa
1508 5211 1570 5248 cam
1587 5192 1747 5247 memiliariis
1764 5191 1822 5245 siris
1838 5189 1934 5243 laamas

281 5290 311 5347 dt
329 5291 445 5361 epistolis
467 5290 600 5344 ameum
621 5284 1013 5354 seribdmatar,·‘l11ricamrlc
1035 5283 1154 5337 Tlsrisbe’
1173 5289 1293 5337 caeritum
1314 5299 1380 5348 esse,
1404 5287 1428 5334 et
1451 5296 1512 5334 cura
1534 5296 1567 5333 ea
1586 5280 1677 5345 soram
1698 5296 1737 5347 ep.
1761 5277 1935 5331 irruemdratis

281 5378 391 5433 asom
406 5382 527 5431 massa
542 5375 652 5431 ι’ἱὶοηιπι
672 5375 797 5431 ‘miniato’
814 5374 896 5427 liuius
918 5372 1030 5425 alterius
1054 5370 1179 5439 epistolae
1200 5374 1371 5434 coerceretur,
1389 5366 1422 5419 ia
1443 5382 1473 5419 ea
1493 5382 1546 5433 pro
1563 5365 1668 5419 amariam
1685 5363 1823 5419 Burcardi
1840 5382 1935 5418 nomen

183 5520 187 5541 ι
287 5462 388 5533 Ulriei,
409 5462 489 5533 iique
509 5478 606 5517 mea
627 5462 759 5531 iateprum
776 5462 844 5516 siesrt
861 5461 894 5512 in
910 5458 978 5512 actis
995 5456 1049 5509 illis
1066 5456 1209 5525 tepebatar,
1232 5470 1265 5509 ex
1282 5470 1370 5507 errore
1389 5452 1482 5521 aliquio
1495 5451 1612 5519 positam
1631 5468 1691 5505 aare
1729 5452 1801 5519 Qm'o
1819 5468 1876 5505 iero
1892 5451 1936 5504 bie

237 5558 245 5603 t
281 5566 354 5607 m
373 5548 431 5605 n'ui
455 5548 488 5603 in
510 5548 689 5619 mpcmdc
705 5549 829 5602 ‘minnota'
846 5546 999 5600 aevomisera
1024 5559 1077 5596 esse
1102 5559 1159 5595 noa
1177 5546 1276 5610 potest,
1295 5540 1445 5594 ‘minatam'
1462 5539 1550 5607 ipraam
1566 5536 1605 5590 ad
1623 5536 1727 5591 mam
1744 5536 1936 5605 transcriptam

283 5632 682 5784 *qt-*zm
719 5630 1079 5703 caesaraeam.
1694 5718 1730 5773 48
