4328 6232
130 115 192 177 228
686 109 732 164 ax
751 107 969 164 INNOCEN'III
987 107 1026 163 IV
1044 106 1225 165 anelsruu

128 304 188 370 per
211 306 275 372 que
298 285 395 350 saluti
418 285 589 350 consulere
613 284 725 349 valeas
749 283 948 358 animarum,
971 282 1160 349 discretioni
1182 289 1239 349 tue
1263 283 1465 370 presentium
1486 282 1687 350 auctoritate
1711 303 1789 347 con-

129 387 289 471 cedimus,
312 395 347 453 ut
370 409 443 453 cum
465 388 665 474 quibuslibet
684 387 849 471 religiosis
871 387 1022 473 personis
1038 391 1093 451 tue
1113 387 1299 472 legationis,
1323 388 1557 474 cuiuscumque
1570 387 1638 454 sint
1652 385 1789 459 ordinis,

131 502 217 579 que·
239 492 315 556 dato
339 491 448 578 aliquo
472 513 530 577 pro
554 490 759 575 acquirendis
783 491 835 555 vel
853 497 984 575 receptu
1008 509 1067 575 pro
1084 489 1277 554 exhibendis
1300 491 1380 555 locis
1403 491 1435 557 in
1459 489 1673 555 monasteriis
1697 510 1786 554 eom·

130 597 289 660 miserunt
313 596 533 681 symoniacam
558 596 762 681 pravitatem,
786 596 904 680 possis,
929 601 1024 680 prout
1048 592 1206 679 expedire
1230 592 1362 674 videris,
1385 592 1607 681 dispensaret.

216 716 291 783 Dat.
316 723 482 803 utsupra.

913 826 1007 892 VIII.
1065 912 1067 916 ι

875 953 1042 1027 Eidem.

239 1105 321 1169 Cum
344 1111 377 1169 te
401 1101 441 1168 ad
465 1109 574 1189 partes
598 1103 791 1182 Alamanic,
824 1104 999 1168 commisso
1023 1103 1082 1169 tibi
1105 1103 1204 1189 plene
1227 1102 1403 1188 legationis
1427 1101 1546 1184 officio,
1570 1102 1788 1172 destinemus.

133 1210 321 1276 discretioni
347 1217 402 1274 tue
426 1209 559 1296 petendi
583 1216 616 1274 ct
634 1206 814 1294 recipiendi
832 1209 1077 1294 procurationes
1100 1214 1167 1271 tam
1191 1207 1223 1274 in
1247 1206 1382 1273 civitate
1398 1205 1555 1272 Remensi
1577 1229 1677 1293 quam
1701 1210 1786 1275 ultra

131 1315 235 1401 ipsam
265 1335 326 1400 per
353 1319 456 1376 totum
482 1333 594 1378 versus
618 1312 823 1376 Alamaniam
854 1317 886 1375 ct
909 1310 1168 1376 contradictores
1192 1330 1292 1397 super
1314 1310 1375 1374 boc
1396 1331 1456 1398 per
1480 1333 1653 1378 consuram
1677 1315 1785 1378 ccele-

133 1418 298 1481 siasticam
330 1416 551 1502 appellatione
579 1416 763 1501 postposita
787 1414 1017 1500 compescendi
1048 1453 1088 1463 -—
1118 1414 1289 1500 privilegio
1318 1413 1465 1500 quolibet
1499 1417 1551 1480 vel
1580 1415 1788 1502 indulgentia
1836 1443 1865 1481 ι

132 1520 220 1584 sadis
244 1520 423 1606 apostolice
448 1520 681 1583 nonobstante
703 1556 745 1565 -
771 1519 907 1583 liberam
922 1516 1132 1582 concedimus
1149 1519 1345 1582 auctoritate
1366 1518 1568 1603 presentium
1584 1519 1786 1585 facultatem.

216 1639 294 1709 Dat.
317 1648 353 1705 ut
377 1662 485 1727 supra.

930 1750 991 1819 IX.

876 1877 1042 1952 Eidem.

243 2028 345 2093 Oumc
368 2035 401 2094 te
425 2028 465 2092 ad
489 2033 600 2115 partes
616 2026 799 2107 Alamauie,
817 2027 991 2090 commisso
1015 2026 1073 2091 tibi
1096 2034 1162 2091 tam
1186 2026 1217 2090 in
1243 2025 1306 2090 illis
1329 2047 1425 2113 quam
1449 2026 1482 2091 in
1505 2048 1609 2114 regno
1625 2026 1726 2094 Datie
1748 2051 1785 2095 ac

130 2134 268 2198 Polonia
297 2133 394 2219 plene
422 2132 598 2217 legationis
622 2131 743 2210 officio,
773 2130 968 2216 dirigamus,
1001 2128 1143 2209 clericis,
1173 2131 1226 2217 qui
1250 2138 1358 2195 tecum
1382 2131 1626 2216 permanserint
1648 2139 1683 2197 et
1706 2153 1785 2218 quos

131 2259 191 2323 pro
214 2236 351 2322 agendis
375 2236 516 2301 ecclesie
541 2235 674 2300 duxeris
699 2235 920 2314 destinandos,
943 2243 979 2299 ut
1003 2235 1156 2321 quamdiu
1180 2241 1289 2300 tecum
1306 2235 1427 2299 luerint
1450 2235 1502 2299 rel
1519 2235 1662 2321 negotiis
1686 2236 1787 2323 ipsius

132 2341 275 2405 ecclesie
298 2339 340 2405 de
363 2337 518 2405 mandato
541 2345 597 2403 tuo
622 2340 801 2404 institerint
817 2337 1027 2425 peragendis,
1050 2339 1178 2423 integre
1194 2338 1378 2424 percipiant
1395 2337 1630 2403 beneficiorum
1655 2361 1786 2405 suorum

132 2449 324 2529 proventus,
348 2443 633 2507 distributionibus
657 2442 831 2508 cotidianis
855 2443 1013 2528 exceptis,
1037 2464 1075 2507 ae
1099 2443 1125 2507 si
1140 2443 1358 2528 personaliter
1380 2443 1413 2506 in
1430 2443 1589 2523 eeclesiis,
1612 2443 1644 2507 in
1670 2444 1787 2529 quibus

133 2545 293 2610 beneficia
316 2547 388 2632 ipsa
412 2546 576 2622 obtinent,
601 2545 800 2625 residerent,
824 2583 864 2594 -
888 2547 1077 2632 privilegio,
1105 2545 1325 2632 indulgentia,
1349 2550 1471 2611 statuto
1494 2555 1528 2609 et
1551 2548 1787 2613 consuetudine

133 2651 316 2713 iuramento
340 2670 398 2713 seu
422 2670 626 2736 quacumque
650 2651 717 2714 alia
739 2651 893 2715 firmitate
918 2651 1046 2714 vallatis
1071 2671 1277 2737 nequaquam
1294 2648 1500 2713 obstantibus
1523 2686 1565 2696 -
1588 2652 1787 2716 auctoritate

133 2753 337 2839 presentium
361 2752 579 2838 indulgemus.
624 2753 715 2819 Nulli
739 2775 818 2839 ergo
843 2761 904 2819 etc.
930 2761 1041 2819 nostre
1065 2753 1286 2819 concessionis
1309 2760 1373 2818 etc.

242 2871 318 2937 Dat.
342 2878 378 2936 ut
401 2894 508 2959 supra.

938 2978 979 3044 X.

198 3097 352 3176 Petro·¹
380 3103 527 3175 Sancti
556 3103 729 3196 Georgii
758 3106 808 3178 ad
837 3104 992 3178 Velum
1019 3105 1226 3178 Aureum
1254 3104 1451 3178 diacono
1479 3103 1726 3193 cardinali,

669 3225 915 3317 apostolice
943 3226 1065 3298 sedis
1092 3227 1253 3318 legato.

243 3372 344 3438 Oum‘
368 3380 400 3439 te
425 3373 465 3438 ad
490 3382 601 3461 partes
625 3375 820 3440 Alamannia
845 3396 903 3460 pro
927 3375 1013 3439 bono
1036 3395 1147 3440 carum
1171 3380 1258 3439 statu
1282 3382 1316 3441 et
1339 3375 1479 3439 ecclesie
1503 3373 1637 3460 negotio
1660 3395 1790 3461 promo-

134 3477 241 3542 vendo
276 3477 317 3542 de
348 3478 484 3543 fratrum
514 3484 701 3543 nostrorum
730 3479 869 3543 consilio
905 3478 1124 3557 destinemus,
1156 3478 1346 3544 discretioni
1382 3486 1438 3545 tue
1470 3477 1647 3544 exercendi
1688 3479 1792 3544 libere

134 3602 307 3645 censuram
326 3582 587 3647 ecclesiasticam
611 3583 643 3646 in
660 3603 773 3646 omnes
797 3589 863 3646 tam
881 3581 1116 3648 cathedralium
1135 3604 1231 3669 quam
1249 3584 1387 3647 aliarum
1404 3583 1618 3648 ecclesiarum
1635 3583 1792 3668 prelatos,

134 3692 308 3770 exemptos
338 3693 371 3749 et
401 3707 463 3748 nen
495 3694 684 3772 exemptos,
716 3687 748 3749 in
778 3687 931 3750 universa
960 3687 1104 3772 capitula
1137 3693 1170 3751 et
1198 3694 1397 3764 convontus,
1425 3684 1544 3765 duces,
1573 3685 1793 3762 marchiones.

134 3789 273 3853 comites
297 3789 444 3874 aliasque
473 3789 651 3874 principes,
680 3810 740 3852 nec
772 3810 834 3852 uon
862 3789 1002 3854 barones
1033 3797 1066 3854 ct
1094 3790 1258 3875 quoslibet
1290 3788 1370 3853 alios
1399 3789 1541 3868 nobiles,
1569 3789 1603 3852 in
1634 3800 1791 3871 rectores,

133 3892 269 3972 balivos,
286 3899 481 3978 potestates,
499 3894 643 3974 consilia,
662 3893 903 3972 universitates,
920 3894 1058 3980 populos
1081 3901 1115 3957 et
1131 3914 1354 3979 quascumque
1372 3913 1531 3978 personas
1547 3892 1788 3958 ecclesiasticas

134 3997 185 4060 vel
203 3997 381 4076 seculares,
405 3997 555 4082 publicas
579 3999 631 4061 vel
648 3997 802 4082 privatas.
826 4006 881 4061 tue
899 3998 1082 4082 legationis,
1108 4018 1180 4061 cum
1204 3996 1325 4061 uideris
1343 3996 1511 4084 expedire,
1527 4035 1568 4043 —
1584 3996 1788 4083 indulgentia

134 4106 195 4166 cte.
221 4107 256 4164 ut
278 4100 311 4164 in
334 4100 466 4169 XVIa‘.
1703 4105 1711 4117 “

223 4202 298 4271 Dat.
322 4211 358 4269 ut
381 4226 489 4292 supra.

935 4291 985 4358 XI

880 4419 1044 4493 Eidem.

245 4567 350 4632 Oumss
374 4577 406 4633 te
429 4576 506 4632 etc:
531 4566 718 4632 discretioni
743 4575 809 4648 tue,
833 4576 870 4633 ut
892 4571 1094 4654 generaliter
1115 4591 1175 4657 per
1197 4576 1299 4635 totam
1323 4577 1444 4636 terram
1467 4577 1523 4636 tue
1547 4571 1727 4658 legationis
1749 4572 1776 4637 du

135 4673 380 4757 personatibus,
403 4673 561 4745 canoniis,
585 4670 761 4757 prebendis
784 4673 923 4758 aliisque
948 4673 1117 4739 beneficiis
1142 4675 1392 4753 ecelesiasticis,
1421 4675 1490 4740 sive
1514 4696 1625 4740 curam
1649 4676 1769 4742 habear

135 4778 203 4840 sive
228 4798 292 4840 non
316 4778 496 4841 animarum
514 4794 687 4854 annexam,
711 4780 860 4860 personis
883 4777 1019 4852 idoneis,
1043 4778 1222 4842 seeundum
1247 4779 1333 4864 quod
1350 4778 1507 4866 expedire
1524 4779 1661 4862 videris,
1683 4802 1761 4868 prov

134 4881 225 4960 dere,
250 4901 287 4944 ac
311 4881 494 4966 iniungere,
519 4878 602 4965 quod
626 4879 825 4964 recipiantur
846 4881 878 4944 in
904 4881 1055 4946 ecclesiis
1072 4880 1220 4946 ciusdem
1238 4882 1411 4965 legationis
1435 4883 1467 4946 iu
1484 4883 1672 4964 canonicos,
1693 4890 1753 4949 et⁴

241 5147 266 5203 ⁸)
283 5159 349 5207 meac
368 5150 509 5208 separentur
527 5142 553 5192 iu
573 5140 622 5192 Ima
634 5159 682 5206 ep,
700 5140 792 5192 clauim
811 5160 841 5192 επ
853 5141 894 5199 13:
912 5143 939 5192 iu
954 5142 1049 5193 Pcrlaii
1060 5143 1214 5208 erenrplari:
1231 5143 1283 5194 ‘cla
1302 5152 1329 5193 ul
1347 5162 1372 5194 a.
1388 5143 1427 5195 14*
1444 5140 1484 5210 [a.
1496 5147 1546 5195 eet
1565 5139 1626 5213 VIJ.
1695 5140 1723 5209 ι)

135 5230 151 5277 3
169 5227 246 5278 add:
264 5245 315 5279 nou
334 5228 454 5280 obstante
473 5229 655 5280 constitutione
674 5229 776 5278 conscilii
794 5229 929 5294 generalis.
1001 5234 1024 5292 θ)
1037 5230 1072 5294 cs.
1083 5229 1139 5279 Lib.
1159 5228 1205 5291 VI,
1223 5247 1276 5282 cur.
1295 5235 1324 5281 ur
1343 5239 1366 5281 ct
1383 5230 1440 5282 Lib.
1454 5229 1505 5292 XI,
1523 5246 1579 5281 cuc.
1592 5232 1632 5283 18.
1699 5224 1727 5297 Ι)

135 5329 189 5363 car.
207 5317 242 5365 dl
260 5323 283 5364 cl
300 5318 340 5377 ὀᾶ,
357 5331 423 5379 pune
440 5315 467 5365 s'a
486 5315 548 5380 Iiep.
566 5315 633 5366 iales·
651 5314 720 5364 Ianira
736 5321 760 5364 et
777 5313 963 5364 arroeccdaeatcm
983 5314 1115 5365 irstcricclu
1133 5323 1200 5378 saort,
1219 5336 1250 5358 =
1269 5319 1320 5367 304
1336 5315 1372 5366 II
1385 5323 1409 5366 et
1427 5315 1486 5367 111.
1573 5315 1598 5384 ⁸)
1609 5316 1652 5385 es.
1669 5314 1721 5382 m

135 5416 188 5449 cur.
207 5406 244 5451 ὀᾶ
314 5398 335 5465 fl
354 5419 380 5451 a.
392 5405 443 5452 204
463 5400 542 5453 VIII.
613 5401 638 5466 ⁸)
652 5402 685 5463 cf.
706 5399 761 5450 Lib.
778 5397 829 5462 XI,
847 5416 900 5450 car.
919 5406 948 5451 19
958 5399 1010 5470 [3J.
