<?xml version="1.0" encoding="UTF-8"?>
<!DOCTYPE html PUBLIC "-//W3C//DTD XHTML 1.0 Transitional//EN"
    "http://www.w3.org/TR/xhtml1/DTD/xhtml1-transitional.dtd">
<html xmlns="http://www.w3.org/1999/xhtml" xml:lang="en" lang="en">
 <head>
  <title>
</title>
<meta http-equiv="Content-Type" content="text/html;charset=utf-8" />
  <meta name='ocr-system' content='tesseract 3.04.00' />
  <meta name='ocr-capabilities' content='ocr_page ocr_carea ocr_par ocr_line ocrx_word'/>
</head>
<body>
  <div class='ocr_page' id='page_1' title='image "./monumentagerman00popegoog_0446.png"; bbox 0 0 4784 6334; ppageno 0'>
   <div class='ocr_carea' id='block_1_1' title="bbox 884 368 1407 434">
    <p class='ocr_par' dir='ltr' id='par_1_1' title="bbox 884 368 1407 434">
     <span class='ocr_line' id='line_1_1' title="bbox 884 368 1407 434; baseline 0.015 -10"><span class='ocrx_word' id='word_1_1' title='bbox 884 368 1085 429; x_wconf 77' lang='lat' dir='ltr'>urls&#39;lousu</span> <span class='ocrx_word' id='word_1_2' title='bbox 1103 372 1293 432; x_wconf 69' lang='lat' dir='ltr'>subacuta.</span> <span class='ocrx_word' id='word_1_3' title='bbox 1329 375 1407 434; x_wconf 73' lang='lat'>1248.</span> 
     </span>
    </p>
   </div>
   <div class='ocr_carea' id='block_1_2' title="bbox 1119 583 1166 651">
    <p class='ocr_par' dir='ltr' id='par_1_2' title="bbox 1119 583 1166 651">
     <span class='ocr_line' id='line_1_2' title="bbox 1119 583 1166 651; baseline 0.085 -4"><span class='ocrx_word' id='word_1_4' title='bbox 1119 583 1166 651; x_wconf 90' lang='grc' dir='ltr'>ΙΙ.</span> 
     </span>
    </p>
   </div>
   <div class='ocr_carea' id='block_1_3' title="bbox 488 703 1799 908">
    <p class='ocr_par' dir='ltr' id='par_1_3' title="bbox 488 703 1799 908">
     <span class='ocr_line' id='line_1_3' title="bbox 488 703 1799 789; baseline 0.008 -11"><span class='ocrx_word' id='word_1_5' title='bbox 488 757 527 778; x_wconf 90' lang='grc'>..</span> <span class='ocrx_word' id='word_1_6' title='bbox 555 703 708 779; x_wconf 87' lang='lat' dir='ltr'>abbati</span> <span class='ocrx_word' id='word_1_7' title='bbox 736 707 953 781; x_wconf 89' lang='lat' dir='ltr'>secularis</span> <span class='ocrx_word' id='word_1_8' title='bbox 981 711 1170 786; x_wconf 85' lang='lat' dir='ltr'>ecclesie</span> <span class='ocrx_word' id='word_1_9' title='bbox 1198 714 1343 788; x_wconf 83' lang='lat' dir='ltr'>sancti</span> <span class='ocrx_word' id='word_1_10' title='bbox 1370 713 1492 789; x_wconf 88' lang='lat' dir='ltr'>Petri</span> <span class='ocrx_word' id='word_1_11' title='bbox 1519 715 1573 787; x_wconf 91' lang='lat' dir='ltr'>de</span> <span class='ocrx_word' id='word_1_12' title='bbox 1600 711 1799 789; x_wconf 88' lang='lat' dir='ltr'>Canneto</span> 
     </span>
     <span class='ocr_line' id='line_1_4' title="bbox 911 829 1373 908; baseline 0.015 -7"><span class='ocrx_word' id='word_1_13' title='bbox 911 829 1135 905; x_wconf 84' lang='lat' dir='ltr'>Verulana</span> <span class='ocrx_word' id='word_1_14' title='bbox 1163 833 1373 908; x_wconf 80' lang='lat' dir='ltr'>diocesis,</span> 
     </span>
    </p>
   </div>
   <div class='ocr_carea' id='block_1_4' title="bbox 251 974 1969 1275">
    <p class='ocr_par' dir='ltr' id='par_1_4' title="bbox 251 974 1969 1275">
     <span class='ocr_line' id='line_1_5' title="bbox 423 974 1969 1069; baseline 0.008 -31"><span class='ocrx_word' id='word_1_15' title='bbox 423 974 605 1040; x_wconf 79' lang='lat' dir='ltr'>Personam</span> <span class='ocrx_word' id='word_1_16' title='bbox 627 976 738 1041; x_wconf 88' lang='lat' dir='ltr'>dilecti</span> <span class='ocrx_word' id='word_1_17' title='bbox 760 978 818 1042; x_wconf 88' lang='lat' dir='ltr'>lilii</span> <span class='ocrx_word' id='word_1_18' title='bbox 840 978 987 1064; x_wconf 76' lang='lat' dir='ltr'><strong>magistri</strong></span> <span class='ocrx_word' id='word_1_19' title='bbox 1009 978 1165 1045; x_wconf 85' lang='lat' dir='ltr'>Adenulfi</span> <span class='ocrx_word' id='word_1_20' title='bbox 1188 980 1229 1047; x_wconf 92' lang='lat' dir='ltr'>de</span> <span class='ocrx_word' id='word_1_21' title='bbox 1245 981 1369 1069; x_wconf 83' lang='lat' dir='ltr'>Arpino</span> <span class='ocrx_word' id='word_1_22' title='bbox 1393 983 1501 1048; x_wconf 88' lang='lat' dir='ltr'>clerici</span> <span class='ocrx_word' id='word_1_23' title='bbox 1525 981 1650 1048; x_wconf 78' lang='lat' dir='ltr'>Serene</span> <span class='ocrx_word' id='word_1_24' title='bbox 1673 981 1816 1048; x_wconf 89' lang='lat' dir='ltr'>diocesis</span> <span class='ocrx_word' id='word_1_25' title='bbox 1839 985 1969 1050; x_wconf 87' lang='lat' dir='ltr'>sincera</span> 
     </span>
     <span class='ocr_line' id='line_1_6' title="bbox 317 1076 1967 1171; baseline 0.007 -29"><span class='ocrx_word' id='word_1_26' title='bbox 317 1076 492 1163; x_wconf 77' lang='lat' dir='ltr'>diligentes</span> <span class='ocrx_word' id='word_1_27' title='bbox 521 1078 555 1142; x_wconf 91' lang='lat' dir='ltr'>in</span> <span class='ocrx_word' id='word_1_28' title='bbox 584 1079 724 1145; x_wconf 90' lang='lat' dir='ltr'>Domino</span> <span class='ocrx_word' id='word_1_29' title='bbox 757 1082 909 1162; x_wconf 89' lang='lat' dir='ltr'>caritate,</span> <span class='ocrx_word' id='word_1_30' title='bbox 944 1082 1086 1148; x_wconf 86' lang='lat' dir='ltr'>libenter</span> <span class='ocrx_word' id='word_1_31' title='bbox 1118 1084 1220 1169; x_wconf 91' lang='lat' dir='ltr'>ipsius</span> <span class='ocrx_word' id='word_1_32' title='bbox 1254 1085 1469 1171; x_wconf 82' lang='lat' dir='ltr'>petitionibus</span> <span class='ocrx_word' id='word_1_33' title='bbox 1504 1086 1682 1171; x_wconf 90' lang='lat' dir='ltr'>benignum</span> <span class='ocrx_word' id='word_1_34' title='bbox 1717 1087 1967 1154; x_wconf 87' lang='lat' dir='ltr'>accomodamns</span> 
     </span>
     <span class='ocr_line' id='line_1_7' title="bbox 251 1181 1969 1275; baseline 0.006 -30"><span class='ocrx_word' id='word_1_35' title='bbox 251 1197 263 1235; x_wconf 82' lang='lat'>⁵</span> <span class='ocrx_word' id='word_1_36' title='bbox 317 1181 479 1260; x_wconf 89' lang='lat' dir='ltr'>auditum,</span> <span class='ocrx_word' id='word_1_37' title='bbox 514 1189 575 1247; x_wconf 91' lang='lat' dir='ltr'>etc.</span> <span class='ocrx_word' id='word_1_38' title='bbox 606 1189 643 1248; x_wconf 90' lang='lat' dir='ltr'>ut</span> <span class='ocrx_word' id='word_1_39' title='bbox 672 1206 771 1272; x_wconf 92' lang='lat' dir='ltr'>supra</span> <span class='ocrx_word' id='word_1_40' title='bbox 799 1186 908 1250; x_wconf 89' lang='lat' dir='ltr'>verbis</span> <span class='ocrx_word' id='word_1_41' title='bbox 941 1193 1163 1272; x_wconf 78' lang='lat' dir='ltr'>competenter</span> <span class='ocrx_word' id='word_1_42' title='bbox 1192 1189 1326 1253; x_wconf 90' lang='lat' dir='ltr'>mutatis</span> <span class='ocrx_word' id='word_1_43' title='bbox 1355 1209 1472 1274; x_wconf 87' lang='lat' dir='ltr'>usque:</span> <span class='ocrx_word' id='word_1_44' title='bbox 1506 1189 1705 1275; x_wconf 79' lang='lat' dir='ltr'>attemptari.</span> <span class='ocrx_word' id='word_1_45' title='bbox 1762 1190 1969 1273; x_wconf 83' lang='lat' dir='ltr'>Mandemus,</span> 
     </span>
    </p>
   </div>
   <div class='ocr_carea' id='block_1_5' title="bbox 316 1287 1969 1466">
    <p class='ocr_par' dir='ltr' id='par_1_5' title="bbox 316 1287 1969 1466">
     <span class='ocr_line' id='line_1_8' title="bbox 317 1287 1969 1380; baseline 0.007 -30"><span class='ocrx_word' id='word_1_46' title='bbox 317 1287 470 1372; x_wconf 76' lang='lat' dir='ltr'>quatinus</span> <span class='ocrx_word' id='word_1_47' title='bbox 496 1287 637 1352; x_wconf 89' lang='lat' dir='ltr'>eundem</span> <span class='ocrx_word' id='word_1_48' title='bbox 665 1289 857 1373; x_wconf 90' lang='lat' dir='ltr'>magistrum</span> <span class='ocrx_word' id='word_1_49' title='bbox 887 1289 919 1352; x_wconf 94' lang='lat' dir='ltr'>in</span> <span class='ocrx_word' id='word_1_50' title='bbox 948 1290 1087 1355; x_wconf 84' lang='lat' dir='ltr'>ecclesie</span> <span class='ocrx_word' id='word_1_51' title='bbox 1110 1290 1256 1379; x_wconf 80' lang='lat' dir='ltr'>predicte</span> <span class='ocrx_word' id='word_1_52' title='bbox 1281 1294 1484 1379; x_wconf 78' lang='lat' dir='ltr'>corporalem</span> <span class='ocrx_word' id='word_1_53' title='bbox 1507 1294 1753 1380; x_wconf 88' lang='lat' dir='ltr'>possessiouem</span> <span class='ocrx_word' id='word_1_54' title='bbox 1776 1293 1911 1360; x_wconf 83' lang='lat' dir='ltr'>inducas</span> <span class='ocrx_word' id='word_1_55' title='bbox 1934 1305 1969 1361; x_wconf 88' lang='lat' dir='ltr'>st</span> 
     </span>
     <span class='ocr_line' id='line_1_9' title="bbox 316 1387 1049 1466; baseline 0.005 -13"><span class='ocrx_word' id='word_1_56' title='bbox 316 1387 474 1455; x_wconf 82' lang='lat' dir='ltr'>defendas</span> <span class='ocrx_word' id='word_1_57' title='bbox 498 1390 682 1466; x_wconf 88' lang='lat' dir='ltr'>inductum;</span> <span class='ocrx_word' id='word_1_58' title='bbox 705 1391 963 1458; x_wconf 85' lang='lat' dir='ltr'>contradictores</span> <span class='ocrx_word' id='word_1_59' title='bbox 987 1399 1049 1457; x_wconf 89' lang='lat' dir='ltr'>etc.</span> 
     </span>
    </p>
   </div>
   <div class='ocr_carea' id='block_1_6' title="bbox 420 1509 686 1597">
    <p class='ocr_par' dir='ltr' id='par_1_6' title="bbox 420 1509 686 1597">
     <span class='ocr_line' id='line_1_10' title="bbox 420 1509 686 1597; baseline 0.004 -23"><span class='ocrx_word' id='word_1_60' title='bbox 420 1509 496 1576; x_wconf 91' lang='lat' dir='ltr'>Dat.</span> <span class='ocrx_word' id='word_1_61' title='bbox 520 1517 556 1575; x_wconf 90' lang='lat' dir='ltr'>ut</span> <span class='ocrx_word' id='word_1_62' title='bbox 577 1533 686 1597; x_wconf 87' lang='lat' dir='ltr'>supra.</span> 
     </span>
    </p>
   </div>
   <div class='ocr_carea' id='block_1_7' title="bbox 937 1723 1347 1734">
    <p class='ocr_par' dir='ltr' id='par_1_7' title="bbox 937 1723 1347 1734">
     <span class='ocr_line' id='line_1_11' title="bbox 937 1723 1347 1734; baseline 0.005 -2"><span class='ocrx_word' id='word_1_63' title='bbox 937 1723 1347 1734; x_wconf 77' lang='lat'><em>——-———-——--——</em></span> 
     </span>
    </p>
   </div>
   <div class='ocr_carea' id='block_1_8' title="bbox 1099 2055 1186 2132">
    <p class='ocr_par' dir='ltr' id='par_1_8' title="bbox 1099 2055 1186 2132">
     <span class='ocr_line' id='line_1_12' title="bbox 1099 2055 1186 2132; baseline 0.011 -1"><span class='ocrx_word' id='word_1_64' title='bbox 1099 2055 1186 2132; x_wconf 61' lang='lat'>602.</span> 
     </span>
    </p>
   </div>
   <div class='ocr_carea' id='block_1_9' title="bbox 238 2166 1968 2488">
    <p class='ocr_par' dir='ltr' id='par_1_9' title="bbox 238 2166 1968 2488">
     <span class='ocr_line' id='line_1_13' title="bbox 420 2166 1968 2288; baseline 0.005 -28"><span class='ocrx_word' id='word_1_65' title='bbox 420 2166 638 2261; x_wconf 79' lang='lat' dir='ltr'>Innocentius</span> <span class='ocrx_word' id='word_1_66' title='bbox 659 2193 716 2262; x_wconf 85' lang='lat' dir='ltr'>IV</span> <span class='ocrx_word' id='word_1_67' title='bbox 730 2218 820 2283; x_wconf 83' lang='lat' dir='ltr'>papo</span> <span class='ocrx_word' id='word_1_68' title='bbox 841 2195 993 2264; x_wconf 86' lang='lat' dir='ltr'>Manenti</span> <span class='ocrx_word' id='word_1_69' title='bbox 1013 2201 1089 2264; x_wconf 85' lang='lat' dir='ltr'>nato</span> <span class='ocrx_word' id='word_1_70' title='bbox 1111 2198 1269 2281; x_wconf 77' lang='lat' dir='ltr'>qnondam</span> <span class='ocrx_word' id='word_1_71' title='bbox 1290 2195 1457 2266; x_wconf 75' lang='lat' dir='ltr'>Morientis</span> <span class='ocrx_word' id='word_1_72' title='bbox 1472 2197 1632 2268; x_wconf 79' lang='lat' dir='ltr'>Rainaldi</span> <span class='ocrx_word' id='word_1_73' title='bbox 1653 2203 1730 2269; x_wconf 83' lang='lat' dir='ltr'>civis</span> <span class='ocrx_word' id='word_1_74' title='bbox 1745 2201 1909 2288; x_wconf 74' lang='lat' dir='ltr'>Spoletini</span> <span class='ocrx_word' id='word_1_75' title='bbox 1932 2201 1968 2268; x_wconf 90' lang='lat' dir='ltr'>ob</span> 
     </span>
     <span class='ocr_line' id='line_1_14' title="bbox 238 2298 1968 2386; baseline 0.005 -23"><span class='ocrx_word' id='word_1_76' title='bbox 238 2315 264 2354; x_wconf 83' lang='lat'>¹⁰</span> <span class='ocrx_word' id='word_1_77' title='bbox 315 2299 428 2364; x_wconf 72' lang='lat' dir='ltr'>nerito</span> <span class='ocrx_word' id='word_1_78' title='bbox 447 2298 560 2380; x_wconf 61' lang='lat' dir='ltr'>pona,</span> <span class='ocrx_word' id='word_1_79' title='bbox 583 2301 639 2381; x_wconf 76' lang='lat' dir='ltr'>qni</span> <span class='ocrx_word' id='word_1_80' title='bbox 661 2301 734 2366; x_wconf 86' lang='lat' dir='ltr'>olim</span> <span class='ocrx_word' id='word_1_81' title='bbox 750 2322 813 2385; x_wconf 87' lang='lat' dir='ltr'>pro</span> <span class='ocrx_word' id='word_1_82' title='bbox 834 2301 991 2368; x_wconf 81' lang='lat' dir='ltr'>devotione</span> <span class='ocrx_word' id='word_1_83' title='bbox 1012 2303 1155 2368; x_wconf 72' lang='lat' dir='ltr'>ecclmiae</span> <span class='ocrx_word' id='word_1_84' title='bbox 1176 2303 1331 2368; x_wconf 79' lang='lat' dir='ltr'>civitatem</span> <span class='ocrx_word' id='word_1_85' title='bbox 1351 2323 1442 2370; x_wconf 82' lang='lat' dir='ltr'>snam</span> <span class='ocrx_word' id='word_1_86' title='bbox 1460 2305 1581 2384; x_wconf 76' lang='lat' dir='ltr'>coierit,</span> <span class='ocrx_word' id='word_1_87' title='bbox 1602 2307 1748 2386; x_wconf 80' lang='lat' dir='ltr'>concedit,</span> <span class='ocrx_word' id='word_1_88' title='bbox 1769 2311 1805 2372; x_wconf 86' lang='lat' dir='ltr'>nt</span> <span class='ocrx_word' id='word_1_89' title='bbox 1820 2307 1968 2386; x_wconf 70' lang='lat' dir='ltr'>naias,</span> 
     </span>
     <span class='ocr_line' id='line_1_15' title="bbox 315 2404 1806 2488; baseline 0.005 -21"><span class='ocrx_word' id='word_1_90' title='bbox 315 2404 470 2470; x_wconf 82' lang='lat' dir='ltr'>vassallos</span> <span class='ocrx_word' id='word_1_91' title='bbox 490 2409 520 2469; x_wconf 87' lang='lat' dir='ltr'>et</span> <span class='ocrx_word' id='word_1_92' title='bbox 541 2405 620 2469; x_wconf 85' lang='lat' dir='ltr'>bonu</span> <span class='ocrx_word' id='word_1_93' title='bbox 643 2424 702 2470; x_wconf 72' lang='lat' dir='ltr'>scca</span> <span class='ocrx_word' id='word_1_94' title='bbox 724 2406 782 2470; x_wconf 83' lang='lat' dir='ltr'>aab</span> <span class='ocrx_word' id='word_1_95' title='bbox 804 2405 909 2470; x_wconf 74' lang='lat' dir='ltr'>mden</span> <span class='ocrx_word' id='word_1_96' title='bbox 932 2405 1074 2471; x_wconf 82' lang='lat' dir='ltr'>libertate</span> <span class='ocrx_word' id='word_1_97' title='bbox 1091 2405 1260 2486; x_wconf 78' lang='lat' dir='ltr'>possideat,</span> <span class='ocrx_word' id='word_1_98' title='bbox 1282 2427 1346 2488; x_wconf 81' lang='lat' dir='ltr'>qna</span> <span class='ocrx_word' id='word_1_99' title='bbox 1363 2411 1458 2488; x_wconf 80' lang='lat' dir='ltr'>puter</span> <span class='ocrx_word' id='word_1_100' title='bbox 1480 2409 1548 2474; x_wconf 68' lang='lat' dir='ltr'>arcs</span> <span class='ocrx_word' id='word_1_101' title='bbox 1569 2430 1606 2474; x_wconf 87' lang='lat' dir='ltr'>eo</span> <span class='ocrx_word' id='word_1_102' title='bbox 1627 2409 1806 2476; x_wconf 79' lang='lat' dir='ltr'>obtinuerit.</span> 
     </span>
    </p>
   </div>
   <div class='ocr_carea' id='block_1_10' title="bbox 420 2513 1880 2663">
    <p class='ocr_par' dir='ltr' id='par_1_10' title="bbox 420 2513 1880 2663">
     <span class='ocr_line' id='line_1_16' title="bbox 1639 2513 1880 2592; baseline 0.017 -16"><span class='ocrx_word' id='word_1_103' title='bbox 1639 2515 1732 2592; x_wconf 79' lang='lat'>1248,</span> <span class='ocrx_word' id='word_1_104' title='bbox 1754 2513 1833 2584; x_wconf 82' lang='lat' dir='ltr'>Non.</span> <span class='ocrx_word' id='word_1_105' title='bbox 1851 2513 1880 2580; x_wconf 81' lang='lat'>5.</span> 
     </span>
     <span class='ocr_line' id='line_1_17' title="bbox 420 2591 974 2663; baseline 0.005 -18"><span class='ocrx_word' id='word_1_106' title='bbox 420 2592 485 2647; x_wconf 85' lang='lat' dir='ltr'>Inn.</span> <span class='ocrx_word' id='word_1_107' title='bbox 498 2592 547 2646; x_wconf 88' lang='lat' dir='ltr'>IV</span> <span class='ocrx_word' id='word_1_108' title='bbox 562 2593 624 2663; x_wconf 76' lang='lat' dir='ltr'>Ray.</span> <span class='ocrx_word' id='word_1_109' title='bbox 643 2592 703 2647; x_wconf 75' lang='lat' dir='ltr'>Le.</span> <span class='ocrx_word' id='word_1_110' title='bbox 721 2591 767 2660; x_wconf 87' lang='lat' dir='ltr'>VI,</span> <span class='ocrx_word' id='word_1_111' title='bbox 785 2592 806 2659; x_wconf 82' lang='lat' dir='ltr'>s.</span> <span class='ocrx_word' id='word_1_112' title='bbox 819 2600 859 2660; x_wconf 88' lang='lat'>10,</span> <span class='ocrx_word' id='word_1_113' title='bbox 877 2609 904 2647; x_wconf 78' lang='lat' dir='ltr'>re</span> <span class='ocrx_word' id='word_1_114' title='bbox 918 2599 974 2648; x_wconf 78' lang='lat'>206.</span> 
     </span>
    </p>
   </div>
   <div class='ocr_carea' id='block_1_11' title="bbox 418 2677 943 2747">
    <p class='ocr_par' dir='ltr' id='par_1_11' title="bbox 418 2677 943 2747">
     <span class='ocr_line' id='line_1_18' title="bbox 418 2677 943 2747; baseline 0.002 -15"><span class='ocrx_word' id='word_1_115' title='bbox 418 2677 549 2746; x_wconf 69' lang='lat' dir='ltr'>Pontica,</span> <span class='ocrx_word' id='word_1_116' title='bbox 567 2677 631 2747; x_wconf 68' lang='lat' dir='ltr'>loy.</span> <span class='ocrx_word' id='word_1_117' title='bbox 644 2684 737 2747; x_wconf 62' lang='lat' dir='ltr'>rcere</span> <span class='ocrx_word' id='word_1_118' title='bbox 755 2679 851 2747; x_wconf 70' lang='lat' dir='ltr'>Rapa</span> <span class='ocrx_word' id='word_1_119' title='bbox 868 2685 943 2733; x_wconf 73' lang='lat' dir='ltr'>arsa.</span> 
     </span>
    </p>
   </div>
   <div class='ocr_carea' id='block_1_12' title="bbox 604 2874 1679 3088">
    <p class='ocr_par' dir='ltr' id='par_1_12' title="bbox 604 2874 1679 3088">
     <span class='ocr_line' id='line_1_19' title="bbox 604 2874 1679 2968; baseline 0.004 -19"><span class='ocrx_word' id='word_1_120' title='bbox 604 2875 805 2949; x_wconf 83' lang='lat' dir='ltr'>Manenti</span> <span class='ocrx_word' id='word_1_121' title='bbox 831 2878 933 2948; x_wconf 85' lang='lat' dir='ltr'>nato</span> <span class='ocrx_word' id='word_1_122' title='bbox 961 2876 1191 2968; x_wconf 87' lang='lat' dir='ltr'>quondam</span> <span class='ocrx_word' id='word_1_123' title='bbox 1217 2874 1440 2950; x_wconf 86' lang='lat' dir='ltr'>Manentis</span> <span class='ocrx_word' id='word_1_124' title='bbox 1466 2877 1679 2952; x_wconf 89' lang='lat' dir='ltr'>Rainaldi</span> 
     </span>
     <span class='ocr_line' id='line_1_20' title="bbox 936 2995 1339 3088; baseline 0.007 -21"><span class='ocrx_word' id='word_1_125' title='bbox 936 2995 1047 3069; x_wconf 88' lang='lat' dir='ltr'>civis</span> <span class='ocrx_word' id='word_1_126' title='bbox 1073 2995 1339 3088; x_wconf 88' lang='lat' dir='ltr'>Spoletani¹.</span> 
     </span>
    </p>
   </div>
   <div class='ocr_carea' id='block_1_13' title="bbox 234 3141 1966 4470">
    <p class='ocr_par' dir='ltr' id='par_1_13' title="bbox 314 3141 1966 3442">
     <span class='ocr_line' id='line_1_21' title="bbox 421 3141 1966 3231; baseline 0.003 -21"><span class='ocrx_word' id='word_1_127' title='bbox 421 3145 468 3210; x_wconf 90' lang='lat' dir='ltr'>Ut</span> <span class='ocrx_word' id='word_1_128' title='bbox 489 3145 670 3231; x_wconf 89' lang='lat' dir='ltr'>apostolice</span> <span class='ocrx_word' id='word_1_129' title='bbox 693 3141 781 3209; x_wconf 90' lang='lat' dir='ltr'>sedis</span> <span class='ocrx_word' id='word_1_130' title='bbox 805 3145 949 3230; x_wconf 88' lang='lat' dir='ltr'>gratiosa</span> <span class='ocrx_word' id='word_1_131' title='bbox 971 3143 1158 3230; x_wconf 78' lang='lat' dir='ltr'>benignitas</span> <span class='ocrx_word' id='word_1_132' title='bbox 1182 3165 1262 3230; x_wconf 91' lang='lat' dir='ltr'>erga</span> <span class='ocrx_word' id='word_1_133' title='bbox 1284 3151 1327 3227; x_wconf 85' lang='lat' dir='ltr'>te,</span> <span class='ocrx_word' id='word_1_134' title='bbox 1359 3166 1455 3230; x_wconf 93' lang='lat' dir='ltr'>quem</span> <span class='ocrx_word' id='word_1_135' title='bbox 1479 3147 1512 3211; x_wconf 90' lang='lat' dir='ltr'>in</span> <span class='ocrx_word' id='word_1_136' title='bbox 1536 3169 1629 3212; x_wconf 89' lang='lat' dir='ltr'>suum</span> <span class='ocrx_word' id='word_1_137' title='bbox 1654 3150 1795 3214; x_wconf 89' lang='lat' dir='ltr'>ecclesia</span> <span class='ocrx_word' id='word_1_138' title='bbox 1817 3147 1966 3216; x_wconf 90' lang='lat' dir='ltr'>Romana</span> 
     </span>
     <span class='ocr_line' id='line_1_22' title="bbox 314 3247 1965 3337; baseline 0.002 -22"><span class='ocrx_word' id='word_1_139' title='bbox 314 3251 461 3337; x_wconf 87' lang='lat' dir='ltr'>suscepit</span> <span class='ocrx_word' id='word_1_140' title='bbox 491 3249 696 3334; x_wconf 85' lang='lat' dir='ltr'>alumpnum,</span> <span class='ocrx_word' id='word_1_141' title='bbox 727 3248 826 3334; x_wconf 86' lang='lat' dir='ltr'>plena</span> <span class='ocrx_word' id='word_1_142' title='bbox 855 3247 1064 3334; x_wconf 91' lang='lat' dir='ltr'>prerogativa</span> <span class='ocrx_word' id='word_1_143' title='bbox 1091 3247 1211 3313; x_wconf 85' lang='lat' dir='ltr'>favoris</span> <span class='ocrx_word' id='word_1_144' title='bbox 1241 3269 1372 3335; x_wconf 88' lang='lat' dir='ltr'>semper</span> <span class='ocrx_word' id='word_1_145' title='bbox 1393 3255 1427 3314; x_wconf 94' lang='lat' dir='ltr'>te</span> <span class='ocrx_word' id='word_1_146' title='bbox 1449 3252 1619 3336; x_wconf 82' lang='lat' dir='ltr'>preveniat</span> <span class='ocrx_word' id='word_1_147' title='bbox 1648 3257 1682 3317; x_wconf 90' lang='lat' dir='ltr'>et</span> <span class='ocrx_word' id='word_1_148' title='bbox 1712 3258 1877 3336; x_wconf 90' lang='lat' dir='ltr'>sequatur,</span> <span class='ocrx_word' id='word_1_149' title='bbox 1907 3253 1965 3318; x_wconf 92' lang='lat' dir='ltr'>ob-</span> 
     </span>
     <span class='ocr_line' id='line_1_23' title="bbox 314 3350 1965 3442; baseline 0.002 -25"><span class='ocrx_word' id='word_1_150' title='bbox 314 3353 466 3439; x_wconf 90' lang='lat' dir='ltr'>sequiosa</span> <span class='ocrx_word' id='word_1_151' title='bbox 500 3353 657 3438; x_wconf 82' lang='lat' dir='ltr'>genitoris</span> <span class='ocrx_word' id='word_1_152' title='bbox 693 3352 741 3415; x_wconf 89' lang='lat' dir='ltr'>tui</span> <span class='ocrx_word' id='word_1_153' title='bbox 774 3350 861 3436; x_wconf 85' lang='lat' dir='ltr'>apud</span> <span class='ocrx_word' id='word_1_154' title='bbox 896 3372 956 3416; x_wconf 89' lang='lat' dir='ltr'>nos</span> <span class='ocrx_word' id='word_1_155' title='bbox 993 3352 1108 3416; x_wconf 88' lang='lat' dir='ltr'>merita</span> <span class='ocrx_word' id='word_1_156' title='bbox 1143 3351 1369 3438; x_wconf 89' lang='lat' dir='ltr'>interpellant,</span> <span class='ocrx_word' id='word_1_157' title='bbox 1407 3371 1480 3418; x_wconf 91' lang='lat' dir='ltr'>cum</span> <span class='ocrx_word' id='word_1_158' title='bbox 1512 3354 1575 3418; x_wconf 91' lang='lat' dir='ltr'>etsi</span> <span class='ocrx_word' id='word_1_159' title='bbox 1607 3353 1648 3419; x_wconf 95' lang='lat' dir='ltr'>ab</span> <span class='ocrx_word' id='word_1_160' title='bbox 1685 3355 1755 3420; x_wconf 90' lang='lat' dir='ltr'>eius</span> <span class='ocrx_word' id='word_1_161' title='bbox 1788 3356 1965 3442; x_wconf 86' lang='lat' dir='ltr'>primordio</span> 
     </span>
    </p>

    <p class='ocr_par' dir='ltr' id='par_1_14' title="bbox 234 3454 1966 4470">
     <span class='ocr_line' id='line_1_24' title="bbox 234 3454 1966 3541; baseline 0.001 -18"><span class='ocrx_word' id='word_1_162' title='bbox 234 3469 262 3509; x_wconf 70' lang='lat'>²⁰</span> <span class='ocrx_word' id='word_1_163' title='bbox 313 3457 491 3523; x_wconf 86' lang='lat' dir='ltr'>iuventutis</span> <span class='ocrx_word' id='word_1_164' title='bbox 522 3455 564 3521; x_wconf 90' lang='lat' dir='ltr'>ad</span> <span class='ocrx_word' id='word_1_165' title='bbox 592 3454 801 3539; x_wconf 84' lang='lat' dir='ltr'>exequenda,</span> <span class='ocrx_word' id='word_1_166' title='bbox 835 3475 898 3540; x_wconf 92' lang='lat' dir='ltr'>que</span> <span class='ocrx_word' id='word_1_167' title='bbox 935 3461 1055 3519; x_wconf 88' lang='lat' dir='ltr'>statum</span> <span class='ocrx_word' id='word_1_168' title='bbox 1091 3454 1180 3519; x_wconf 92' lang='lat' dir='ltr'>sedis</span> <span class='ocrx_word' id='word_1_169' title='bbox 1209 3454 1356 3541; x_wconf 87' lang='lat' dir='ltr'>predicte</span> <span class='ocrx_word' id='word_1_170' title='bbox 1384 3475 1421 3520; x_wconf 89' lang='lat' dir='ltr'>ac</span> <span class='ocrx_word' id='word_1_171' title='bbox 1452 3455 1501 3520; x_wconf 90' lang='lat' dir='ltr'>sui</span> <span class='ocrx_word' id='word_1_172' title='bbox 1531 3457 1711 3522; x_wconf 88' lang='lat' dir='ltr'>eommunis</span> <span class='ocrx_word' id='word_1_173' title='bbox 1740 3459 1904 3523; x_wconf 87' lang='lat' dir='ltr'>salubrem</span> <span class='ocrx_word' id='word_1_174' title='bbox 1933 3467 1966 3524; x_wconf 91' lang='lat' dir='ltr'>et</span> 
     </span>
     <span class='ocr_line' id='line_1_25' title="bbox 314 3557 1965 3645; baseline -0.001 -18"><span class='ocrx_word' id='word_1_175' title='bbox 314 3561 526 3627; x_wconf 85' lang='lat' dir='ltr'>honorificum</span> <span class='ocrx_word' id='word_1_176' title='bbox 549 3557 798 3643; x_wconf 89' lang='lat' dir='ltr'>contingebant,</span> <span class='ocrx_word' id='word_1_177' title='bbox 827 3557 1007 3622; x_wconf 79' lang='lat' dir='ltr'>ferventius</span> <span class='ocrx_word' id='word_1_178' title='bbox 1030 3557 1116 3622; x_wconf 89' lang='lat' dir='ltr'>iuter</span> <span class='ocrx_word' id='word_1_179' title='bbox 1143 3565 1271 3622; x_wconf 90' lang='lat' dir='ltr'>ceteros</span> <span class='ocrx_word' id='word_1_180' title='bbox 1301 3559 1469 3645; x_wconf 88' lang='lat' dir='ltr'>aspirarit,</span> <span class='ocrx_word' id='word_1_181' title='bbox 1499 3559 1546 3624; x_wconf 88' lang='lat' dir='ltr'>sic</span> <span class='ocrx_word' id='word_1_182' title='bbox 1575 3581 1667 3625; x_wconf 91' lang='lat' dir='ltr'>suum</span> <span class='ocrx_word' id='word_1_183' title='bbox 1696 3566 1804 3626; x_wconf 90' lang='lat' dir='ltr'>tamen</span> <span class='ocrx_word' id='word_1_184' title='bbox 1834 3581 1965 3628; x_wconf 88' lang='lat' dir='ltr'>cursum</span> 
     </span>
     <span class='ocr_line' id='line_1_26' title="bbox 314 3661 1963 3750; baseline 0 -19"><span class='ocrx_word' id='word_1_185' title='bbox 314 3667 456 3731; x_wconf 86' lang='lat' dir='ltr'>finaliter</span> <span class='ocrx_word' id='word_1_186' title='bbox 484 3663 712 3742; x_wconf 77' lang='lat' dir='ltr'>consumarit⁸,</span> <span class='ocrx_word' id='word_1_187' title='bbox 740 3667 777 3726; x_wconf 89' lang='lat' dir='ltr'>ut</span> <span class='ocrx_word' id='word_1_188' title='bbox 803 3666 861 3725; x_wconf 88' lang='lat' dir='ltr'>tua</span> <span class='ocrx_word' id='word_1_189' title='bbox 887 3667 921 3726; x_wconf 90' lang='lat' dir='ltr'>te</span> <span class='ocrx_word' id='word_1_190' title='bbox 953 3667 1030 3725; x_wconf 90' lang='lat' dir='ltr'>tunc</span> <span class='ocrx_word' id='word_1_191' title='bbox 1059 3661 1216 3746; x_wconf 87' lang='lat' dir='ltr'>genitrice</span> <span class='ocrx_word' id='word_1_192' title='bbox 1247 3663 1279 3726; x_wconf 89' lang='lat' dir='ltr'>in</span> <span class='ocrx_word' id='word_1_193' title='bbox 1303 3663 1378 3727; x_wconf 89' lang='lat' dir='ltr'>alvo</span> <span class='ocrx_word' id='word_1_194' title='bbox 1401 3668 1552 3747; x_wconf 89' lang='lat' dir='ltr'>gestante</span> <span class='ocrx_word' id='word_1_195' title='bbox 1575 3664 1683 3750; x_wconf 93' lang='lat' dir='ltr'>potius</span> <span class='ocrx_word' id='word_1_196' title='bbox 1708 3665 1846 3749; x_wconf 89' lang='lat' dir='ltr'>elegerit</span> <span class='ocrx_word' id='word_1_197' title='bbox 1868 3671 1963 3731; x_wconf 84' lang='lat' dir='ltr'>extra</span> 
     </span>
     <span class='ocr_line' id='line_1_27' title="bbox 314 3764 1964 3854; baseline 0.001 -21"><span class='ocrx_word' id='word_1_198' title='bbox 314 3771 401 3835; x_wconf 91' lang='lat' dir='ltr'>lares</span> <span class='ocrx_word' id='word_1_199' title='bbox 424 3769 547 3854; x_wconf 91' lang='lat' dir='ltr'>patrios</span> <span class='ocrx_word' id='word_1_200' title='bbox 570 3765 609 3830; x_wconf 90' lang='lat' dir='ltr'>ad</span> <span class='ocrx_word' id='word_1_201' title='bbox 634 3764 773 3846; x_wconf 86' lang='lat' dir='ltr'>Urbem,</span> <span class='ocrx_word' id='word_1_202' title='bbox 808 3765 841 3829; x_wconf 92' lang='lat' dir='ltr'>in</span> <span class='ocrx_word' id='word_1_203' title='bbox 868 3785 934 3850; x_wconf 93' lang='lat' dir='ltr'>qua</span> <span class='ocrx_word' id='word_1_204' title='bbox 956 3771 1196 3850; x_wconf 86' lang='lat' dir='ltr'>consequenter</span> <span class='ocrx_word' id='word_1_205' title='bbox 1218 3765 1295 3830; x_wconf 85' lang='lat' dir='ltr'>exul</span> <span class='ocrx_word' id='word_1_206' title='bbox 1319 3766 1412 3846; x_wconf 85' lang='lat' dir='ltr'>obiit,</span> <span class='ocrx_word' id='word_1_207' title='bbox 1442 3766 1503 3830; x_wconf 92' lang='lat' dir='ltr'>sub</span> <span class='ocrx_word' id='word_1_208' title='bbox 1531 3766 1591 3830; x_wconf 88' lang='lat' dir='ltr'>alia</span> <span class='ocrx_word' id='word_1_209' title='bbox 1614 3773 1799 3832; x_wconf 90' lang='lat' dir='ltr'>moraturus</span> <span class='ocrx_word' id='word_1_210' title='bbox 1823 3770 1964 3834; x_wconf 88' lang='lat' dir='ltr'>ecclesie</span> 
     </span>
     <span class='ocr_line' id='line_1_28' title="bbox 315 3867 1965 3956; baseline -0.001 -18"><span class='ocrx_word' id='word_1_211' title='bbox 315 3895 351 3938; x_wconf 90' lang='lat' dir='ltr'>ss</span> <span class='ocrx_word' id='word_1_212' title='bbox 378 3872 572 3952; x_wconf 84' lang='lat' dir='ltr'>transferre,</span> <span class='ocrx_word' id='word_1_213' title='bbox 604 3889 700 3955; x_wconf 88' lang='lat' dir='ltr'>quam</span> <span class='ocrx_word' id='word_1_214' title='bbox 732 3867 817 3954; x_wconf 91' lang='lat' dir='ltr'>quod</span> <span class='ocrx_word' id='word_1_215' title='bbox 849 3867 947 3932; x_wconf 86' lang='lat' dir='ltr'>fidem</span> <span class='ocrx_word' id='word_1_216' title='bbox 976 3867 1064 3934; x_wconf 91' lang='lat' dir='ltr'>sedis</span> <span class='ocrx_word' id='word_1_217' title='bbox 1096 3877 1231 3954; x_wconf 89' lang='lat' dir='ltr'>negaret</span> <span class='ocrx_word' id='word_1_218' title='bbox 1261 3868 1407 3934; x_wconf 90' lang='lat' dir='ltr'>eiusdem</span> <span class='ocrx_word' id='word_1_219' title='bbox 1435 3890 1474 3933; x_wconf 88' lang='lat' dir='ltr'>ac</span> <span class='ocrx_word' id='word_1_220' title='bbox 1501 3869 1619 3956; x_wconf 84' lang='lat' dir='ltr'>prefati</span> <span class='ocrx_word' id='word_1_221' title='bbox 1648 3872 1843 3952; x_wconf 88' lang='lat' dir='ltr'>communis,</span> <span class='ocrx_word' id='word_1_222' title='bbox 1873 3873 1965 3936; x_wconf 90' lang='lat' dir='ltr'>cuius</span> 
     </span>
     <span class='ocr_line' id='line_1_29' title="bbox 237 3972 1965 4061; baseline 0 -20"><span class='ocrx_word' id='word_1_223' title='bbox 237 3985 261 4024; x_wconf 81' lang='lat'>²⁵</span> <span class='ocrx_word' id='word_1_224' title='bbox 315 3977 457 4041; x_wconf 86' lang='lat' dir='ltr'>futurum</span> <span class='ocrx_word' id='word_1_225' title='bbox 481 3972 675 4060; x_wconf 88' lang='lat' dir='ltr'>previdebat</span> <span class='ocrx_word' id='word_1_226' title='bbox 697 3973 846 4052; x_wconf 88' lang='lat' dir='ltr'>exitium,</span> <span class='ocrx_word' id='word_1_227' title='bbox 869 3977 1038 4057; x_wconf 86' lang='lat' dir='ltr'>pateretur</span> <span class='ocrx_word' id='word_1_228' title='bbox 1061 3972 1189 4037; x_wconf 83' lang='lat' dir='ltr'>excidio</span> <span class='ocrx_word' id='word_1_229' title='bbox 1213 3974 1408 4054; x_wconf 87' lang='lat' dir='ltr'>consentire,</span> <span class='ocrx_word' id='word_1_230' title='bbox 1433 3972 1516 4058; x_wconf 89' lang='lat' dir='ltr'>quod</span> <span class='ocrx_word' id='word_1_231' title='bbox 1541 3980 1618 4038; x_wconf 90' lang='lat' dir='ltr'>tuno</span> <span class='ocrx_word' id='word_1_232' title='bbox 1641 3974 1799 4061; x_wconf 91' lang='lat' dir='ltr'>temporis</span> <span class='ocrx_word' id='word_1_233' title='bbox 1815 3975 1965 4061; x_wconf 88' lang='lat' dir='ltr'>publicus</span> 
     </span>
     <span class='ocr_line' id='line_1_30' title="bbox 315 4073 1966 4167; baseline -0.001 -21"><span class='ocrx_word' id='word_1_234' title='bbox 315 4081 411 4146; x_wconf 89' lang='lat' dir='ltr'>Italie</span> <span class='ocrx_word' id='word_1_235' title='bbox 434 4086 626 4167; x_wconf 88' lang='lat' dir='ltr'>persecutor</span> <span class='ocrx_word' id='word_1_236' title='bbox 649 4076 690 4142; x_wconf 91' lang='lat' dir='ltr'>de</span> <span class='ocrx_word' id='word_1_237' title='bbox 714 4099 774 4142; x_wconf 89' lang='lat' dir='ltr'>sua</span> <span class='ocrx_word' id='word_1_238' title='bbox 797 4077 930 4142; x_wconf 88' lang='lat' dir='ltr'>civitate</span> <span class='ocrx_word' id='word_1_239' title='bbox 954 4077 1086 4162; x_wconf 91' lang='lat' dir='ltr'>suisque</span> <span class='ocrx_word' id='word_1_240' title='bbox 1107 4073 1281 4162; x_wconf 89' lang='lat' dir='ltr'>perdendis</span> <span class='ocrx_word' id='word_1_241' title='bbox 1298 4076 1486 4141; x_wconf 88' lang='lat' dir='ltr'>concivibus</span> <span class='ocrx_word' id='word_1_242' title='bbox 1504 4076 1757 4164; x_wconf 87' lang='lat' dir='ltr'>dampnabiliter</span> <span class='ocrx_word' id='word_1_243' title='bbox 1772 4078 1966 4145; x_wconf 85' lang='lat' dir='ltr'>venabatur.</span> 
     </span>
     <span class='ocr_line' id='line_1_31' title="bbox 314 4181 1965 4270; baseline -0.001 -22"><span class='ocrx_word' id='word_1_244' title='bbox 314 4183 499 4270; x_wconf 80' lang='lat' dir='ltr'>Eapropter</span> <span class='ocrx_word' id='word_1_245' title='bbox 513 4183 696 4248; x_wconf 89' lang='lat' dir='ltr'>condecens</span> <span class='ocrx_word' id='word_1_246' title='bbox 713 4189 747 4246; x_wconf 91' lang='lat' dir='ltr'>et</span> <span class='ocrx_word' id='word_1_247' title='bbox 769 4201 950 4266; x_wconf 88' lang='lat' dir='ltr'>congruum</span> <span class='ocrx_word' id='word_1_248' title='bbox 972 4181 1192 4262; x_wconf 88' lang='lat' dir='ltr'>attendentes,</span> <span class='ocrx_word' id='word_1_249' title='bbox 1216 4187 1252 4245; x_wconf 91' lang='lat' dir='ltr'>nt</span> <span class='ocrx_word' id='word_1_250' title='bbox 1274 4182 1305 4245; x_wconf 91' lang='lat' dir='ltr'>in</span> <span class='ocrx_word' id='word_1_251' title='bbox 1328 4187 1362 4246; x_wconf 91' lang='lat' dir='ltr'>te</span> <span class='ocrx_word' id='word_1_252' title='bbox 1385 4186 1521 4267; x_wconf 89' lang='lat' dir='ltr'>paterne</span> <span class='ocrx_word' id='word_1_253' title='bbox 1544 4181 1781 4246; x_wconf 87' lang='lat' dir='ltr'>benedictionis</span> <span class='ocrx_word' id='word_1_254' title='bbox 1804 4188 1837 4247; x_wconf 91' lang='lat' dir='ltr'>et</span> <span class='ocrx_word' id='word_1_255' title='bbox 1859 4184 1965 4268; x_wconf 90' lang='lat' dir='ltr'>gratie</span> 
     </span>
     <span class='ocr_line' id='line_1_32' title="bbox 314 4283 1964 4371; baseline -0.001 -19"><span class='ocrx_word' id='word_1_256' title='bbox 314 4287 356 4352; x_wconf 91' lang='lat' dir='ltr'>ab</span> <span class='ocrx_word' id='word_1_257' title='bbox 376 4288 518 4354; x_wconf 87' lang='lat' dir='ltr'>ecclesia</span> <span class='ocrx_word' id='word_1_258' title='bbox 533 4286 683 4351; x_wconf 86' lang='lat' dir='ltr'>Romana</span> <span class='ocrx_word' id='word_1_259' title='bbox 705 4291 841 4370; x_wconf 88' lang='lat' dir='ltr'>propter</span> <span class='ocrx_word' id='word_1_260' title='bbox 863 4283 924 4348; x_wconf 92' lang='lat' dir='ltr'>boc</span> <span class='ocrx_word' id='word_1_261' title='bbox 946 4283 1119 4348; x_wconf 91' lang='lat' dir='ltr'>retributio</span> <span class='ocrx_word' id='word_1_262' title='bbox 1142 4285 1286 4368; x_wconf 87' lang='lat' dir='ltr'>gratuita</span> <span class='ocrx_word' id='word_1_263' title='bbox 1308 4283 1509 4363; x_wconf 81' lang='lat' dir='ltr'>refundatur,</span> <span class='ocrx_word' id='word_1_264' title='bbox 1532 4287 1727 4349; x_wconf 88' lang='lat' dir='ltr'>auctoritate</span> <span class='ocrx_word' id='word_1_265' title='bbox 1750 4284 1810 4349; x_wconf 93' lang='lat' dir='ltr'>tibi</span> <span class='ocrx_word' id='word_1_266' title='bbox 1832 4293 1964 4371; x_wconf 88' lang='lat' dir='ltr'>aposto-</span> 
     </span>
     <span class='ocr_line' id='line_1_33' title="bbox 313 4387 1965 4470; baseline -0.001 -14"><span class='ocrx_word' id='word_1_267' title='bbox 313 4393 377 4458; x_wconf 89' lang='lat' dir='ltr'>lica</span> <span class='ocrx_word' id='word_1_268' title='bbox 398 4391 551 4456; x_wconf 86' lang='lat' dir='ltr'>duximus</span> <span class='ocrx_word' id='word_1_269' title='bbox 582 4387 842 4468; x_wconf 89' lang='lat' dir='ltr'>concedendum,</span> <span class='ocrx_word' id='word_1_270' title='bbox 872 4394 909 4452; x_wconf 95' lang='lat' dir='ltr'>ut</span> <span class='ocrx_word' id='word_1_271' title='bbox 936 4387 1101 4467; x_wconf 87' lang='lat' dir='ltr'>homines,</span> <span class='ocrx_word' id='word_1_272' title='bbox 1129 4388 1304 4468; x_wconf 88' lang='lat' dir='ltr'>vassallos,</span> <span class='ocrx_word' id='word_1_273' title='bbox 1334 4394 1457 4467; x_wconf 89' lang='lat' dir='ltr'>castra,</span> <span class='ocrx_word' id='word_1_274' title='bbox 1483 4388 1595 4468; x_wconf 84' lang='lat' dir='ltr'>villas,</span> <span class='ocrx_word' id='word_1_275' title='bbox 1626 4397 1660 4452; x_wconf 87' lang='lat' dir='ltr'>et</span> <span class='ocrx_word' id='word_1_276' title='bbox 1689 4389 1754 4451; x_wconf 89' lang='lat' dir='ltr'>alia</span> <span class='ocrx_word' id='word_1_277' title='bbox 1782 4388 1870 4454; x_wconf 92' lang='lat' dir='ltr'>bona</span> <span class='ocrx_word' id='word_1_278' title='bbox 1897 4396 1965 4470; x_wconf 88' lang='lat' dir='ltr'>tua,</span> 
     </span>
    </p>
   </div>
   <div class='ocr_carea' id='block_1_14' title="bbox 236 4485 2089 4582">
    <p class='ocr_par' dir='ltr' id='par_1_15' title="bbox 236 4485 2089 4582">
     <span class='ocr_line' id='line_1_34' title="bbox 236 4485 2089 4582; baseline -0.004 -21"><span class='ocrx_word' id='word_1_279' title='bbox 236 4508 261 4548; x_wconf 74' lang='lat'>³⁰</span> <span class='ocrx_word' id='word_1_280' title='bbox 314 4492 588 4582; x_wconf 86' lang='lat' dir='ltr'>quemadmodum</span> <span class='ocrx_word' id='word_1_281' title='bbox 616 4492 702 4558; x_wconf 88' lang='lat' dir='ltr'>idem</span> <span class='ocrx_word' id='word_1_282' title='bbox 731 4499 826 4578; x_wconf 89' lang='lat' dir='ltr'>pater</span> <span class='ocrx_word' id='word_1_283' title='bbox 853 4498 929 4557; x_wconf 91' lang='lat' dir='ltr'>tuus</span> <span class='ocrx_word' id='word_1_284' title='bbox 960 4513 1018 4578; x_wconf 92' lang='lat' dir='ltr'>pro</span> <span class='ocrx_word' id='word_1_285' title='bbox 1047 4512 1083 4556; x_wconf 88' lang='lat' dir='ltr'>se</span> <span class='ocrx_word' id='word_1_286' title='bbox 1112 4492 1155 4556; x_wconf 92' lang='lat' dir='ltr'>ab</span> <span class='ocrx_word' id='word_1_287' title='bbox 1186 4491 1336 4556; x_wconf 89' lang='lat' dir='ltr'>omnibns</span> <span class='ocrx_word' id='word_1_288' title='bbox 1366 4491 1517 4571; x_wconf 90' lang='lat' dir='ltr'>alterins,</span> <span class='ocrx_word' id='word_1_289' title='bbox 1551 4498 1618 4556; x_wconf 91' lang='lat' dir='ltr'>tam</span> <span class='ocrx_word' id='word_1_290' title='bbox 1653 4490 1832 4555; x_wconf 89' lang='lat' dir='ltr'>communis</span> <span class='ocrx_word' id='word_1_291' title='bbox 1866 4511 1964 4575; x_wconf 90' lang='lat' dir='ltr'>quam</span> <span class='ocrx_word' id='word_1_292' title='bbox 2087 4485 2089 4490; x_wconf 67' lang='grc'><strong>’</strong></span> 
     </span>
    </p>
   </div>
   <div class='ocr_carea' id='block_1_15' title="bbox 313 4593 1965 4991">
    <p class='ocr_par' dir='ltr' id='par_1_16' title="bbox 313 4593 1965 4991">
     <span class='ocr_line' id='line_1_35' title="bbox 313 4593 1965 4684; baseline -0.003 -21"><span class='ocrx_word' id='word_1_293' title='bbox 313 4618 451 4684; x_wconf 88' lang='lat' dir='ltr'>persone</span> <span class='ocrx_word' id='word_1_294' title='bbox 467 4595 597 4684; x_wconf 89' lang='lat' dir='ltr'>publice</span> <span class='ocrx_word' id='word_1_295' title='bbox 613 4597 667 4661; x_wconf 91' lang='lat' dir='ltr'>vel</span> <span class='ocrx_word' id='word_1_296' title='bbox 690 4596 825 4681; x_wconf 89' lang='lat' dir='ltr'>privata,</span> <span class='ocrx_word' id='word_1_297' title='bbox 850 4595 1003 4676; x_wconf 89' lang='lat' dir='ltr'>servitiis,</span> <span class='ocrx_word' id='word_1_298' title='bbox 1026 4595 1253 4660; x_wconf 85' lang='lat' dir='ltr'>exactionibus</span> <span class='ocrx_word' id='word_1_299' title='bbox 1276 4602 1311 4660; x_wconf 90' lang='lat' dir='ltr'>et</span> <span class='ocrx_word' id='word_1_300' title='bbox 1333 4595 1478 4660; x_wconf 87' lang='lat' dir='ltr'>collectis</span> <span class='ocrx_word' id='word_1_301' title='bbox 1502 4593 1619 4660; x_wconf 89' lang='lat' dir='ltr'>eadem</span> <span class='ocrx_word' id='word_1_302' title='bbox 1641 4594 1781 4659; x_wconf 90' lang='lat' dir='ltr'>obtinuit</span> <span class='ocrx_word' id='word_1_303' title='bbox 1804 4593 1965 4658; x_wconf 84' lang='lat' dir='ltr'>liberast</span> 
     </span>
     <span class='ocr_line' id='line_1_36' title="bbox 313 4697 1964 4787; baseline -0.004 -21"><span class='ocrx_word' id='word_1_304' title='bbox 313 4707 481 4787; x_wconf 86' lang='lat' dir='ltr'>exempta,</span> <span class='ocrx_word' id='word_1_305' title='bbox 511 4699 609 4764; x_wconf 88' lang='lat' dir='ltr'>simili</span> <span class='ocrx_word' id='word_1_306' title='bbox 636 4703 724 4763; x_wconf 91' lang='lat' dir='ltr'>statu</span> <span class='ocrx_word' id='word_1_307' title='bbox 753 4711 785 4763; x_wconf 92' lang='lat' dir='ltr'>et</span> <span class='ocrx_word' id='word_1_308' title='bbox 815 4698 930 4764; x_wconf 90' lang='lat' dir='ltr'>eadem</span> <span class='ocrx_word' id='word_1_309' title='bbox 960 4698 1113 4764; x_wconf 87' lang='lat' dir='ltr'>libertate</span> <span class='ocrx_word' id='word_1_310' title='bbox 1141 4699 1277 4784; x_wconf 87' lang='lat' dir='ltr'>pacifice</span> <span class='ocrx_word' id='word_1_311' title='bbox 1306 4698 1478 4784; x_wconf 87' lang='lat' dir='ltr'>possideas</span> <span class='ocrx_word' id='word_1_312' title='bbox 1502 4705 1535 4763; x_wconf 92' lang='lat' dir='ltr'>et</span> <span class='ocrx_word' id='word_1_313' title='bbox 1558 4697 1684 4783; x_wconf 87' lang='lat' dir='ltr'>quiete,</span> <span class='ocrx_word' id='word_1_314' title='bbox 1716 4702 1899 4763; x_wconf 87' lang='lat' dir='ltr'>statuentes</span> <span class='ocrx_word' id='word_1_315' title='bbox 1922 4717 1964 4761; x_wconf 93' lang='lat' dir='ltr'>ne</span> 
     </span>
     <span class='ocr_line' id='line_1_37' title="bbox 314 4799 1964 4890; baseline -0.004 -21"><span class='ocrx_word' id='word_1_316' title='bbox 314 4805 483 4890; x_wconf 90' lang='lat' dir='ltr'>quisquam</span> <span class='ocrx_word' id='word_1_317' title='bbox 519 4802 639 4867; x_wconf 88' lang='lat' dir='ltr'>audeat</span> <span class='ocrx_word' id='word_1_318' title='bbox 678 4801 709 4866; x_wconf 90' lang='lat' dir='ltr'>in</span> <span class='ocrx_word' id='word_1_319' title='bbox 749 4802 917 4888; x_wconf 91' lang='lat' dir='ltr'>premissis</span> <span class='ocrx_word' id='word_1_320' title='bbox 956 4803 1052 4867; x_wconf 85' lang='lat' dir='ltr'>aliter</span> <span class='ocrx_word' id='word_1_321' title='bbox 1090 4823 1188 4887; x_wconf 91' lang='lat' dir='ltr'>quam</span> <span class='ocrx_word' id='word_1_322' title='bbox 1220 4803 1323 4888; x_wconf 88' lang='lat' dir='ltr'>patris</span> <span class='ocrx_word' id='word_1_323' title='bbox 1355 4801 1404 4865; x_wconf 88' lang='lat' dir='ltr'>tui</span> <span class='ocrx_word' id='word_1_324' title='bbox 1437 4807 1586 4886; x_wconf 86' lang='lat' dir='ltr'>tempore</span> <span class='ocrx_word' id='word_1_325' title='bbox 1619 4799 1877 4865; x_wconf 89' lang='lat' dir='ltr'>iurisdictionem</span> <span class='ocrx_word' id='word_1_326' title='bbox 1911 4800 1964 4865; x_wconf 86' lang='lat' dir='ltr'>vel</span> 
     </span>
     <span class='ocr_line' id='line_1_38' title="bbox 315 4903 1963 4991; baseline -0.002 -18"><span class='ocrx_word' id='word_1_327' title='bbox 315 4909 521 4973; x_wconf 84' lang='lat' dir='ltr'>exactionem</span> <span class='ocrx_word' id='word_1_328' title='bbox 544 4906 684 4991; x_wconf 89' lang='lat' dir='ltr'>aliquam</span> <span class='ocrx_word' id='word_1_329' title='bbox 710 4926 876 4971; x_wconf 83' lang='lat' dir='ltr'>exercere.</span> <span class='ocrx_word' id='word_1_330' title='bbox 915 4906 1004 4970; x_wconf 90' lang='lat' dir='ltr'>Nulli</span> <span class='ocrx_word' id='word_1_331' title='bbox 1028 4925 1107 4990; x_wconf 92' lang='lat' dir='ltr'>ergo</span> <span class='ocrx_word' id='word_1_332' title='bbox 1130 4911 1192 4970; x_wconf 91' lang='lat' dir='ltr'>eto.</span> <span class='ocrx_word' id='word_1_333' title='bbox 1216 4911 1327 4970; x_wconf 90' lang='lat' dir='ltr'>nostre</span> <span class='ocrx_word' id='word_1_334' title='bbox 1352 4905 1571 4969; x_wconf 88' lang='lat' dir='ltr'>concessionis</span> <span class='ocrx_word' id='word_1_335' title='bbox 1595 4910 1629 4969; x_wconf 89' lang='lat' dir='ltr'>et</span> <span class='ocrx_word' id='word_1_336' title='bbox 1645 4903 1884 4969; x_wconf 89' lang='lat' dir='ltr'>constitutionis</span> <span class='ocrx_word' id='word_1_337' title='bbox 1902 4909 1963 4970; x_wconf 88' lang='lat' dir='ltr'>etc.</span> 
     </span>
    </p>
   </div>
   <div class='ocr_carea' id='block_1_16' title="bbox 235 5024 1611 5233">
    <p class='ocr_par' dir='ltr' id='par_1_17' title="bbox 235 5024 1611 5233">
     <span class='ocr_line' id='line_1_39' title="bbox 235 5024 1218 5112; baseline -0.006 -19"><span class='ocrx_word' id='word_1_338' title='bbox 235 5041 261 5082; x_wconf 71' lang='lat'>³⁵</span> <span class='ocrx_word' id='word_1_339' title='bbox 423 5027 500 5092; x_wconf 88' lang='lat' dir='ltr'>Dat.</span> <span class='ocrx_word' id='word_1_340' title='bbox 521 5026 685 5112; x_wconf 88' lang='lat' dir='ltr'>Lugduni,</span> <span class='ocrx_word' id='word_1_341' title='bbox 707 5025 789 5090; x_wconf 92' lang='lat' dir='ltr'>Non.</span> <span class='ocrx_word' id='word_1_342' title='bbox 813 5024 1020 5106; x_wconf 89' lang='lat' dir='ltr'>Novembris,</span> <span class='ocrx_word' id='word_1_343' title='bbox 1043 5025 1218 5090; x_wconf 87' lang='lat' dir='ltr'>annoV10.</span> 
     </span>
     <span class='ocr_line' id='line_1_40' title="bbox 421 5143 1611 5233; baseline -0.003 -19"><span class='ocrx_word' id='word_1_344' title='bbox 421 5148 528 5214; x_wconf 89' lang='lat' dir='ltr'>Datus</span> <span class='ocrx_word' id='word_1_345' title='bbox 555 5153 606 5214; x_wconf 88' lang='lat' dir='ltr'>ast</span> <span class='ocrx_word' id='word_1_346' title='bbox 629 5148 660 5212; x_wconf 90' lang='lat' dir='ltr'>ci</span> <span class='ocrx_word' id='word_1_347' title='bbox 683 5168 781 5233; x_wconf 91' lang='lat' dir='ltr'>super</span> <span class='ocrx_word' id='word_1_348' title='bbox 804 5147 864 5212; x_wconf 93' lang='lat' dir='ltr'>hoc</span> <span class='ocrx_word' id='word_1_349' title='bbox 888 5153 1100 5212; x_wconf 87' lang='lat' dir='ltr'>conservator</span> <span class='ocrx_word' id='word_1_350' title='bbox 1123 5195 1157 5212; x_wconf 89' lang='lat'>..</span> <span class='ocrx_word' id='word_1_351' title='bbox 1180 5146 1355 5232; x_wconf 90' lang='lat' dir='ltr'>episcopus</span> <span class='ocrx_word' id='word_1_352' title='bbox 1380 5143 1611 5231; x_wconf 79' lang='lat' dir='ltr'>Spoletanns².</span> 
     </span>
    </p>
   </div>
   <div class='ocr_carea' id='block_1_17' title="bbox 1666 5319 1860 5328">
    <p class='ocr_par' dir='ltr' id='par_1_18' title="bbox 1666 5319 1860 5328">
     <span class='ocr_line' id='line_1_41' title="bbox 1666 5319 1860 5328; baseline 0.005 -2"><span class='ocrx_word' id='word_1_353' title='bbox 1666 5319 1860 5328; x_wconf 80' lang='lat'><strong>.—..-—-..-—</strong></span> 
     </span>
    </p>
   </div>
   <div class='ocr_carea' id='block_1_18' title="bbox 416 5442 672 5508">
    <p class='ocr_par' dir='ltr' id='par_1_19' title="bbox 416 5442 672 5508">
     <span class='ocr_line' id='line_1_42' title="bbox 416 5442 672 5508; baseline -0.008 -13"><span class='ocrx_word' id='word_1_354' title='bbox 416 5445 440 5508; x_wconf 59' lang='grc' dir='ltr'>ὓ)</span> <span class='ocrx_word' id='word_1_355' title='bbox 458 5443 619 5496; x_wconf 82' lang='lat' dir='ltr'>consrrmavit</span> <span class='ocrx_word' id='word_1_356' title='bbox 639 5442 672 5493; x_wconf 77' lang='lat'>12.</span> 
     </span>
    </p>
   </div>
   <div class='ocr_carea' id='block_1_19' title="bbox 418 5574 978 5648">
    <p class='ocr_par' dir='ltr' id='par_1_20' title="bbox 418 5574 978 5648">
     <span class='ocr_line' id='line_1_43' title="bbox 418 5574 978 5648; baseline -0.011 -14"><span class='ocrx_word' id='word_1_357' title='bbox 418 5583 443 5648; x_wconf 83' lang='lat'>1)</span> <span class='ocrx_word' id='word_1_358' title='bbox 464 5579 501 5646; x_wconf 76' lang='lat' dir='ltr'>Of.</span> <span class='ocrx_word' id='word_1_359' title='bbox 520 5594 548 5631; x_wconf 89' lang='lat' dir='ltr'>n.</span> <span class='ocrx_word' id='word_1_360' title='bbox 560 5585 616 5632; x_wconf 78' lang='lat'>694.</span> <span class='ocrx_word' id='word_1_361' title='bbox 704 5579 733 5643; x_wconf 71' lang='lat'>2)</span> <span class='ocrx_word' id='word_1_362' title='bbox 752 5574 978 5636; x_wconf 71' lang='lat' dir='ltr'>Bartholomaeus,</span> 
     </span>
    </p>
   </div>
   <div class='ocr_carea' id='block_1_20' title="bbox 0 0 2396 6326">
    <p class='ocr_par' dir='ltr' id='par_1_21' title="bbox 0 0 2396 6326">
     <span class='ocr_line' id='line_1_44' title="bbox 0 0 2396 6326; baseline 0 0"><span class='ocrx_word' id='word_1_363' title='bbox 0 0 2396 6326; x_wconf 95' lang='lat' dir='ltr'> </span> 
     </span>
    </p>
   </div>
  </div>
 </body>
</html>
