4328 6232
850 347 1050 403 EPISTOLAE
1068 349 1258 404 subacuta.
1295 350 1371 405 1246.
1419 369 1424 374 ·
1874 358 1935 419 147

285 522 478 595 electionem
494 520 616 607 prefati
630 521 789 607 prepositi
807 520 971 607 Spirensis
993 522 1182 587 inveneritis
1205 525 1360 588 canonice
1378 523 1419 589 de
1435 544 1576 609 persona
1591 523 1709 588 idonea
1725 525 1935 603 celebratam,

284 626 399 712 ipsam,
434 632 611 711 postquam
640 623 728 689 idem
755 625 945 710 prepositus
969 623 1075 690 eidem
1107 627 1260 692 electioni
1291 628 1513 708 consenserit,
1546 636 1677 693 cassata
1707 630 1769 693 rito
1799 631 1937 714 reliqua,

284 729 492 807 continuatis,
516 731 690 815 ipsumque
714 729 747 792 in
770 730 976 814 corporalem
999 732 1240 816 possessionem
1264 733 1474 819 episcopatus
1498 732 1750 820 Ratisponenais
1774 734 1935 801 inducatis

283 839 314 896 et
339 831 529 898 defendatis
561 831 745 911 inductum,
775 831 935 897 facientes
964 834 995 898 ei
1024 833 1066 898 ab
1096 834 1257 898 universis
1290 841 1323 900 et
1354 837 1492 921 singulis
1524 837 1662 901 subditis
1684 837 1935 924 Ratisponensis

282 936 420 1001 ecclesie
451 937 675 1003 obedientiam
705 943 739 1002 et
771 937 992 1001 reverentiam
1021 936 1165 1002 debitam
1197 936 1348 1003 exhiberi
1380 961 1418 1004 ac
1449 939 1557 1005 eidem
1589 940 1693 1005 electo
1723 962 1783 1027 per
1810 941 1935 1005 vicinos

281 1041 454 1127 episcopos
478 1061 596 1105 munus
617 1040 873 1106 consecrationis
900 1039 1058 1126 impendi3
1088 1040 1345 1107 contradictores
1369 1050 1431 1108 cto.
1477 1042 1512 1106 Si
1535 1064 1611 1108 vero
1636 1065 1734 1130 super
1758 1044 1931 1109 electionis

281 1143 428 1228 predicte
457 1165 614 1230 processu
648 1143 771 1229 aliquid
800 1142 977 1206 dubietatis
1002 1144 1054 1208 vel
1078 1142 1279 1208 difficultatis
1304 1147 1490 1227 emerserit,
1522 1148 1690 1232 negotium
1718 1148 1823 1233 ipsum
1847 1147 1936 1211 suffi-

282 1249 407 1312 cienter
436 1249 631 1313 instructum
663 1246 704 1312 ad
736 1267 796 1311 nos
827 1246 913 1311 infra
946 1247 1042 1311 unius
1075 1249 1198 1312 mensis
1231 1250 1373 1336 spatium
1409 1251 1601 1331 remittatis,
1638 1251 1837 1338 prefigentes
1874 1249 1935 1313 hiis

282 1370 418 1436 quorum
454 1352 614 1417 interesse
647 1351 809 1432 videritis,
842 1352 1018 1416 terminum
1049 1353 1305 1440 peremptorium
1338 1359 1598 1440 competentem,
1633 1377 1696 1441 quo
1730 1375 1788 1441 per
1818 1376 1854 1419 se
1885 1356 1937 1417 vol

233 1480 244 1507 ι
281 1461 511 1540 procuratores
534 1456 672 1523 idoneos
696 1477 769 1521 cum
790 1455 941 1520 omnibus
965 1456 1145 1521 rationibus
1168 1464 1202 1523 et
1224 1459 1434 1523 munimentis
1458 1480 1571 1524 eorum
1595 1464 1805 1543 compareant
1828 1477 1937 1521 coram

280 1559 384 1638 nobis,
407 1559 526 1625 tacturi
549 1567 583 1626 et
606 1559 770 1645 recepturi
790 1557 878 1644 quod
901 1559 1078 1645 superbos
1094 1560 1285 1626 duxerimus
1301 1562 1527 1628 ordinandum.
1563 1561 1699 1626 Interim
1719 1567 1829 1627 autem
1850 1560 1937 1625 bona

281 1664 486 1751 episcopatus
508 1653 760 1752 Rati'aponensia
783 1663 934 1744 ecclesie,
959 1685 1021 1749 que
1045 1665 1143 1731 illesa
1166 1667 1352 1731 conservari
1376 1667 1534 1747 volumus,
1565 1667 1701 1731 alienari
1724 1666 1786 1743 vel,
1799 1663 1937 1729 distrahi

280 1768 412 1832 minime
436 1768 645 1855 permittatis,
668 1767 890 1833 temeritatem
912 1788 1041 1848 eorum,
1070 1770 1124 1855 qui
1149 1771 1376 1835 contravenire
1400 1771 1647 1855 temptaverint,
1680 1788 1935 1855 percensuram

281 1870 541 1937 ecclesiasticam
564 1870 785 1957 appellatione
808 1872 991 1958 postposita
1015 1880 1274 1959 compescentes.
1321 1874 1428 1959 Super
1452 1874 1608 1959 expensis
1624 1894 1703 1938 vcro
1719 1870 1936 1937 resarciendis

219 1997 237 2033 c
281 1973 429 2039 alterutri
451 1975 603 2061 partium,
625 1975 712 2061 quod
735 1976 858 2041 iustum
880 1976 987 2058 fuerit,
1012 1979 1178 2055 statuatis,
1202 1978 1360 2044 facientes
1384 1978 1471 2063 quod
1481 1977 1699 2043 ¹decreveritis
1715 1983 1778 2041 etc.
1818 1975 1936 2040 Testes

280 2083 390 2141 autem
414 2084 477 2144 etc.
501 2115 543 2126 -
565 2098 631 2145 non
653 2078 806 2144 obstante
830 2080 1062 2146 constitutione
1086 2081 1127 2147 de
1152 2081 1280 2146 duabus
1303 2079 1401 2146 dietis
1425 2087 1486 2147 etc.

387 2196 466 2266 Dat.
488 2198 652 2285 Lugduni,
676 2200 789 2266 Idibus
812 2199 906 2280 Iunii,
930 2222 1016 2267 anno
1039 2201 1117 2266 111¹.

898 2531 1310 2541 -—-—-——-———

1063 2862 1146 2934 193.

383 2976 603 3070 Innocentius
622 2999 646 3066 1
649 2999 680 3064 V
691 3020 782 3083 papa
802 2997 986 3086 [Geumi]
1015 2998 1154 3080 eptseopo
1185 2996 1404 3063 Gamoromnst
1433 2998 1582 3077 concedit,
1611 3003 1647 3063 nt
1674 3003 1782 3065 contro
1812 3001 1937 3066 clericos

276 3104 418 3169 struatis
446 3107 476 3169 et
497 3103 627 3169 uaoesu
649 3122 740 3181 snae,
769 3102 825 3185 ont
855 3103 978 3167 lttteros
1003 3101 1190 3182 apostolicos
1218 3105 1327 3166 contra
1355 3102 1479 3183 aliqum
1509 3103 1694 3183 impetratos
1722 3104 1861 3169 ocndont
1889 3105 1937 3169 uel

203 3233 228 3274 ιιι
278 3212 443 3274 mornas
458 3229 521 3290 per
542 3229 595 3274 eas
616 3208 811 3273 varumnam
831 3206 983 3272 redimere
1005 3206 1198 3286 compellunt,
1216 3205 1381 3285 procedere
1400 3207 1512 3286 possit.
1589 3209 1683 3285 1246,
1707 3207 1782 3272 Iun.
1799 3211 1851 3274 14.

384 3329 447 3384 Ina.
460 3328 509 3384 IV
524 3329 588 3399 Rrp.
607 3329 661 3383 Vol.
678 3329 702 3397 l,
720 3335 781 3396 2913
799 3327 857 3383 Inte.
871 3328 928 3396 IIL
949 3333 1011 3382 680.

384 3415 486 3486 Barna
502 3422 575 3472 reso.

708 3597 711 3603 ·
776 3615 814 3636 ..
844 3559 1072 3652 episcopo
1107 3557 1437 3632 Cameracensi.

391 3709 464 3776 Tua
487 3710 582 3776 nobis
605 3710 795 3776 fraternitas
818 3708 998 3789 intimavit,
1029 3707 1137 3793 quod⁸
1159 3707 1305 3772 nonnulli
1329 3706 1439 3771 elerici
1461 3707 1494 3769 in
1519 3704 1650 3770 civitate
1673 3726 1712 3769 ac
1735 3705 1858 3770 diocesi
1881 3712 1939 3771 tua

201 3838 227 3877 a
280 3814 452 3899 degentes,
476 3814 645 3882 abutendo
668 3814 775 3901 gratia
799 3813 886 3880 sedis
910 3811 1099 3899 apostolico,
1123 3811 1262 3891 litteras,
1287 3831 1368 3895 quas
1392 3815 1505 3874 contra
1528 3808 1675 3873 diversas
1699 3830 1856 3895 personas
1878 3809 1938 3874 sub

280 3938 341 3983 suo
366 3919 418 3983 vel
442 3918 549 3984 alieno
572 3920 703 3984 nomine
727 3940 826 4005 super
850 3917 1079 4004 personalibus
1103 3917 1155 3980 vol
1180 3915 1324 3980 realibus
1353 3912 1538 3979 actionibus
1566 3912 1608 3978 ad
1636 3913 1784 3978 diversos
1813 3913 1938 3978 iudices

279 4022 458 4108 impetrant
481 4021 522 4086 ab
545 4022 673 4102 cadem,
697 4021 859 4088 interdum
875 4021 1029 4097 vendunt,
1055 4018 1250 4106 quandoque
1274 4039 1353 4082 vcro
1376 4016 1538 4082 redimere
1564 4024 1743 4082 conventos
1766 4039 1827 4104 per
1850 4018 1938 4102 ipsas

280 4146 374 4191 snam
398 4127 610 4192 vexationem
633 4127 795 4192 malitiose
819 4125 1029 4211 compellunt.
1074 4123 1184 4198 Quare
1208 4122 1303 4187 nobis
1327 4121 1490 4186 humiliter
1514 4121 1717 4206 supplicasti,
1741 4127 1777 4185 ut
1800 4142 1873 4185 oum
1897 4141 1939 4184 ex

281 4230 344 4295 boc
365 4251 468 4316 grave
496 4231 530 4294 in
558 4231 623 4295 illis
650 4230 798 4316 partibus
822 4229 1013 4294 scandalum
1037 4227 1175 4307 oriatur,
1209 4225 1341 4290 salubre
1366 4246 1466 4310 super
1489 4224 1551 4288 hoc
1574 4224 1755 4290 remedium
1780 4224 1937 4288 adbibere

223 4364 231 4391 ι
281 4339 423 4420 paterna
454 4333 675 4400 sollicitudine
710 4354 909 4400 curaremus.
971 4331 1134 4398 Gerontes
1163 4332 1272 4416 itaque
1305 4328 1345 4394 de
1377 4328 1669 4413 circumspectione
1698 4332 1756 4392 tua
1787 4324 1939 4390 fiduciam

281 4438 315 4502 in
338 4435 482 4504 Domino
505 4438 696 4525 pleniorem,
717 4435 917 4502 fraternitati
940 4443 996 4501 tue
1020 4434 1223 4522 presentium
1240 4432 1434 4498 auctoritate
1457 4428 1678 4509 concedimus,
1702 4435 1738 4492 ut
1753 4428 1939 4494 venditores

279 4538 523 4606 huiusmodi-
538 4561 604 4605 non
620 4538 773 4605 obstante
795 4539 911 4605 frivole
929 4537 1161 4625 appellationis
1177 4536 1309 4601 obiectu
1325 4571 1367 4582 —
1383 4533 1496 4599 valeas
1511 4533 1552 4597 de
1573 4538 1664 4596 tante
1680 4531 1936 4618 presumptionis

280 4665 423 4710 excessu
439 4644 722 4710 animadversione
742 4644 854 4709 debita
870 4646 1048 4728 castigare:
1072 4641 1329 4706 contradictores
1348 4645 1426 4704 ete:
1450 4635 1658 4722 presentibus
1675 4640 1750 4721 post
1765 4634 1934 4699 biennium

280 4746 415 4813 minime
437 4747 597 4814 valituris.

391 4866 467 4933 Dat.
490 4867 655 4954 Lugduni,
678 4866 797 4932 XVIII
821 4865 897 4932 Kal.
919 4866 1006 4944 Iulii,
1031 4887 1115 4930 anno
1139 4864 1217 4929 111².

753 5045 899 5051 ———
1134 5042 1497 5050 --—-—--———.

386 5164 411 5229 ⁸)
428 5180 488 5217 oum
504 5163 568 5216 aaa
585 5163 633 5228 u,·
649 5163 778 5228 mendum,
795 5163 947 5224 muitetur,
964 5161 1104 5225 damaris,
1123 5161 1167 5226 qui
1183 5161 1262 5212 uerba
1279 5160 1333 5210 olio
1351 5159 1427 5211 naodo
1445 5175 1594 5225 componere
1612 5157 1682 5209 initio
1699 5156 1824 5207 uoluerat.

387 5316 414 5382 1)
432 5313 472 5382 Os.
484 5314 561 5381 infra
577 5319 766 5371 1111611117.
870 5314 897 5381 2)
916 5312 971 5367 uu
991 5311 1045 5368 Oct.
1064 5321 1079 5367 9
1096 5329 1122 5365 o.
1136 5318 1199 5366 1246
1212 5326 1289 5379 popa
1301 5309 1454 5379 [Wolters]
1466 5309 1584 5377 episcopo
1602 5307 1765 5361 Tornooenst
1782 5304 1934 5371 mandarit,

282 5405 314 5454 ar
331 5401 477 5455 mundos
493 5399 604 5456 noma
620 5415 693 5469 nsua
711 5401 760 5469 unt
778 5399 872 5454 litteris
888 5399 1036 5468 oportunis
1053 5399 1233 5465 obntnnunr,
1247 5413 1337 5465 ponsa
1354 5395 1441 5450 debito
1458 5396 1610 5462 marinorum
1629 5395 1730 5463 Berprr
1747 5399 1818 5446 2111.

1684 5726 1736 5781 19*
