4790 6340
871 430 1283 494 El'lS'l'OLdESlleO'l'AE.
1320 437 1395 494 retr.

611 764 619 781 .
650 765 657 781 .
687 705 862 782 decano
891 711 935 780 et
962 706 1166 798 capitulo
1193 705 1662 782 Helberstatensibua

414 857 467 922 Ad
494 857 677 922 taciendam
707 856 827 922 dilecto
858 855 924 921 filio
948 857 1087 922 Alberto
1119 857 1287 944 preposito
1312 856 1553 923 Stindarensis¹
1579 860 1736 942 ecclesie,
1765 859 1875 926 dilecti
1899 861 1958 925 filii

312 965 428 1030 nobilis
451 965 511 1030 riri
535 963 681 1028 Oddonis
704 963 899 1027 marchionis
923 961 1230 1046 Brandeburgensis
1259 965 1444 1048 capellano,
1477 965 1615 1050 gratiam
1644 964 1821 1051 specialem
1856 965 1958 1052 ipsius

310 1069 507 1134 marchionis
530 1088 646 1154 preces
671 1073 703 1131 et
727 1065 873 1130 eiusdem
898 1066 1055 1152 prepositi
1080 1067 1208 1130 merita.
1226 1087 1325 1150 super
1341 1067 1458 1151 quibus
1482 1069 1513 1132 ei
1530 1067 1721 1154 perhibetur
1738 1069 1958 1132 testimonium

245 1195 258 1232 s
313 1172 487 1249 laudabile,
511 1193 570 1236 nos
592 1171 760 1236 inducunt.
806 1169 967 1244 Quocirca
989 1169 1237 1234 universitatem
1253 1175 1396 1233 vestram
1418 1170 1597 1256 rogandam
1621 1171 1775 1236 duximus
1799 1173 1958 1236 attentius

311 1285 345 1344 ct
365 1275 568 1350 monendam,
593 1274 785 1339 mandantes
809 1273 962 1360 quatinus
985 1273 1181 1360 recipientes
1206 1272 1345 1337 eundem
1362 1275 1564 1361 prepositum
1587 1295 1644 1360 pro
1662 1277 1843 1361 apostolice
1870 1275 1958 1340 sedis

311 1388 345 1446 et
373 1387 486 1445 nostra
514 1380 700 1444 reverentia
728 1380 761 1442 in
796 1379 986 1442 canonicum
1025 1385 1057 1440 et
1092 1378 1124 1441 in
1155 1379 1303 1458 fratrem,
1328 1379 1359 1442 ei
1383 1379 1599 1463 prebendam,
1625 1381 1651 1444 si
1675 1400 1739 1465 que
1761 1380 1795 1443 in
1819 1379 1959 1445 ecclesia

311 1491 421 1550 vestre
443 1489 538 1548 vacat
561 1483 601 1546 ad
625 1504 760 1567 presens
785 1483 837 1547 vel
860 1479 1119 1568 quamprimum
1144 1482 1184 1546 ed
1208 1481 1241 1544 id
1265 1503 1300 1546 se
1323 1481 1463 1547 facultas
1490 1483 1656 1559 obtulerit,
1672 1483 1854 1548 liberaliter
1878 1503 1956 1547 con-

311 1590 426 1654 feratis
450 1627 491 1635 -
515 1609 577 1652 non
603 1587 755 1651 obstante
785 1585 869 1672 quod
896 1585 981 1650 idem
1006 1585 1086 1650 alies
1110 1585 1324 1650 beneficiatus
1349 1587 1469 1664 existit,
1486 1588 1537 1650 vel
1562 1588 1589 1650 si
1613 1589 1643 1652 in
1669 1587 1785 1652 eadem
1817 1587 1958 1651 ecclesia

231 1719 259 1758 ro
312 1693 490 1759 direximus
517 1712 575 1777 pro
599 1691 670 1755 aliis
695 1691 814 1775 scripta
836 1697 963 1768 nostra,
992 1688 1109 1774 quibus
1133 1695 1195 1756 etc.
1224 1710 1345 1774 usque:
1375 1692 1540 1775 generari,
1572 1713 1630 1756 seu
1655 1697 1776 1755 statuto
1801 1691 1841 1755 de
1866 1697 1955 1755 certo

312 1800 540 1863 canonicorum
574 1816 708 1858 numero
742 1797 925 1860 iuramento
955 1793 1008 1857 vel
1043 1793 1287 1858 confirmatione
1324 1793 1411 1858 sedis
1446 1796 1625 1880 apostolice
1662 1803 1717 1859 aut
1752 1815 1955 1881 quacumque

310 1903 462 1966 firmitate
497 1901 562 1965 alia
595 1900 757 1965 roborato.
818 1898 972 1982 Alioquin
1007 1897 1133 1962 dilectis
1167 1897 1242 1962 filiis
1275 1948 1311 1963 ..
1342 1897 1452 1962 abbati
1486 1905 1519 1963 et
1549 1949 1586 1966 ..
1616 1901 1717 1986 priori
1753 1899 1785 1964 in
1816 1897 1956 1964 Ulsem²

311 2005 491 2070 Verdensis
515 2003 657 2068 diocesis
672 2005 793 2067 nostris
810 2009 871 2067 etc.
894 2011 1034 2086 usque·:
1058 2000 1230 2078 mandatis,
1254 2009 1290 2064 ut
1314 2003 1376 2087 ipsi
1393 2001 1569 2086 superbiis
1592 2005 1780 2068 mandatum
1803 2002 1958 2089 apostoli·

312 2128 384 2174 cum
409 2115 631 2193 exequantur;
656 2106 912 2170 contradictores
937 2111 996 2168 etc.

233 2257 259 2294 rs
416 2227 494 2294 Dat.
515 2226 679 2312 Lugduni,
702 2225 802 2290 XVII
825 2223 900 2289 Kal.
926 2223 1018 2309 Sept.
1041 2245 1127 2287 anno
1144 2223 1221 2287 V⁰³.

930 2419 1038 2426 —.-—
1041 2419 1112 2428 —.-
1116 2419 1340 2427 -0———-——

1092 2561 1179 2634 tua.

414 2658 632 2752 Innocentius
647 2685 672 2748 I
677 2683 705 2748 V
723 2705 813 2768 papa
841 2682 988 2764 mupistro
1010 2682 1165 2748 Willclmo
1192 2683 1230 2747 dc
1257 2681 1373 2748 Sancto
1394 2684 1510 2750 Amore
1538 2686 1686 2750 canonico
1707 2685 1895 2751 Belvocensr'
1916 2683 1960 2748 od

303 2810 413 2874 preces
427 2789 592 2874 [Budelli]
614 2789 700 2854 electi
718 2787 976 2852 Torantasr'ensis
998 2791 1028 2850 ct
1046 2786 1217 2870 Tb[0rnoc]
1239 2787 1276 2850 cle
1291 2785 1455 2852 Sabandr'a
1478 2789 1597 2853 comitis
1613 2789 1761 2872 tndnlpet,
1777 2793 1812 2852 nt
1830 2792 1959 2872 practer

310 2895 466 2961 ecclesiam
488 2894 525 2958 de
550 2891 715 2958 Garcuillo
736 2891 864 2954 annicetus
887 2891 1065 2972 beneficiam
1088 2891 1334 2968 ecclesiast-icum,
1358 2893 1480 2956 etiamst
1502 2913 1611 2956 raram
1632 2895 1814 2959 animorum
1837 2891 1958 2969 babeat,

311 2999 446 3078 reciprcrc
468 2997 580 3060 colent.
1595 2999 1692 3074 1247,
1715 2998 1797 3078 Anp.
1820 2997 1873 3061 22.

232 3137 260 3178 πο
416 3117 479 3171 Inn.
496 3116 545 3170 IV
559 3116 621 3184 Rep.
637 3115 694 3169 Vol.
709 3115 733 3182 I,
746 3125 808 3182 ata·
832 3115 891 3169 rao.
912 3115 941 3182 V,
955 3122 1006 3169 139.
1045 3115 1193 3183 Epistulam
1210 3131 1242 3167 aa
1262 3114 1377 3182 Rqrastr's
1395 3114 1528 3182 descripsit
1547 3116 1573 3169 V.
1589 3115 1631 3170 (ll.
1647 3115 1675 3170 0.
1695 3116 1726 3168 dc
1746 3114 1838 3170 Folle.

414 3205 513 3270 Bauer
537 3209 612 3256 :rrae

404 3348 615 3439 Magistro
637 3347 856 3420 Willelmo
885 3347 936 3418 de
964 3347 1131 3419 Sancto
1158 3347 1317 3418 Amore
1345 3347 1565 3419 canonico
1594 3347 1866 3421 Belvacensi.

416 3501 467 3565 Ad
491 3498 675 3565 faciendam
693 3498 751 3562 tibi
767 3498 904 3582 gratiam
922 3497 1099 3582 specialem
1124 3495 1317 3560 dilectorum
1341 3497 1478 3561 liliorum
1504 3544 1537 3558 ..
1561 3497 1657 3562 electi
1674 3497 1960 3563 Tarantasicnsis‘

311 3593 345 3670 ct
375 3605 492 3669 nobilis
516 3603 576 3666 viri
599 3600 659 3665 Th.
683 3602 723 3666 dc
748 3600 955 3665 Sobaudiabl
983 3601 1110 3664 comitis
1135 3599 1315 3664 affectuose
1343 3620 1401 3684 pro
1429 3605 1461 3664 te
1492 3599 1582 3662 nobis
1611 3607 1761 3684 porrecta
1792 3603 1959 3686 rogamina

232 3741 259 3783 25
311 3730 437 3774 necnon
461 3714 496 3772 et
518 3713 575 3770 tua
598 3706 714 3769 merita
736 3704 907 3790 probitatis
930 3703 1125 3790 propensius
1149 3725 1208 3767 nos
1232 3703 1397 3767 inducunt.
1443 3703 1661 3769 Attondentcs
1679 3705 1777 3788 igitur
1792 3705 1957 3770 laudabile

311 3811 548 3889 testimonium,
573 3809 658 3894 quod
683 3808 740 3872 tibi
768 3807 808 3872 dc
833 3808 1016 3871 litterarum
1045 3807 1192 3878 scientia,
1217 3807 1283 3869 vite
1311 3805 1484 3870 honestate
1522 3827 1558 3870 ao
1589 3807 1682 3870 bonis
1715 3808 1860 3872 moribus
1885 3829 1958 3893 per-

310 3915 452 3995 hibetur,
476 3935 515 3978 ac
538 3933 598 3998 per
620 3911 681 3977 hoc
705 3919 736 3976 te
761 3910 968 3975 intendentes
991 3911 1144 3996 prosequi
1168 3910 1289 3973 favoris
1313 3911 1518 3994 prerogativa
1545 3907 1623 3996 [et]c
1645 3912 1749 3997 gretie
1774 3912 1958 3999 amplioris:

309 4027 346 4084 ut
367 4023 478 4104 preter
506 4018 680 4082 ecclesiam
703 4017 743 4080 dc
769 4015 966 4083 Garcvillol.
992 4037 1102 4079 curam
1126 4015 1308 4078 animarum
1331 4013 1516 4084 habentem,
1541 4035 1636 4098 quam
1661 4015 1802 4094 obtines,
1826 4017 1957 4080 unicum

309 4121 504 4186 beneficium
539 4121 796 4186 ecclesiasticum
824 4121 875 4184 vel
911 4129 1121 4206 personatum
1158 4141 1216 4182 seu
1250 4118 1457 4204 dignitatem,
1491 4119 1588 4183 etiam
1619 4121 1646 4183 si
1677 4119 1816 4184 similem
1847 4141 1957 4184 curem

231 4255 258 4296 ω
311 4225 442 4306 habeat,
467 4226 494 4288 si
518 4224 576 4288 tibi
600 4226 755 4289 canonice
773 4223 939 4304 offeratur,
962 4224 1064 4288 libere
1087 4224 1233 4308 recipere
1258 4243 1295 4286 ac
1320 4244 1392 4286 cunr
1417 4221 1559 4285 obtentis
1583 4221 1671 4286 licite
1688 4224 1828 4287 retinere
1846 4224 1957 4286 valeas

310 4329 607 4392 -constitutions
643 4327 807 4412 generalis
843 4327 971 4391 concilii
1006 4348 1068 4390 non
1100 4327 1251 4390 obstante
1276 4363 1332 4398 -,
1369 4325 1564 4389 auctoritate
1595 4325 1655 4389 tibi
1684 4327 1884 4410 presentium
1909 4327 1958 4388 in-

311 4431 500 4516 dulgemus;
524 4432 653 4516 proviso
682 4437 718 4494 ut
749 4428 863 4494 eadem
894 4430 1051 4494 beneficia
1075 4437 1137 4494 etc.
1165 4449 1285 4512 usque:
1321 4428 1516 4512 negligatur.
1569 4425 1659 4490 Nulli
1691 4448 1770 4512 ergo
1794 4434 1855 4492 etc.
1881 4448 1958 4492 con-

310 4535 468 4600 cessionis
492 4539 554 4598 etc.

413 4654 489 4720 Dat.
513 4654 674 4740 Lugduni,
698 4653 747 4718 XI
769 4653 844 4719 Kal.
869 4655 959 4740 Sept.
982 4675 1067 4718 anno
1083 4653 1145 4717 Vi.

1093 5007 1180 5082 tua.

233 5173 258 5212 ³,
415 5106 633 5200 Innocentius
654 5135 679 5198 I
683 5129 711 5198 V
718 5153 806 5217 papa
829 5127 959 5216 P[clro]
981 5131 1092 5196 Sancti
1117 5129 1245 5214 Georpir'
1267 5125 1310 5195 od
1335 5125 1444 5194 Votum
1466 5127 1606 5195 Aureum
1629 5129 1760 5198 diacono
1789 5133 1958 5212 cardinali,

309 5238 495 5323 apostolicae
517 5236 600 5302 sedis
622 5238 730 5321 tapeto,
753 5238 789 5300 ob
811 5237 998 5301 devotionern
1020 5235 1195 5321 [Stpcfrnrli
1217 5237 1296 5320 ΠΙ]
1318 5236 1541 5319 archicpiscopi
1562 5236 1750 5320 Mopnntr'nt
1772 5239 1807 5302 r'n
1829 5238 1960 5301 necessi·

414 5448 438 5512 ⁸)
458 5465 490 5500 ue
508 5448 540 5501 R.
645 5449 671 5517 b)
690 5452 728 5500 ito
746 5449 778 5500 R.
884 5450 908 5513 θ)
926 5456 952 5500 st
970 5448 1037 5500 deest
1055 5447 1087 5498 Β.
1192 5445 1218 5512 (¹)
1236 5449 1351 5500 Gravilln
1368 5466 1411 5514 op.
1431 5447 1529 5514 Beryae·
1547 5451 1622 5500 3228.

416 5567 442 5635 1)
462 5565 574 5621 Stnrdal
591 5567 622 5620 in
639 5567 770 5622 Admarlc.
875 5567 902 5633 2)
927 5567 1019 5621 Ualren
1036 5581 1068 5619 aa
1086 5581 1135 5620 occ.
1153 5567 1199 5620 cin.
1218 5565 1363 5620 Salarccdcl.
1468 5567 1495 5622 3l
1516 5565 1573 5619 Sub
1592 5565 1646 5620 Iul,
1665 5575 1681 5620 5
1700 5581 1777 5635 pepo
1794 5583 1854 5620 curm
1872 5565 1959 5622 eodem

310 5653 416 5706 Altero
434 5668 514 5720 asper
526 5653 684 5720 praelitam
708 5655 887 5721 tenetentum
906 5653 1114 5722 deprensam
1133 5651 1232 5722 Berpn·
1250 5659 1322 5707 3159.
1411 5653 1439 5716 4)
1458 5652 1501 5706 Dr
1518 5653 1564 5705 boc
1581 5653 1612 5718 cs.
1632 5669 1660 5706 n.
1680 5660 1730 5708 153.
1812 5655 1839 5721 b)
1861 5651 1960 5706 Frater

231 5759 257 5800 ⁴⁰
310 5739 367 5792 eirca
380 5738 517 5792 Arauricus
528 5757 609 5794 mneos
620 5741 774 5794 &teredine
787 5740 939 5810 imperatori
950 5739 1066 5804 frenabat·
1077 5739 1110 5806 cs.
1124 5756 1149 5793 n.
1162 5745 1219 5792 344.
1292 5741 1318 5808 6)
1340 5739 1382 5794 Dc
1400 5738 1488 5794 corlon
1505 5737 1633 5792 Willclrno
1646 5741 1678 5806 cs.
1691 5739 1768 5792 ettam
1778 5739 1875 5808 Berper
1887 5745 1961 5795 3228.

1700 5835 1755 5890 39*
