4328 6232
707 354 908 412 sumuntur
926 358 1116 415 subnotata.
1154 360 1228 415 luta.

909 618 1034 682 XXVI.

246 695 465 789 Inmuta-
485 723 541 789 IV
548 745 641 805 propre
663 726 795 814 P[ctro]
815 729 976 793 arrotanti
999 731 1098 812 teprtto
1121 731 1260 809 irritarint,
1283 735 1319 795 at
1336 733 1480 797 Uinciruu
1500 733 1674 798 Ginairaun
1697 736 1798 814 eupet-

145 829 367 892 trummacum
389 827 433 891 ecl
454 826 679 909 reciperandum
700 828 835 895 Reccum
857 832 1038 898 Luriunuru
1059 835 1229 914 corunellnt.
1447 840 1539 912 1245),
1562 837 1641 917 Ape.
1658 842 1711 903 21.

246 946 311 1001 Iura
330 946 379 1001 IV
396 946 459 1016 lieo.
478 946 537 1001 Lto.
553 947 599 1015 VI,
616 949 637 1014 f.
653 956 689 1017 73,
707 966 763 1004 cur.
782 968 809 1004 a.
821 959 864 1007 63.

245 1033 457 1103 Ibttbnm‘lteq.
472 1039 565 1101 132e55
583 1036 681 1104 noyer
699 1044 772 1092 4724.

453 1211 494 1286 P.
523 1215 679 1287 Sancti
707 1214 884 1308 Georgii
911 1218 963 1290 ad
983 1220 1135 1292 Velum
1164 1220 1361 1293 Aureum
1390 1225 1496 1293 etet.

251 1363 333 1429 Cum
357 1363 476 1428 dilecte
508 1364 574 1428 filio
600 1364 711 1429 Cincio
736 1364 897 1431 (tinniunt
924 1367 1096 1452 capellano
1125 1377 1235 1433 nostro
1265 1370 1384 1432 nostris
1415 1370 1643 1454 iniungamnsc
1671 1372 1798 1449 litteris,

147 1478 180 1532 nt
205 1467 348 1532 Reccam
375 1467 596 1533 Larianaml¹
624 1469 683 1533 tibi
710 1470 781 1534 sinc
811 1492 903 1535 mora
931 1471 1077 1555 qualibet
1111 1478 1144 1536 et
1174 1471 1368 1536 difficultate
1402 1474 1560 1557 resignet,
1596 1474 1799 1551 mandamns,

146 1572 294 1657 quatinus
328 1592 416 1646 eum,
457 1572 484 1635 si
519 1595 655 1637 necesse
694 1574 806 1650 fuerit,
848 1574 889 1637 ad
924 1574 1070 1640 eiusdem
1108 1597 1200 1640 rocce
1237 1576 1495 1660 resignationem
1532 1599 1591 1661 per
1626 1599 1797 1643 cerrsuram

147 1675 403 1741 ecclesiasticam
426 1676 647 1762 appellatione
671 1683 798 1741 remota
821 1679 1007 1763 compellas.

246 1795 323 1862 Dat.
346 1794 508 1880 Lugduni,
532 1795 583 1860 XI
605 1796 678 1861 Knl.
703 1797 791 1872 Maii,
815 1820 901 1862 anno
917 1799 990 1865 VI⁰.

896 2057 1040 2124 XXVII.

245 2143 634 2249 hasnoniensem
656 2170 737 2233 clero
758 2170 896 2233 ciuitatis
918 2172 947 2232 ct
969 2151 1098 2234 illaesis
1121 2168 1329 2234 Penestrinac
1352 2171 1492 2248 rtrussrlut,
1523 2175 1557 2235 ut
1579 2172 1707 2256 Plotae]
1729 2193 1797 2237 cccr-

146 2274 247 2339 ‹liauti
269 2272 370 2356 tapeto
392 2273 427 2337 in
448 2271 672 2353 spriritualibus
692 2271 870 2338 intendunt.
1444 2279 1536 2351 1249,
1561 2275 1641 2356 Apu.
1658 2280 1709 2339 21.

246 2395 310 2449 bra:
328 2393 378 2447 IV
393 2394 455 2463 Ray.
475 2394 536 2448 nu.
553 2393 598 2460 VI,
615 2395 634 2459 tl
651 2400 687 2460 73,
705 2409 760 2446 cur.
779 2410 806 2446 n.
820 2401 860 2447 64.

245 2479 375 2548 Pottbeet,
396 2479 459 2549 Req.
474 2486 565 2548 1329&
584 2481 682 2549 Berper
699 2486 769 2535 4725.

333 2661 568 2737 Universo
596 2662 727 2734 clero
756 2660 976 2734 civitatis
1004 2665 1049 2733 et
1075 2660 1289 2734 diocesis
1316 2660 1614 2735 Penestrinc.

249 2812 333 2877 Cum
363 2811 518 2878 dilectum
554 2810 655 2874 filium
688 2816 833 2873 nestrum
865 2810 901 2874 P.
927 2808 1039 2874 Sancti
1068 2810 1201 2893 Georgii
1233 2809 1274 2874 ad
1295 2809 1415 2875 Velum
1447 2810 1592 2875 Aureum
1624 2810 1795 2873 diaconum

147 2915 356 2997 cardinalem,
387 2915 563 3003 apostolice
595 2913 683 2979 sedis
710 2913 873 2997 legatum,
904 2912 945 2977 ad
973 2920 1083 2998 partes
1113 2912 1205 2976 illas⁰
1236 2934 1295 2999 pro
1319 2913 1460 2977 ecclesie
1483 2913 1632 2977 Romane
1655 2913 1796 2997 rregotiis

147 3016 360 3099 destinemus,
392 3021 540 3084 velumus
570 3026 604 3084 et
633 3019 835 3104 presentium
859 3018 953 3082 vobis
983 3019 1179 3082 auctoritate
1211 3017 1418 3082 mandamus.
1449 3017 1602 3103 quatinus
1633 3016 1796 3082 eidemin

148 3121 366 3209 spiritualibus
395 3122 513 3188 devote
542 3121 714 3188 intendere
743 3120 960 3208 procuretisl,
997 3122 1101 3207 ipsius
1135 3121 1258 3185 monita
1294 3126 1328 3185 et
1357 3131 1513 3207 precepta
1543 3120 1709 3185 humiliter
1738 3119 1794 3183 ad·

14 3238 65 3277 ²⁶⁸»
148 3224 316 3312 implendo.
362 3227 514 3312 Alioquin
540 3226 748 3304 sententiam,
773 3247 869 3310 quam
893 3223 978 3289 idem
1002 3225 1116 3290 tulerit
1139 3227 1171 3289 in
1195 3225 1346 3290 rebelles.
1371 3231 1474 3289 ratam
1499 3234 1561 3290 etc.

247 3346 325 3413 Dat.
349 3355 515 3434 utsupra.

888 3499 1047 3565 XXVIII.

245 3584 464 3681 bistucatiae
487 3613 541 3678 IV
555 3636 645 3694 papo
670 3614 877 3697 t)[ctueiuuo]
900 3612 1037 3677 Sanctae
1059 3610 1190 3674 Murice
1219 3611 1253 3673 in
1278 3611 1302 3673 V
1303 3612 1334 3674 iu
1357 3611 1442 3675 Iacto
1469 3612 1600 3675 illucque
1627 3612 1796 3689 cardinali,

142 3718 327 3797 resecatione
353 3717 437 3783 aculis
464 3719 578 3802 quoto,
608 3718 753 3795 nurrtdrt,
782 3721 817 3781 ut
840 3716 970 3799 P[etre]
997 3714 1157 3780 cardinal-i
1184 3715 1297 3796 lepute,
1323 3736 1383 3795 pre
1409 3714 1499 3795 requi
1521 3715 1651 3780 Sicilire:
1677 3718 1797 3800 sueqotie

140 3818 304 3898 destinato,
328 3821 363 3884 iu
384 3821 547 3900 militibus,
570 3822 748 3887 balistariis
770 3842 808 3885 uc
828 3821 914 3897 eliis,
937 3839 1006 3883 ctera
1029 3820 1199 3901 requisitas
1217 3818 1330 3902 sterit,
1352 3808 1524 3884 subveniat.

45 3926 79 3965 ²³
244 3939 308 3994 lass.
322 3940 370 3995 IV
386 3941 450 4010 Ray.
468 3941 528 3997 nu.
544 3942 592 4008 VI,
608 3942 629 4009 s.
645 3949 683 4009 74,
701 3957 758 3995 cur.
775 3958 803 3994 a.
818 3948 856 3995 65.
1447 3924 1537 4000 1249,
1560 3924 1641 4004 Apr.
1657 3928 1708 3988 21.

243 4026 371 4097 lbttluat,
392 4029 559 4098 Re913736‚·
577 4029 675 4098 Beryti·
690 4034 764 4083 4726.

340 4210 383 4283 Ο.
412 4210 588 4284 Sancte
618 4208 766 4282 Mario
795 4205 943 4278 iuVia
969 4204 1085 4277 Lata
1112 4204 1316 4277 diacono
1344 4204 1599 4291 cardinali,

672 4328 920 4420 apostolice
948 4324 1075 4398 sedis
1101 4325 1264 4416 legato,

250 4480 333 4545 (lum
364 4480 519 4546 dilectum
550 4480 650 4545 lilium
687 4484 834 4543 nostrum
866 4476 902 4540 Ρ.
928 4475 1040 4538 Sancti
1070 4473 1202 4558 Georgii
1229 4474 1270 4538 ad
1295 4473 1412 4537 Velum
1442 4475 1587 4539 *luteum
1620 4474 1794 4539 diaconum

43 4578 69 4621 ³¹¹
139 4582 342 4650 cardinalem
365 4605 424 4670 pre
448 4583 583 4670 negotio
608 4583 700 4668 regni
725 4581 846 4659 Sicilie,
876 4578 1050 4643 commisso
1075 4576 1138 4642 sibi
1161 4577 1259 4662 plene
1283 4577 1456 4661 legationis
1479 4577 1585 4641 officio
1597 4578 1619 4658 ³,
1648 4577 1794 4643 destino·

138 4705 229 4768 mus,
258 4687 349 4774 quia,
379 4709 442 4773 quo
465 4686 569 4772 magis
592 4693 643 4751 est
666 4686 802 4751 arduum
827 4685 933 4770 ipsum
958 4682 1143 4766 negotium,
1172 4703 1211 4745 eo
1233 4702 1292 4765 pro
1315 4681 1403 4745 illins
1427 4681 1624 4745 executione
1648 4681 1793 4746 subsidio

139 4790 268 4878 ludigct
288 4792 418 4879 potiori,
448 4791 647 4862 mandamus,
676 4791 828 4876 quatinus
853 4789 884 4853 ci
906 4789 940 4851 iu
964 4786 1121 4851 militibus
1144 4793 1177 4850 ct
1201 4785 1377 4850 balistariis
1400 4808 1438 4849 uc
1461 4784 1544 4863 aliis,
1569 4805 1632 4869 quc
1654 4784 1696 4848 ad
1721 4807 1793 4870 pro-

142 4896 320 4961 motionem
348 4896 453 4982 ipsius
482 4895 604 4981 negotii
633 4895 755 4960 fuerint
785 4899 959 4979 oportuna,
992 4912 1066 4955 curn
1097 4889 1138 4954 ab
1169 4891 1240 4977 ipso
1269 4891 1441 4975 requisitus
1470 4889 1585 4967 fueris,
1618 4888 1793 4954 subvenire

139 5020 306 5087 procuras.

249 5111 326 5177 Dat.
348 5118 386 5177 ut
408 5132 516 5198 supra.

245 5254 460 5263 ——-—=———
537 5254 587 5260 .....
618 5254 625 5260 -
647 5255 715 5260 .--.
743 5254 779 5259 -.
815 5254 832 5258 -
857 5253 904 5258 —.

42 5100 72 5147 ⁸³

244 5338 269 5401 ι)
290 5339 329 5389 ite
351 5339 379 5389 iu
403 5355 501 5405 usurpa
528 5340 642 5390 Aureum
670 5340 777 5390 diacono
805 5338 928 5390 cardinali
950 5344 998 5388 etc.
1025 5336 1052 5386 ia
1080 5334 1167 5385 rubro.
1307 5332 1331 5396 ¹³)
1356 5331 1440 5381 arsinus
1460 5331 1608 5397 perspicua·
1632 5330 1743 5382 Cinrurie
1762 5329 1793 5379 B.

144 5421 167 5485 ο)
183 5424 341 5491 iniungimus
359 5424 392 5474 R.
496 5422 521 5486 d)
539 5425 635 5476 Latiari
654 5425 686 5475 B.
791 5425 814 5488 e)
832 5425 868 5474 ito
886 5423 918 5473 R.

244 5557 271 5624 1)
290 5555 340 5611 lt'x
355 5562 420 5625 sept.
438 5557 486 5611 cic.
503 5556 618 5624 Vellent,
643 5557 675 5610 ia
696 5561 782 5610 arumna
800 5555 903 5624 Atqirto.
995 5557 1022 5620 2)
1039 5553 1117 5607 Sedes
1134 5552 1293 5606 Pcswstrinu
1310 5551 1345 5605 ob
1362 5569 1388 5604 a.
1403 5558 1470 5606 1244
1486 5550 1605 5604 erudibit.
1698 5552 1726 5616 3)
1746 5549 1795 5604 Ea

148 5638 196 5697 bec
205 5658 243 5715 cp.
256 5659 275 5697 o
281 5658 360 5715 popo
370 5641 503 5709 sanitari
514 5658 566 5699 sao
578 5642 679 5699 directa
689 5643 867 5714 ωρνιυεάνηαε
878 5641 956 5697 Petro
963 5657 1015 5715 pro
1026 5640 1081 5696 eote
1092 5638 1193 5709 sapotie
1209 5637 1284 5708 reperi
1300 5638 1371 5692 alies
1383 5641 1524 5707 paccata
1537 5635 1688 5692 wusmiseos
1702 5636 1796 5703 lanu.
