4328 6232
842 336 1043 393 EPISTULAE
1060 339 1251 396 SELEG'I’AE.
1288 342 1363 396 1246.
1872 344 1928 405 fbf

277 510 447 596 presertim
470 511 687 576 ecclesiarum
710 511 847 597 prelati,
871 510 968 575 adid
992 533 1031 576 eo
1055 513 1194 598 amplius
1218 517 1294 577 sunt
1317 513 1458 593 astricti,
1486 535 1549 600 quo
1573 513 1616 578 ad
1639 513 1811 579 Dominico
1836 515 1932 578 sortis

276 611 482 698 participium
506 613 682 699 specialius
706 616 847 696 evocati,
870 616 1003 701 gravius
1027 616 1106 680 lesu
1123 615 1245 681 Christi
1269 617 1441 702 provocari
1465 616 1587 682 debent
1610 618 1737 682 iniuriis
1761 623 1933 682 utcontra

277 721 503 803 persecutores
520 717 672 799 ecclesie,
688 737 810 804 sponse
827 740 896 800 sue,
910 720 1139 785 vehementius
1157 721 1365 786 commoveri.
1389 721 1451 784 Pre
1469 721 1595 785 cunctis
1612 727 1723 785 autem
1741 727 1932 807 tyrampnus

276 819 311 885 F.
334 819 501 905 quondam
523 819 748 886 Romanorum
776 824 955 908 imperator
986 831 1097 888 contra
1126 822 1235 888 Deum
1267 830 1300 889 et
1331 823 1454 888 dictam
1485 823 1660 887 ecclesiam
1691 823 1932 908 persecutionis

276 943 365 986 arma
399 924 606 990 incessanter
640 931 675 991 et
701 931 854 1011 patenter
886 934 1037 1004 exercet,
1074 928 1127 1013 qui
1162 933 1282 1012 quanto
1318 927 1447 992 celsiori
1476 926 1635 991 hactenus
1665 925 1826 1011 dignitate
1861 927 1933 1012 ipsa

275 1026 418 1091 ecclesis
441 1035 599 1114 operante
621 1029 789 1115 prefulsit,
821 1035 913 1095 tanto
942 1030 976 1096 in
1006 1051 1078 1094 eam
1106 1029 1279 1094 crudeliori
1303 1029 1586 1101 animadversione
1610 1030 1753 1111 desevit,
1786 1029 1931 1115 potentie

275 1149 332 1194 sue
349 1126 487 1219 [vires]⁸
508 1128 667 1198 adversus
687 1132 777 1199 illam
792 1132 935 1199 nefande
949 1134 1068 1198 mentis
1083 1134 1301 1219 perversitate
1318 1140 1523 1211 convertens,
1548 1133 1696 1198 acuendo
1714 1132 1747 1197 in
1762 1132 1932 1197 interitum

275 1234 344 1299 eius
367 1233 523 1319 gladium,
546 1254 644 1322 quem
667 1234 709 1302 ab
731 1236 805 1322 ipsa
828 1242 940 1301 eontra
962 1233 1110 1301 ciusdem
1127 1235 1320 1301 vibrandum
1340 1242 1534 1322 susceperat
1556 1237 1716 1301 inimicos.
1754 1235 1800 1301 Ut
1822 1241 1932 1300 sutem

275 1356 335 1402 sua
364 1352 467 1424 prava
497 1339 635 1406 intentio
665 1340 797 1426 penitus
827 1345 961 1405 auctore
985 1336 1129 1403 Domino
1153 1344 1311 1403 vacuetur
1333 1344 1367 1404 ct
1395 1339 1619 1424 confringatur
1650 1359 1708 1405 sue
1731 1336 1932 1404 fortitudinis

275 1441 389 1520 robur,
420 1440 466 1506 ibi
493 1444 664 1529 potissime
694 1443 906 1528 malignitatis
933 1443 1036 1527 ipsius
1060 1442 1277 1506 resistendum
1308 1449 1361 1507 est
1389 1442 1505 1508 studiis
1537 1444 1653 1529 suique
1683 1451 1758 1507 suut
1787 1441 1932 1511 elidondi

274 1552 430 1625 conatus,
458 1545 546 1610 uude
576 1552 711 1634 propter
740 1546 881 1611 nominis
905 1546 1138 1611 excellentiam
1170 1547 1341 1610 cousuevit
1364 1545 1478 1611 haberi
1501 1547 1649 1634 superior
1671 1554 1705 1613 et
1728 1546 1801 1632 plus
1825 1545 1932 1609 timeri

274 1647 374 1711 etiam
407 1669 465 1734 pre
494 1648 718 1735 magnitudine
747 1649 931 1735 potestatis.
985 1649 1072 1713 Hinc
1101 1656 1166 1728 est,
1197 1649 1283 1735 quod
1312 1650 1558 1715 universitatem
1582 1657 1726 1716 vestram
1749 1669 1931 1728 monemus,

274 1749 449 1836 rogamusb
472 1757 507 1817 et
528 1752 697 1818 hortamur
718 1753 885 1834 attentius,
908 1751 1103 1817 mandantes
1128 1753 1290 1836 quatinus,
1314 1753 1523 1818 considerato
1547 1754 1686 1819 sollicite
1704 1757 1802 1839 quot⁰
1824 1752 1930 1815 tribu-

275 1853 433 1918 lationum
468 1854 597 1920 malleis
630 1855 717 1923 idem
747 1857 786 1924 F.
809 1878 874 1922 non
908 1857 1013 1921 solum
1045 1856 1219 1921 ecelesiam
1255 1861 1306 1921 set
1340 1858 1438 1923 etiam
1474 1862 1578 1922 totum
1608 1858 1679 1922 fere
1708 1855 1930 1921 Christianum

275 1957 434 2043 populum
464 1958 652 2044 flagellarit,
684 1966 719 2026 et
747 1960 900 2046 quamdiu
930 1961 963 2025 iu
991 1961 1079 2025 viros
1109 1960 1354 2026 ecclesiasticos
1385 1961 1474 2025 virus
1504 1982 1563 2025 sue
1597 1960 1737 2026 feritatis
1770 1956 1931 2036 emnerii,

274 2058 426 2145 quodque
449 2062 569 2126 seviori
592 2063 745 2129 continue
768 2062 870 2129 furiat
892 2064 985 2129 rabie
1010 2069 1123 2127 contra
1146 2084 1214 2140 eos,
1237 2062 1480 2149 propterquod
1505 2063 1623 2128 efficax
1647 2084 1746 2149 super
1767 2062 1831 2126 hiis
1852 2080 1930 2125 con·

274 2162 363 2228 venit
385 2164 568 2231 remedium
591 2164 754 2245 adhiberi,
783 2167 823 2232 ad
848 2167 988 2234 tuendas
1013 2167 1109 2232 fidem
1135 2174 1169 2232 et
1192 2168 1377 2232 libertatem
1399 2166 1566 2252 predictas
1590 2173 1704 2231 contra
1725 2166 1830 2251 ipsius
1854 2184 1928 2250 per-

274 2264 385 2331 fidiam
409 2266 611 2335 ferventibus
634 2272 751 2336 animis
768 2276 980 2356 exurgentes,
1004 2271 1178 2356 presertim
1195 2291 1269 2335 cum
1285 2272 1349 2334 iam
1366 2269 1450 2334 elius
1466 2270 1557 2333 sitin
1575 2268 1795 2333 Romanorum
1817 2280 1930 2352 regem

274 2378 465 2458 assumptus
477 2372 500 2447 ¹,
520 2375 553 2438 in
569 2374 802 2460 imperatorem
818 2381 950 2438 auctore
966 2372 1108 2438 Domino
1125 2373 1376 2459 promovendus,
1391 2373 1572 2438 adversusd
1589 2372 1730 2438 eundem
1744 2371 1781 2438 F.
1798 2390 1929 2436 omnes-

276 2493 339 2559 que
362 2474 510 2542 fautores
532 2477 635 2563 ipsius
659 2478 764 2543 crucis
788 2479 993 2564 signaculum
1016 2478 1057 2542 de
1073 2477 1183 2543 divino
1207 2484 1241 2543 et
1263 2485 1374 2542 nostro
1400 2484 1573 2563 sperantes
1595 2477 1719 2541 auxilio
1742 2475 1929 2555 assumatis,

274 2583 307 2641 et
328 2583 398 2642 tam
419 2600 480 2665 per
501 2600 559 2646 vos
582 2601 679 2667 quam
694 2583 809 2659 alios0,
829 2584 1001 2668 religiosos
1026 2588 1059 2648 et
1083 2582 1264 2662 seculares,
1288 2604 1369 2668 quos
1385 2582 1426 2647 ad
1442 2582 1504 2647 hoc
1521 2580 1656 2646 idoneos
1672 2599 1746 2644 esse
1762 2580 1928 2659 noveritis,

273 2689 495 2767 proponentes
520 2685 614 2749 iuxta
642 2686 752 2751 datam
783 2685 874 2752 vobis
906 2684 1021 2751 aDao
1051 2685 1259 2771 prudentiam
1294 2706 1353 2771 per
1383 2691 1511 2750 vestras
1541 2685 1691 2749 civitates
1720 2689 1753 2748 et
1780 2681 1929 2747 dioceses

274 2783 411 2849 verbum
434 2787 551 2867 crucis,
575 2809 643 2869 eos,
667 2787 754 2875 quod
777 2794 953 2875 pensantes
978 2793 1106 2853 atteme
1130 2787 1273 2852 iamdicti
1290 2788 1325 2852 F.
1344 2786 1572 2853 detestandam
1596 2786 1774 2872 nequitiam
1798 2790 1831 2850 et
1853 2805 1928 2871 pro-

275 2888 417 2973 positum
441 2892 679 2971 execrandum,
708 2900 820 2957 contra
850 2893 957 2978 ipsum
981 2898 1134 2977 suscepto
1159 2891 1344 2957 huiusmodi
1369 2892 1538 2978 signaculo
1563 2891 1714 2956 celeriter
1736 2896 1771 2954 et
1793 2888 1930 2954 viriliter

211 3018 229 3055 a
275 3013 311 3057 se
333 2992 521 3078 accingant,
552 2995 710 3060 studiosis
732 3004 766 3060 et
788 2994 909 3061 sedulis
933 2996 1216 3061 exhortationibus
1246 2996 1401 3061 inducere
1425 2996 1616 3080 procuretis.
1661 2993 1731 3059 Nos
1756 2994 1860 3072 enim,
1888 2992 1929 3056 de

275 3097 508 3183 omnipotentis
531 3097 594 3164 Dei
618 3098 841 3164 misericordia
865 3106 898 3164 et
920 3098 1093 3163 beatorum
1110 3098 1200 3163 Petri
1225 3107 1259 3163 et
1273 3099 1368 3164 Pauli
1393 3099 1615 3185 apostolorum
1640 3099 1711 3162 eius
1735 3096 1929 3162 auctoritate

275 3198 399 3279 confisi,
423 3200 483 3266 enr
497 3198 554 3266 illa
569 3222 666 3289 quam
682 3203 775 3267 uobis
791 3202 867 3266 licet
888 3201 1029 3287 indignis
1046 3200 1137 3266 Deus
1160 3201 1284 3287 ligandi
1307 3208 1404 3287 atque
1423 3198 1571 3266 solvendi
1596 3199 1735 3265 contulit
1752 3205 1929 3285 potestate.

275 3299 426 3367 omnibus
450 3305 505 3389 qui
528 3304 675 3370 laborem
698 3306 797 3369 istum
821 3305 853 3369 in
876 3306 1016 3392 propriis
1040 3304 1189 3391 personis
1214 3305 1373 3370 subierint
1397 3311 1431 3369 et
1454 3304 1621 3389 expensis,
1654 3323 1692 3366 ac
1716 3303 1763 3367 eis
1787 3303 1929 3388 quinon

276 3406 308 3469 iu
337 3408 488 3492 personis
517 3409 656 3494 propriis
682 3393 905 3474 laboraverint
937 3406 995 3473 sed
1031 3409 1063 3472 in
1097 3408 1164 3472 suis
1195 3407 1368 3472 dumtaxat
1400 3407 1582 3494 sumptibus
1618 3407 1712 3471 iuxta
1740 3404 1928 3471 facultatem

277 3528 368 3573 suam
392 3516 428 3574 at
449 3512 641 3597 qualitatem
664 3511 797 3578 idoneos
821 3510 1059 3578 destinaverint
1084 3511 1276 3590 bellatores,
1301 3532 1361 3575 uec
1384 3531 1449 3575 non
1472 3510 1536 3574 illis
1560 3510 1631 3594 qui,
1655 3509 1733 3575 licet
1756 3510 1788 3573 in
1811 3509 1930 3574 alicnis

277 3614 444 3699 expensis,
466 3616 498 3679 in
521 3617 660 3703 propriis
675 3623 785 3682 tamen
798 3617 949 3703 personis
973 3634 1055 3679 onus
1072 3614 1159 3679 istud
1175 3615 1423 3701 assumpserint,
1447 3614 1537 3678 illam
1554 3632 1686 3677 suorum
1709 3621 1929 3698 peccatorum,

276 3716 318 3782 de
342 3716 460 3802 quibus
483 3720 646 3784 veraciter
668 3718 766 3784 corde
791 3719 921 3785 contriti
945 3726 978 3784 et
1000 3739 1056 3783 ore
1080 3719 1224 3784 confessi
1248 3720 1378 3799 fuerint,
1403 3719 1532 3784 veniam
1549 3717 1758 3803 indulgemus
1774 3719 1929 3806 ipsosque

276 3821 333 3884 illo
356 3822 532 3909 privilegio
556 3832 681 3911 eaque8
703 3823 908 3888 immunitate
938 3821 1084 3908 gaudere
1108 3824 1274 3902 volumus,
1307 3842 1370 3906 que
1394 3821 1494 3886 Terre
1519 3820 1638 3886 Sancte
1663 3823 1930 3887 succurrentibus

275 3923 309 3987 in
332 3925 481 4009 generali
504 3928 641 3993 concilio
666 3934 741 3993 sunt
765 3948 933 3993 concessa.
978 3927 1087 3992 Huius
1112 3948 1241 4013 quoque
1272 3927 1475 3992 remissionis
1499 3927 1709 3991 concedimus
1732 3948 1804 3993 osso
1829 3929 1928 4014 parti-

276 4027 366 4112 cipes
389 4029 484 4093 iuxts
506 4032 720 4116 quantitatem
744 4030 905 4096 subsidiih
934 4036 966 4094 et
989 4030 1170 4106 devotionis
1198 4031 1350 4094 affectum
1379 4050 1509 4107 omnes,
1541 4031 1595 4116 qui
1624 4031 1779 4096 adversus
1808 4030 1930 4096 dictum

275 4129 313 4195 F.
342 4137 377 4195 et
406 4133 478 4197 eius
507 4132 653 4200 fautores
688 4134 729 4200 de
762 4134 855 4198 bonis
887 4134 953 4196 suis
985 4150 1129 4217 congrue
1158 4132 1389 4197 ministrabunt
1419 4140 1476 4197 aut
1504 4134 1676 4198 consilium
1708 4139 1742 4198 et
1771 4133 1930 4196 auxilium

275 4233 497 4320 impenderint
521 4243 716 4322 oportunum
725 4238 750 4305 ².

382 4354 462 4423 Dat.
483 4354 647 4442 Lugduni,
670 4356 702 4419 V
723 4356 809 4422 Kal.¹
831 4354 918 4436 Iulii,
941 4375 1026 4419 anno
1050 4355 1156 4418 tertio.

895 4580 1020 4587 ——·-
1030 4581 1257 4588 ——..-—-
1264 4582 1270 4588 .
1276 4582 1305 4588 -—.

1062 4806 1149 4880 200.

378 4902 600 4996 Innocentius
620 4928 644 4995 1
649 4929 676 4992 V
687 4950 779 5011 popu
801 4929 1012 4994 Montorurrv'o
1037 4930 1186 4996 canocice
1208 4931 1327 4995 Aesica
1356 4935 1386 4996 et
1412 4930 1585 4996 umrriuutis
1611 4929 1730 4995 ciuilius
1751 4931 1880 4995 Accirris
1901 4934 1930 4994 ct

278 5033 429 5119 Philippo
449 5033 489 5098 da
510 5032 652 5117 Longam
675 5033 713 5099 de
728 5033 893 5099 Ramnete
915 5033 1032 5112 scribit,
1050 5053 1082 5098 sc
1103 5034 1276 5114 dcccmwrc,
1303 5039 1339 5098 ut
1356 5056 1418 5119 pro
1432 5034 1713 5117 reconpensatione
1735 5033 1929 5111 Missurum,

379 5259 405 5324 ι)
423 5261 493 5312 vires
510 5260 578 5313 deret
596 5260 628 5310 B.
714 5259 881 5334 bltrogumus
899 5288 931 5297 -
949 5262 1100 5313 mandantes
1121 5263 1190 5314 deest
1209 5261 1271 5324 Ha,
1289 5261 1326 5312 H.
1341 5261 1372 5312 B.
1466 5261 1489 5324 e)
1508 5262 1575 5327 quod
1594 5260 1656 5322 Hc,
1674 5258 1710 5309 Η.
1724 5256 1755 5309 Β.
1843 5255 1868 5322 d)
1887 5258 1929 5310 ad·

275 5360 353 5398 rme
362 5345 395 5396 B.
471 5347 495 5410 ο)
514 5364 591 5414 quam
608 5364 654 5415 per
670 5347 734 5399 alios
745 5347 808 5412 Hot,
825 5348 862 5400 H.
874 5347 906 5398 B.
976 5344 997 5414 s)
1010 5347 1072 5412 Hc,
1083 5347 1120 5399 II.
1130 5347 1177 5409 B.;
1196 5349 1218 5398 si
1230 5363 1261 5399 ex
1272 5346 1302 5398 P.
1378 5348 1404 5413 8)
1423 5349 1518 5414 illeque
1528 5346 1589 5409 Ha,
1600 5345 1637 5395 H.
1648 5344 1681 5396 B.
1759 5340 1784 5407 ¹¹)
1797 5345 1887 5396 susidii
1897 5344 1928 5396 ff.

275 5428 295 5495 Ι)
313 5432 351 5483 ld.
368 5431 422 5484 Hc.

382 5550 409 5618 l)
425 5549 564 5605 Hmrisrrs
581 5550 682 5621 Ruspe,
701 5552 773 5607 Mai.
792 5558 831 5607 22.
936 5553 964 5619 2)
983 5551 1108 5622 Epistola
1125 5553 1255 5625 megetiae
1272 5552 1356 5620 fuisse
1373 5550 1486 5619 addar,
1506 5566 1574 5619 quoe
1590 5549 1688 5619 ubique
1700 5566 1749 5618 per
1771 5550 1931 5605 Temenion

198 5648 230 5695 aa
278 5632 386 5711 ahda
402 5641 452 5701 retr
468 5635 505 5706 tf·
520 5642 620 5697 mot.
