4784 6332
842 444 1043 501 EPISTOLAE
1061 445 1251 503 SELEC'I'AE.
1287 447 1363 504 1246.
1876 457 1936 521 183

281 635 382 698 regno
398 613 558 682 Teotonic
582 617 717 698 obtinet,
742 639 761 682 a
783 619 950 685 nonnullis
973 620 1197 708 multipliciter
1219 624 1411 688 molestetur
1420 625 1442 704 ¹,
1466 630 1500 690 et
1522 624 1639 690 durum
1665 627 1708 691 sit
1723 627 1765 708 ei,
1788 629 1937 714 quotiens

282 738 381 803 super
410 718 536 784 iuribus
567 727 601 786 et
623 722 837 806 proventibus
866 722 1100 790 beneficiorum
1129 726 1274 812 ipsorum
1303 726 1438 792 iniurias
1465 728 1506 792 ab
1535 729 1700 816 aliquibus
1730 731 1863 816 patitur,
1895 731 1937 798 ad

281 820 443 906 prefatam
465 821 578 887 sedem
601 823 723 890 habere
748 844 929 891 recursum:
953 849 1024 908 nos,
1048 829 1197 894 volentes
1221 831 1405 916 superbiis
1429 832 1599 918 capellano
1622 831 1773 920 predicto
1790 835 1936 900 remedio

282 924 453 989 consulere
478 930 648 1010 oportuno,
672 927 875 1010 mandamus,
904 931 1058 1015 quatinus
1080 933 1143 1019 ipsi
1166 933 1218 998 vel
1242 934 1313 998 eius
1335 935 1618 1020 procuratoribus,
1646 937 1936 1024 quotienscumque

211 1051 223 1086 s
279 1027 323 1091 ab
353 1028 400 1092 eis
432 1027 533 1093 fueris
564 1029 755 1114 requisitus,
788 1052 886 1119 super
913 1035 1081 1119 premissis
1110 1036 1235 1102 iuribus
1268 1043 1302 1102 et
1323 1039 1539 1124 proventibus
1564 1046 1677 1105 contra
1700 1041 1864 1127 quoslibet
1886 1044 1936 1108 in-

281 1131 454 1197 iuriatores
477 1133 641 1218 capellani
664 1134 804 1222 predicti
827 1137 985 1204 exhibeas
1008 1141 1203 1206 auctoritate
1225 1147 1337 1206 nostra
1351 1142 1475 1209 iustitie
1491 1145 1784 1232 complementum;
1807 1150 1936 1212 contra·

281 1235 422 1300 dictores
438 1241 516 1312 etc.;
540 1274 581 1284 -
597 1238 831 1304 nonobstante
855 1241 1089 1306 constitutione
1113 1242 1154 1308 de
1178 1243 1306 1309 duabus
1329 1244 1426 1311 dietis
1449 1246 1539 1312 edita
1560 1247 1595 1312 in
1618 1246 1755 1312 concilio
1778 1249 1935 1334 generali.

387 1356 464 1425 Dat.
487 1357 650 1446 Lugduni,
670 1359 702 1424 V
723 1357 799 1426 Kal.
823 1360 986 1443 Octobris,
1010 1383 1095 1428 anno
1119 1362 1179 1430 IV.

903 1625 1314 1636 -—-·--.-—...——

1066 1870 1152 1944 245.

386 1979 605 2072 Innocentius
621 2009 646 2072 I
651 2008 678 2070 V
685 2029 773 2089 papa
786 2010 810 2093 [
806 2008 967 2094 Arnolda]
982 2010 1213 2093 arclstaptscopo
1230 2010 1413 2076 Trevercnsi
1429 2013 1575 2096 irrdntpet,
1599 2017 1633 2077 ut
1648 2013 1935 2077 arcbtrtcaconatnrn

202 2127 228 2164 10
285 2110 583 2189 Transrenanum,
605 2109 781 2196 [Henre'co]
797 2114 977 2196 praeposito
1003 2113 1182 2178 Coloniensi
1204 2113 1362 2191 collatam,
1392 2115 1428 2178 in
1449 2137 1510 2197 qno
1531 2121 1669 2180 castrum
1690 2117 1934 2181 enneadisnmnnr

279 2217 389 2278 caretro
410 2214 510 2280 hostes
531 2216 673 2280 eeclemac
694 2215 815 2293 lmbeat,
837 2235 962 2281 mensae
983 2235 1059 2280 snae
1080 2217 1182 2292 narrat,
1203 2217 1232 2282 si
1253 2216 1288 2282 id
1306 2239 1366 2298 per
1380 2218 1575 2284 arnicabilem
1591 2219 1784 2285 concordiam
1800 2219 1936 2284 obtinere

275 2317 387 2399 possit.
1578 2326 1673 2401 1246,
1696 2322 1780 2406 Sept.
1793 2325 1847 2388 28.

383 2439 447 2492 Ian.
460 2439 509 2493 IV
524 2439 587 2510 Rea.
606 2440 701 2509 val,
721 2446 789 2508 3245
807 2439 866 2496 Inb.
879 2440 902 2494 I
903 2440 934 2508 V,
946 2449 997 2496 119.

384 2525 482 2594 Barce
502 2532 574 2580 arra.

734 2649 1153 2744 ..archiepiscopo
1189 2651 1489 2729 Treverensi.
1613 2729 1615 2734 ,

390 2799 485 2864 Circa
512 2800 647 2884 negotia
674 2801 830 2880 ecclesie,
861 2822 924 2886 que
953 2799 1115 2887 intrepide
1138 2822 1177 2865 ac
1200 2803 1451 2887 magnanimiter
1474 2806 1697 2891 assumpsisti,
1732 2806 1780 2870 sic
1803 2811 1835 2870 te
1859 2827 1933 2891 per·

281 2903 454 2990 pendimus
477 2905 669 2986 ferventem,
697 2911 735 2968 ut
757 2905 901 2992 dignum,
932 2907 1030 2970 immo
1054 2905 1200 2971 debitum
1224 2915 1414 2993 reputemus
1437 2910 1613 2995 petitiones
1636 2915 1708 2974 tuas
1731 2908 1772 2972 ad
1795 2909 1934 2993 gratiam

282 3008 399 3073 celeris
431 3008 653 3074 exauditionis
688 3008 849 3073 admitti².
901 3009 984 3074 Oum
1017 3009 1130 3094 igitur,
1167 3009 1251 3075 sicut
1280 3012 1375 3077 nobis
1409 3033 1576 3099 exponere
1613 3011 1780 3092 curavisti,
1816 3011 1936 3076 dilecto

283 3111 350 3176 lilio
375 3160 382 3175 .
400 3162 407 3177 .
427 3113 542 3177 maiori
565 3112 733 3199 preposito
750 3112 940 3178 Coloniensi
957 3111 1259 3179 archidiaconatum
1274 3115 1538 3181 Transrenanum
1555 3115 1695 3181 ecclesie
1712 3114 1935 3195 Treverensis‚

200 3259 211 3273 .
284 3215 327 3279 ad
349 3215 558 3280 donationem
577 3223 667 3281 tuam
682 3222 893 3302 spectantem,
918 3217 951 3281 in
970 3238 1034 3302 quo
1051 3216 1215 3302 quoddam
1231 3224 1375 3283 castrum
1391 3219 1521 3285 obtines
1538 3225 1653 3284 contra
1667 3218 1778 3283 hostes
1794 3219 1936 3284 ecclesie

282 3319 536 3384 munitissimum
564 3326 597 3386 et
624 3320 798 3401 famosum,
827 3321 868 3386 ad
897 3321 988 3386 cuius
1019 3319 1204 3386 custodiam
1229 3328 1378 3407 sumptus
1402 3343 1466 3387 non
1490 3322 1607 3386 modici
1630 3320 1847 3406 requiruntur,
1877 3342 1938 3406 per

283 3423 368 3509 quod
391 3424 452 3487 toti
475 3428 623 3488 contrata
647 3445 685 3488 ac
709 3426 849 3491 ecclesie
873 3425 1275 3490 Trevercusiimmineret
1297 3425 1479 3512 periculum
1502 3424 1625 3511 grande
1650 3424 1753 3505 nimis,
1784 3424 1821 3504 si,
1849 3423 1936 3509 quod

282 3527 384 3608 absit,
418 3527 459 3593 ad
495 3547 611 3592 manus
645 3528 850 3594 inimicorum
881 3527 1127 3615 quomodolibet
1158 3527 1341 3609 deveniret,
1377 3528 1510 3594 duxeris
1538 3525 1785 3606 conferendum,
1825 3526 1935 3612 sisque

283 3637 417 3718 paratus
447 3631 747 3698 archidiaconatum
775 3634 876 3697 alium
905 3632 969 3696 sibi
996 3630 1073 3696 dare
1102 3652 1168 3696 non
1196 3632 1302 3696 miuus
1330 3632 1386 3696 illo
1412 3632 1446 3695 in
1476 3630 1654 3696 redditibus
1676 3629 1934 3696 habundantem:

198 3752 212 3790 ²
283 3736 377 3802 nobis
400 3736 567 3802 humiliter
590 3737 791 3822 supplicasti,
814 3743 851 3802 ut
873 3736 934 3801 tibi
956 3734 1143 3822 applicandi
1166 3734 1313 3801 redditus
1337 3734 1618 3800 archidiaconatus
1642 3733 1790 3799 eiusdem
1813 3733 1935 3797 Trans-

281 3841 396 3905 renani
418 3859 532 3905 meuse
556 3845 612 3904 tue
632 3840 747 3905 usibus
768 3840 935 3906 licentiam
950 3839 1154 3924 largiremur.
1191 3837 1260 3904 Nos
1276 3839 1384 3924 igitur,
1407 3837 1620 3924 petitionibus
1636 3837 1701 3902 tuis
1717 3858 1779 3903 nec
1793 3836 1936 3924 indignis

282 3943 389 4028 gratia
411 3964 472 4008 nec
496 3944 607 4008 favore
631 3944 743 4008 vacuis
766 3943 929 4023 inclinati,
957 3942 1043 4028 quod
1067 3941 1251 4028 predictum
1278 3939 1576 4006 archidiaconatum
1600 3940 1878 4020 Transrenanum,
1908 3941 1938 4004 si

281 4046 315 4110 id
344 4068 404 4134 per
429 4046 637 4112 amicabilem
666 4047 874 4112 concordiam
898 4067 918 4110 a
941 4043 1089 4131 predicto
1118 4046 1286 4132 preposito
1314 4047 1437 4132 poteris
1467 4045 1633 4124 obtinere,
1661 4045 1802 4109 retinere
1825 4044 1936 4109 valeas

283 4172 387 4237 usque
411 4150 451 4215 ad
475 4157 587 4216 nostre
610 4151 854 4236 beneplacitum
869 4149 1057 4227 voluntatis,
1081 4149 1275 4214 auctoritate
1300 4149 1359 4213 tibi
1374 4149 1575 4234 presentium
1591 4146 1809 4233 indulgemus.
1847 4145 1936 4211 Nulli

195 4277 226 4316 co
283 4276 363 4341 ergo
386 4255 517 4319 omnino
541 4291 582 4302 —
605 4259 717 4320 nostre
742 4251 966 4319 concessionis
989 4258 1053 4316 etc.
1097 4252 1133 4317 si
1156 4254 1227 4338 quis
1250 4258 1313 4318 etc.

392 4373 469 4439 Dat.
492 4373 657 4459 Lugduni,
679 4373 730 4438 IV
752 4371 828 4440 Kal.
851 4371 1017 4454 Octobris,
1041 4392 1124 4436 anno
1148 4371 1208 4438 IV.

904 4633 1315 4644 ...-.....—.—--—-—-

1068 4878 1154 4953 246.

388 4993 605 5088 Innocentius
620 5022 644 5087 1
648 5022 677 5088 V
689 5041 780 5103 popa
799 5019 970 5105 [Roberto]
991 5021 1130 5105 cpismpo
1150 5020 1317 5086 Leadtenst
1343 5020 1487 5100 nmndot,
1515 5023 1550 5085 at
1571 5019 1729 5084 indevotos
1750 5019 1887 5085 ctattcrtis
1908 5023 1937 5083 ct

282 5127 412 5194 diocesis
433 5146 509 5192 snae
528 5127 643 5209 pretiis
664 5147 686 5191 a
707 5125 776 5190 sede
798 5125 969 5208 apostolica
990 5125 1140 5189 concessis
1156 5124 1271 5204 privet.
1619 5124 1714 5202 1246,
1739 5121 1803 5187 Oct.
1817 5127 1849 5186 3.

388 5247 450 5301 Iam.
464 5246 511 5300 IV
525 5245 590 5315 Req.
609 5244 701 5312 VatL
720 5251 782 5311 326‚·
799 5243 860 5299 aa.
873 5244 893 5297 l
896 5243 926 5312 V,
945 5251 1001 5299 128.
1040 5243 1210 5298 Οοηιιιὶίηιιω
1230 5243 1301 5298 hanc
1321 5245 1456 5312 epistolam
1477 5259 1537 5297 mern
1558 5242 1615 5296 otia
1632 5241 1669 5295 ad
1686 5242 1793 5296 verbnm
1810 5257 1871 5296 cum
1887 5240 1938 5296 bac

193 5351 223 5390 ³⁵
281 5333 470 5400 concordam,
489 5349 571 5401 msam
583 5349 661 5402 popa
678 5333 754 5386 electa
772 5331 953 5398 Ferarmnst,
970 5349 1030 5386 carn
1047 5333 1150 5402 legatas
1166 5331 1324 5400 apostatans
1337 5347 1387 5400 per
1409 5330 1563 5386 Tentandum
1579 5329 1664 5398 ficret,
1686 5329 1737 5384 snb
1755 5329 1835 5384 Iade
1851 5327 1938 5394 misia

281 5439 304 5476 v.
323 5438 351 5475 n.
369 5427 427 5488 204,
447 5419 503 5473 ΠΙ
517 5419 569 5489 [1].

387 5507 486 5576 Hesper
500 5512 571 5561 2123.

699 5647 800 5654 --...
1277 5645 1444 5653 ...n-—u-—n-

386 5750 412 5818 1)
433 5747 473 5818 Os.
487 5765 515 5818 p.
531 5755 585 5816 178,
605 5753 658 5802 not.
670 5757 693 5803 5.
780 5747 808 5815 2)
830 5745 871 5815 Os.
886 5745 1017 5815 Potttoat,
1038 5745 1101 5815 Rea.
1116 5753 1276 5802 valona-c
1292 5751 1317 5799 et
1335 5743 1439 5814 Bcrqer
1455 5750 1531 5812 2264,
1548 5749 1620 5801 2303.
