4784 6334
857 371 1058 428 EPISTOLAE
1076 369 1266 428 SELEOTAE.
1301 370 1379 428 1248.

1077 711 1164 786 596.

401 823 618 918 Innocentius
640 852 695 918 IV
710 873 800 937 popo
821 854 960 934 episcopo
986 854 1151 920 Catinensi
1165 857 1298 934 propter·
1319 850 1506 916 devotionem
1528 867 1620 912 snam
1646 847 1796 929 concedit,
1825 854 1860 913 nt
1881 871 1950 915 onon

296 975 359 1020 noro
381 957 491 1021 clerico
512 976 569 1021 suo
590 977 684 1037 snper
701 957 893 1038 pluralitate
915 957 1131 1038 beneficiorum
1153 958 1337 1038 dispensare
1354 955 1466 1037 possit.
1633 953 1726 1031 1248,
1752 953 1817 1022 Oct.
1833 961 1863 1023 7.

400 1075 463 1129 Inn.
476 1077 498 1131 Ι
500 1076 525 1129 V
540 1075 605 1146 Περ.
626 1076 685 1130 Inb.
704 1075 751 1143 VI,
766 1076 837 1144 fior,
854 1093 883 1132 n.
894 1083 952 1132 307.
984 1077 1109 1147 Epicteti
1126 1094 1184 1132 non
1201 1083 1264 1132 ann
1282 1077 1397 1132 medinm
1414 1091 1526 1131 massan
1544 1072 1607 1125 Ian.
1625 1082 1729 1131 a-1249
1745 1079 1885 1144 rerrsnne
1903 1083 1948 1132 cst.

401 1162 530 1232 Pcttlrast,
549 1163 714 1233 ch.13516;
732 1163 831 1234 Bcrpcr
845 1171 917 1219 4299.

842 1399 883 1419 ..
912 1341 1122 1436 episcopo
1151 1341 1407 1418 Catinensi¹.

403 1491 582 1558 Deuotioni
605 1498 671 1574 tue,
695 1515 792 1579 quam
815 1515 895 1578 erge
918 1492 1031 1558 sedem
1054 1493 1266 1577 apostolicam
1283 1495 1425 1578 gessisse
1442 1502 1476 1561 te
1494 1497 1654 1579 novimus,
1677 1497 1826 1562 volentes
1842 1497 1951 1560 locere

296 1596 435 1680 gratiam
468 1597 660 1682 specialem,
695 1597 760 1661 tuis
796 1595 1090 1682 supplicationibus
1121 1595 1283 1676 inclinati,
1320 1599 1522 1682 presentium
1555 1600 1617 1664 tibi
1649 1601 1843 1665 auctoritate
1875 1619 1951 1663 con·

298 1697 460 1780 cedimus,
490 1706 527 1763 ut
556 1720 629 1764 cum
657 1721 722 1764 uno
750 1700 869 1764 clerico
897 1706 970 1778 tuo,
1001 1719 1099 1784 quem
1125 1698 1270 1764 moribus
1299 1705 1333 1764 et
1355 1701 1495 1765 scientia
1517 1704 1648 1770 noveris
1672 1702 1836 1782 adiuvari,
1865 1701 1952 1787 quod

297 1801 460 1866 beneficia
489 1803 732 1884 ecclesiastica,
764 1804 863 1868 etiam
893 1804 922 1868 si
945 1823 1056 1867 curam
1079 1801 1225 1867 habeant
1247 1802 1427 1866 animarum
1451 1825 1631 1886 annexam,
1661 1806 1689 1870 si
1711 1805 1774 1870 sibi
1797 1806 1952 1870 canonice

299 1904 487 1984 offerantur,
516 1928 620 1992 usque
648 1909 690 1972 ad
718 1928 879 1972 summam
902 1907 1017 1992 viginti
1044 1907 1212 1971 unciarum
1242 1908 1314 1971 auri
1336 1907 1426 1972 licite
1450 1909 1599 1994 recipere
1623 1930 1661 1974 ac
1684 1910 1787 1974 libere
1810 1910 1952 1974 retinere

298 2010 402 2094 possit
424 2047 466 2058 —
491 2011 718 2076 constitutione
746 2011 933 2097 generalis·
961 2011 1091 2075 concilii
1121 2031 1186 2074 non
1214 2010 1366 2075 obstante
1391 2047 1446 2092 -,
1477 2013 1672 2078 auctoritate
1700 2019 1813 2077 nostra
1840 2014 1952 2077 valeas

299 2112 502 2199 dispensare,
524 2115 655 2199 proviso
678 2113 765 2200 quod
788 2115 950 2180 beneficia
972 2115 1043 2200 ipsa
1066 2112 1186 2178 debitis
1211 2120 1273 2178 eto.
1298 2135 1418 2199 usque:
1442 2116 1640 2201 negligatur.

401 2232 480 2300 Dat.
502 2233 667 2322 Lugduni,
690 2233 775 2302 Nou.
799 2235 962 2317 Octobris,
987 2258 1072 2301 anno
1088 2235 1184 2301 V102.

1086 2814 1172 2889 597.

404 2924 624 3018 Innocentis
652 2954 711 3020 ιν
727 2975 819 3039 papa
844 2955 949 3042 fratrs
974 2955 1114 3019 nonno
1142 2954 1180 3019 o
1210 2955 1320 3020 auree
1342 2954 1602 3020 Praeteritorum
1625 2955 1871 3039 monstrare
1898 2975 1955 3019 so

300 3057 508 3140 dispensandi
540 3079 608 3122 cnm
634 3057 821 3144 [Bertoldo]
852 3059 961 3124 obbotc
994 3059 1106 3124 Sancti
1143 3059 1249 3139 Golli,
1284 3063 1320 3123 ul
1353 3079 1421 3123 cnm
1455 3059 1634 3140 episcopatu
1668 3057 1828 3137 armus,
1866 3059 1956 3125 cnins

300 3163 460 3244 opiscopus
480 3160 697 3248 [Volcordus]
718 3163 851 3241 cesserit,
873 3161 1033 3226 abbatiam
1055 3182 1145 3226 snam
1166 3162 1302 3227 retinere
1320 3161 1430 3242 possit,
1451 3160 1634 3242 fucultatem
1655 3161 1800 3230 concedit.

1615 3268 1710 3344 1248,
1735 3264 1799 3330 oo.
1816 3268 1867 3330 13.

405 3350 469 3404 um.
482 3349 530 3404 rr
544 3350 608 3420 Ro·
627 3351 688 3406 ne.
704 3351 753 3419 rr
768 3352 788 3417 s.
803 3359 827 3418 e,
844 3368 872 3404 n.
886 3357 939 3405 ror.

405 3436 533 3506 Pectines,
553 3437 616 3507 Rep.
629 3445 727 3506 mors·
744 3439 843 3508 Bere
855 3444 928 3493 4184.

360 3651 506 3724 Fratri
533 3650 726 3725 Henrico
754 3653 804 3726 de
832 3652 987 3726 ordine
1014 3651 1351 3725 Prodicatorum
1379 3650 1703 3742 penitentierio
1731 3656 1902 3724 nostre.

410 3799 493 3864 Cum
521 3822 581 3886 per
609 3807 642 3866 ts
673 3807 807 3886 recepta
845 3802 994 3866 cessione
1022 3799 1218 3864 venerabilis
1248 3800 1359 3864 fratris
1390 3801 1493 3865 nostri
1521 3851 1558 3867 ..
1592 3801 1738 3887 episcopi
1767 3800 1955 3865 Ouriensis⁸

302 3902 494 3968 mandemus
523 3905 636 3990 prefici
664 3904 819 3969 dilectum
851 3906 954 3969 lilium
978 3954 1010 3970 ..
1034 3904 1189 3969 abbatem
1218 3902 1331 3967 Sancti
1356 3903 1444 3968 Galli
1467 3903 1620 3968 Ouriensi
1652 3903 1790 3969 ecclesie
1822 3905 1856 3968 in
1883 3904 1953 3990 epi-

302 4027 437 4092 scopum
461 4014 494 4071 et
521 4009 725 4094 pestorem⁴:
757 4009 833 4093 quia
859 4009 904 4072 ita
931 4009 1089 4073 claruisse
1117 4007 1299 4072 dinoscitur
1328 4007 1406 4072 dicti
1437 4007 1566 4072 abbatis
1598 4007 1728 4072 devotio
1758 4008 1896 4093 probata
1923 4008 1956 4070 in

304 4109 501 4175 necessitate
516 4132 580 4196 qua
593 4118 832 4196 cognoscuntur
847 4111 953 4190 amici,
974 4118 1011 4175 ut
1027 4111 1200 4197 specialish
1218 4111 1363 4175 caritatis
1379 4111 1586 4197 prerogativa
1601 4110 1775 4195 diligentes
1793 4108 1955 4190 eumdem,

306 4215 474 4299 cupiamus
506 4235 581 4279 eum
611 4216 766 4301 prosequi
796 4217 903 4300 gratia
934 4222 966 4279 et
993 4215 1137 4294 levore⁶,
1168 4213 1380 4302 dispensandi
1409 4235 1481 4279 cum
1512 4235 1567 4294 eo,
1599 4221 1635 4278 ut
1664 4235 1737 4278 curn
1767 4214 1957 4300 episcopatu

305 4315 456 4382 (turiensi
477 4319 581 4402 possit
602 4317 769 4383 abbatiam
793 4317 905 4382 Sancti
928 4317 1015 4382 Galli
1037 4324 1150 4382 tenere
1173 4337 1276 4402 usquc
1300 4316 1341 4381 od
1364 4322 1475 4380 nostre
1498 4317 1740 4401 beneplacitum
1763 4316 1954 4396 voluntatis,

305 4421 501 4485 auctoritate
529 4421 589 4485 tibi
618 4424 818 4508 presentium
848 4420 1056 4486 concedimus
1086 4421 1278 4486 facultatem
1301 4456 1342 4466 —
1365 4442 1431 4484 nou
1458 4421 1610 4484 obstante
1641 4419 1861 4504 indulgentia,
1892 4441 1957 4505 qua

306 4523 411 4588 ordini
439 4530 494 4587 tuo
523 4523 641 4588 dicitur
670 4524 711 4588 ab
741 4525 919 4610 apostolica
951 4523 1029 4588 sede
1059 4544 1264 4604 concessum,
1298 4530 1335 4587 ut
1363 4523 1443 4587 dicti
1473 4522 1594 4587 ordinis
1626 4524 1744 4587 fratres
1773 4523 1814 4588 ds
1848 4523 1955 4586 causis

306 4627 360 4692 vel
392 4627 532 4712 negotiis
565 4627 606 4691 ab
639 4626 753 4692 eadem
784 4628 862 4693 sede
892 4627 1130 4692 committendis
1159 4627 1284 4692 eisdem
1315 4647 1379 4690 nou
1411 4632 1584 4690 teneantur
1614 4646 1811 4712 cognoscere
1840 4627 1893 4690 vel
1920 4648 1957 4691 se

411 4853 436 4920 ⁸)
457 4854 526 4922 gual*
542 4855 574 4907 lt.
680 4854 704 4921 b)
722 4854 827 4923 speciali
845 4853 877 4906 R.

412 4974 438 5040 1)
458 4971 589 5026 Calenum
611 4989 644 5027 ca
665 4979 728 5043 sept.
750 4979 773 5028 ot
794 4989 845 5029 ooo.
868 4973 914 5028 oio.
928 4973 1044 5042 Gopuoc
1080 4971 1234 5040 episopus
1258 4971 1303 5024 illc
1319 4971 1416 5024 Petrus
1438 4971 1524 5036 sulm
1546 4971 1656 5040 auom,
1679 4971 1727 5040 oni
1749 4989 1775 5026 o.
1788 4976 1960 5026 1244-1247

307 5059 383 5130 aprcd
399 5060 504 5114 mnium
516 5061 642 5129 populoru
658 5061 785 5114 molat
802 5065 825 5114 ct
838 5065 934 5130 postca
948 5059 1106 5114 Sorrcntnm
1122 5057 1273 5110 trornlotus
1290 5062 1340 5123 cst,·
1356 5056 1387 5123 cs.
1401 5056 1687 5124 Hnillord-Brc'bollcs,
1704 5056 1720 5110 l.
1732 5071 1753 5110 c.
1766 5063 1784 5110 t.
1800 5056 1846 5123 VI,
1859 5073 1889 5124 p.
1901 5061 1957 5110 333.

307 5148 334 5211 2)
359 5147 415 5202 Surb
434 5145 489 5202 Oct.
506 5154 538 5202 15
560 5163 637 5216 popo
658 5147 806 5215 Anopninc
829 5151 853 5200 ct
875 5145 1009 5198 Vernlono
1032 5143 1159 5212 episcopis
1181 5141 1332 5212 mondavit,
1359 5147 1390 5196 ut
1410 5142 1555 5197 Dominico
1578 5143 1669 5196 οὼήοο
1692 5142 1804 5210 cpmcopi
1826 5141 1958 5209 neroque

311 5237 420 5291 Stratos
439 5233 626 5304 providero&
648 5234 744 5302 Bcrper
767 5240 847 5300 42985
871 5232 1004 5299 Panno,
1029 5232 1094 5299 Rip.
1111 5236 1204 5285 13515.
1308 5230 1336 5296 3)
1359 5229 1402 5283 Dc
1421 5229 1470 5282 loc
1493 5229 1525 5296 cf.
1547 5245 1576 5283 n.
1590 5236 1646 5284 sto.
1750 5228 1778 5295 4)
1803 5226 1842 5293 ΟΥ.
1859 5232 1957 5281 n.580.

309 5325 337 5392 5)
358 5323 416 5378 Sub
433 5323 500 5390 Sept.
516 5329 618 5388 lpopo
640 5319 727 5373 oblati
748 5318 940 5373 morwstcrinm
961 5316 992 5370 de
1011 5317 1122 5371 llinowc
1142 5315 1314 5381 ocmmr'somt,
1339 5331 1401 5368 oum
1420 5314 1557 5382 episcopus
1575 5311 1800 5379 Constantinum,
1823 5311 1868 5365 cni
1890 5310 1959 5364 runo

309 5414 390 5464 nura
407 5407 581 5475 commisisset,
604 5406 681 5460 robus
702 5404 828 5459 barnonis
844 5409 978 5472 coemptus
995 5409 1071 5469 essct,·
1097 5401 1234 5468 Potllrost,
1253 5400 1533 5469 ch.13015-13017.
1571 5399 1630 5454 Sub
1650 5398 1736 5453 codem
1757 5397 1801 5451 dic
1826 5395 1916 5450 abban
1935 5402 1959 5449 et

308 5496 448 5550 mnoomni
467 5494 562 5550 Sancti
582 5493 655 5548 Galli
671 5497 837 5560 mnorssnat,
854 5497 885 5544 nt
902 5491 1033 5546 abacos
1050 5488 1081 5543 dc
1097 5489 1177 5556 Wuo,
1196 5490 1226 5541 in
1242 5505 1297 5556 qno
1314 5487 1360 5542 ins
1373 5492 1537 5556 munemne
1554 5486 1684 5555 balneet
1710 5501 1772 5540 mom
1788 5499 1845 5537 com
1862 5499 1959 5538 vocure

308 5584 474 5654 oontirrpnot,
497 5582 528 5636 in
541 5581 667 5652 proprior
683 5595 751 5642 suut
768 5578 922 5652 rainneri,
944 5576 1009 5638 U-B.
1027 5575 1053 5638 d,
1071 5576 1130 5636 An.
1151 5575 1191 5633 Sl.
1205 5573 1310 5648 Gallos,
1329 5579 1347 5629 t.
1364 5574 1423 5645 m,
1435 5591 1465 5650 p.
1478 5581 1531 5650 119,
1554 5589 1582 5626 n.
1595 5577 1684 5632 coro
1702 5577 1768 5642 9083
1788 5587 1856 5646 onoc
1872 5586 1912 5646 ep.
1928 5570 1960 5628 in

311 5671 373 5747 nep.
390 5687 448 5726 non
465 5674 562 5734 man,
