4328 6232
706 334 907 393 EPISTOLAE
926 335 1117 394 SELEC'PAE.
1153 338 1227 395 1244„

332 573 372 594 ..
402 519 645 610 preposito
678 522 720 591 et
752 572 792 590 ..
820 517 1006 592 decano
1044 519 1247 593 ecclesie
1281 521 1438 594 sancti
1472 520 1603 594 Petri

515 638 852 713 Namurcensis
888 638 1172 713 Leodiensis
1204 640 1422 714 diocesis.

247 788 354 855 Iurati
376 796 410 855 et
432 788 558 853 scabini
578 788 656 852 ville
679 787 720 853 de
737 787 957 852 Valencenis⁸
981 785 1231 853 Cameracensis
1255 788 1397 853 diocesis
1425 810 1484 854 sua
1510 791 1605 856 nobis
1635 791 1794 878 petitione

148 898 379 973 monstrarunt,
410 891 495 977 quod
523 912 597 956 cum
626 891 689 977 ipsi
720 891 762 956 de
791 891 924 955 licentia
952 896 986 955 et
1014 889 1168 954 mandato
1198 891 1318 956 nobilis
1348 893 1409 956 viri
1432 942 1466 958 ..
1490 895 1617 958 comitis
1639 893 1794 960 Flandrie

92 1015 105 1051 ⁵
147 996 263 1061 domini
291 996 356 1060 loci
387 994 534 1060 eiusdem
565 993 719 1060 duxerint
751 993 977 1076 statuendum,
1013 1001 1049 1058 ut
1077 993 1118 1057 ad
1146 995 1413 1060 exonerationem
1443 995 1641 1078 debitorum,
1678 998 1795 1084 quibus

147 1100 298 1186 premitur
326 1098 399 1185 ipsa
427 1098 519 1179 villa,
551 1103 618 1162 tam
641 1117 661 1160 a
683 1096 908 1163 venditoribus
939 1117 1035 1182 quam
1064 1097 1267 1184 emptoribus
1294 1119 1353 1184 pro
1386 1100 1522 1184 singulis
1551 1099 1794 1166 venditionibus

146 1208 176 1268 et
200 1200 422 1289 emptionibus
453 1201 546 1265 iuxta
572 1201 719 1265 valorem
747 1200 795 1266 rei
823 1198 956 1264 vendite
988 1221 1026 1263 ac
1060 1207 1284 1266 contractuum
1315 1202 1507 1287 qualitatem
1535 1224 1662 1268 necnon
1689 1210 1722 1269 et
1752 1203 1793 1268 ab

145 1305 213 1370 aliis
236 1303 387 1371 eiusdem
410 1304 488 1369 ville
510 1303 695 1369 hominibus
718 1303 760 1368 de
783 1302 879 1367 bonis
903 1303 971 1367 suis
994 1304 1281 1390 proportionaliter
1304 1312 1396 1370 certa
1419 1309 1703 1393 summopecunis
1718 1329 1793 1395 pcr-

146 1408 297 1486 solvatur,
324 1407 435 1473 clerici
463 1405 548 1472 dicte
571 1407 647 1472 ville
675 1408 708 1471 in
737 1408 918 1473 minoribus
943 1406 1111 1471 ordinibus
1135 1409 1317 1490 constituti,
1345 1410 1570 1476 licetuxores
1594 1410 1795 1477 habeantet

146 1513 262 1600 passim
292 1511 532 1597 negotiationes
560 1518 627 1576 tam
656 1512 736 1590 vini,
772 1532 968 1598 pannorum,
999 1511 1148 1575 lanarum
1172 1531 1270 1596 quam
1302 1513 1383 1577 alias
1417 1522 1597 1581 exerceant
1626 1516 1793 1582 seculares

145 1615 267 1681 clericis
300 1613 507 1693 interdictas,
542 1621 576 1680 et
604 1616 697 1680 lucra
728 1615 828 1680 etiam
854 1635 1043 1695 usurarum,
1075 1615 1258 1701 predictam
1289 1623 1445 1682 statutam
1475 1640 1635 1685 summam
1666 1619 1793 1684 solvere

145 1719 284 1785 indebite
308 1719 546 1800 contradicunt,
571 1719 779 1806 privilegium
801 1718 1017 1782 immunitatis
1042 1718 1266 1783 ecclesiastice
1290 1721 1526 1805 pretendendo,
1551 1723 1712 1788 incorum
1728 1742 1793 1785 non

144 1822 303 1888 modicum
332 1821 575 1887 detrimentum.
620 1821 767 1908 Ideoque
802 1820 1011 1904 mandamus,
1047 1822 1214 1906 quatinus,
1249 1823 1277 1886 si
1305 1831 1356 1888 cst
1382 1826 1444 1907 ita,
1481 1826 1627 1913 prefatos
1656 1825 1793 1891 clericos

144 1949 237 2014 super
268 1926 423 2015 predictis
452 1949 471 1990 a
499 1927 673 2013 privilegio
704 1926 918 1991 immunitatis
949 1926 1175 1991 ecclesiastice
1207 1925 1407 1995 denuntietis
1438 1930 1568 2015 penitus
1598 1929 1725 1995 alienos
1755 1949 1794 1993 ac

89 2052 106 2090 a
143 2029 219 2095 illud
243 2030 293 2095 cis
315 2029 450 2095 minimo
475 2030 647 2116 suffragari
670 2030 702 2094 in
726 2030 829 2116 ipsius
853 2030 932 2093 villa
956 2029 1110 2094 oneribus
1135 2030 1376 2117 supportandis.

246 2150 324 2218 Dat.
346 2150 501 2217 Lateran.
525 2151 576 2217 ΠΙ
599 2151 649 2218 Id.
671 2151 849 2217 Decembr.
873 2149 971 2238 [anno
993 2147 1145 2237 primo]¹'.

761 2447 1173 2454 *a*

932 2745 994 2818 45.

241 2859 459 2952 Innocentius
474 2887 499 2951 Ι
503 2886 530 2950 V
545 2908 638 2968 papa
653 2884 837 2970 [Lndewica
852 2884 925 2968 IX]
945 2886 1012 2967 rapi
1026 2884 1187 2949 Franciae
1210 2885 1339 2949 nuntiat
1361 2904 1393 2949 sc
1414 2883 1458 2949 ad
1474 2903 1583 2967 preces
1605 2885 1673 2949 eins
1686 2883 1793 2968 [Ray-

138 2990 286 3056 mnndnm
306 2991 393 3077 VII]
407 2992 545 3057 comitem
559 2991 747 3056 Tolosanum
763 2989 803 3052 ab
818 2988 961 3052 omnibns
975 2990 1328 3054 excommunicationum
1344 2990 1506 3055 sententiis
1517 2987 1794 3073 permarinum]

135 3094 398 3176 archiepiscopum
412 3093 588 3159 Barensem
609 3093 729 3158 absolvi
746 3091 861 3176 secisse
883 3111 1011 3174 musque
1025 3092 1201 3158 absolatnm
1217 3092 1261 3158 ad
1268 3093 1484 3174 praesentem
1499 3111 1589 3156 snam
1604 3091 1794 3156 accedentem

73 3218 95 3257 a
134 3195 219 3282 facie
241 3216 353 3262 serena
374 3196 533 3279 recepisse.
1464 3197 1558 3274 1244,
1580 3196 1657 3262 Ian.
1675 3199 1704 3260 1.

239 3317 303 3371 Ian
315 3315 366 3370 IV
380 3316 442 3385 Rep.
461 3314 555 3384 voit,
573 3322 618 3376 60‚·
637 3313 737 3381 Liar,
755 3318 813 3368 358.
847 3311 994 3380 Exemplar
1013 3311 1154 3382 Rammldi
1164 3314 1238 3367 Ana.
1258 3313 1586 3378 ecct.a.1244§1?cum
1599 3313 1715 3382 Repertis
1731 3329 1792 3367 con⁴

137 3403 198 3455 ruta
214 3407 238 3456 et
255 3418 288 3456 a
305 3402 342 3456 eis
358 3403 488 3471 supplevit
505 3401 533 3456 V.
549 3401 590 3455 01.
604 3402 639 3454 A.
653 3400 734 3455 Mart.

239 3488 370 3557 Pennas,
391 3488 453 3558 aa.
469 3495 559 3554 nara
576 3487 675 3556 Repe
685 3492 742 3540 sco.

301 3681 559 3756 Carissimo
586 3681 632 3754 iu
660 3679 849 3753 Christo
878 3679 981 3753 filio
1010 3734 1049 3753 ..
1077 3679 1263 3753 illustri
1290 3678 1386 3773 regi
1415 3677 1622 3755 Francis.

242 3829 365 3896 Pacem
392 3830 516 3896 habore
546 3850 620 3893 cum
648 3827 815 3908 omnibus,
848 3828 876 3891 ai
903 3827 974 3892 fieri
1003 3833 1127 3913 potest,
1158 3828 1253 3893 iuxta
1274 3828 1411 3892 verbum
1439 3828 1578 3914 apostoli
1606 3829 1789 3916 cupientes,
1800 3851 1902 3906 aonio,
1913 3859 1945 3898 rs.

138 3933 275 3999 libenter
297 3933 339 3998 ad
362 3934 433 3999 eius
457 3932 570 3998 federa
592 3932 763 4010 flectimur,
786 3929 1028 3995 reconciliando
1051 3930 1146 3994 nobis
1171 3931 1337 4016 quoslibet
1359 3938 1393 3996 et
1409 3930 1634 3996 discordantes
1649 3933 1791 3996 maxime

138 4055 191 4119 pro
217 4036 337 4121 quibus
368 4034 529 4102 celsitudo
553 4035 646 4121 regia
673 4033 866 4115 intercedit,
899 4040 933 4099 et
956 4032 997 4097 ad
1020 4033 1243 4098 reducendum
1266 4055 1357 4100 more
1380 4034 1459 4099 boni
1481 4035 1621 4121 pastoris
1645 4034 1790 4100 humeris

138 4139 254 4202 nostris
280 4139 323 4203 ad
350 4141 477 4205 caulam
504 4140 671 4204 iuventam
693 4158 802 4216 ovem,
835 4157 932 4222 quam
955 4136 1138 4223 perdidisse
1161 4137 1355 4202 videbamur
1377 4137 1554 4219 hactenus,
1585 4138 1789 4202 inclinamur.
1804 4161 1932 4216 imeras.

139 4239 216 4304 Oum
245 4241 344 4328 igitur
372 4241 509 4308 dilectus
539 4243 624 4307 filius
648 4242 768 4306 nobilis
792 4242 840 4306 vir
865 4262 978 4306 comes
1001 4240 1186 4305 Tolosanus
1209 4241 1299 4305 visus
1321 4241 1420 4306 fuerit
1443 4241 1485 4306 ab
1509 4241 1587 4306 olim
1612 4243 1792 4328 apostolice

139 4344 223 4411 sedis
246 4346 386 4432 gratiam
408 4367 475 4411 non
496 4345 631 4428 habere,
655 4368 741 4411 nunc
757 4344 798 4410 ad
815 4367 889 4411 eam
906 4343 1101 4431 captandam
1118 4345 1194 4408 totis
1211 4344 1335 4409 viribus
1357 4352 1511 4430 satagens
1536 4366 1574 4409 ac
1596 4364 1632 4408 se
1649 4345 1792 4409 offerens

137 4468 198 4514 non
227 4449 299 4516 sina
327 4450 430 4514 multa
458 4449 695 4515 intercessione
718 4455 905 4535 promptum
929 4447 971 4513 ad
994 4454 1108 4513 nostra
1130 4446 1342 4534 beneplacita
1365 4455 1398 4512 et
1420 4454 1587 4535 paratum,
1620 4447 1708 4535 apud
1730 4469 1791 4513 uos

138 4558 168 4616 et
187 4552 306 4619 iratres
329 4559 470 4634 nostros,
494 4553 650 4640 suffragio
674 4573 807 4640 precum
831 4559 961 4616 tuarum
984 4552 1097 4632 fultus,
1120 4551 1287 4616 humiliter
1302 4551 1422 4616 institit
1438 4557 1472 4616 et
1487 4550 1616 4616 devote.
1654 4549 1698 4615 Et
1713 4551 1792 4615 licet

138 4655 331 4738 crederetur,
355 4654 442 4742 quod
464 4655 505 4719 ad
529 4677 767 4742 quamcumque
793 4656 999 4742 frequentem
1024 4656 1094 4720 eius
1118 4654 1310 4719 instantiam
1333 4675 1397 4718 non
1413 4653 1610 4720 deberemus
1627 4675 1670 4719 ex
1686 4653 1788 4740 ipsius

138 4766 250 4824 natura
275 4760 398 4845 negotii
424 4758 468 4823 da
497 4759 584 4824 facili
615 4759 779 4843 inclinari,
812 4761 899 4825 illius
929 4766 1039 4825 tamen
1068 4759 1238 4845 exemplo,
1271 4759 1362 4822 cuius
1393 4779 1502 4822 sumus
1531 4757 1609 4822 licet
1637 4757 1790 4821 immeriti

92 4881 99 4895 ·
141 4862 250 4928 vicarii
273 4863 453 4942 constituti,
476 4864 531 4948 qui
554 4884 628 4928 cum
651 4865 753 4930 iratus
777 4865 886 4945 fuerit,
910 4884 974 4929 non
992 4863 1197 4928 obliviscitur
1212 4862 1360 4927 misereri
1376 4882 1482 4947 neque
1499 4859 1622 4925 claudit
1637 4858 1787 4925 redeunti
1802 4883 1926 4938 mecm

136 4967 292 5052 grermum
319 4966 377 5031 sed
407 4966 567 5053 expandit
596 4969 627 5033 ei
656 4990 793 5034 serenus
822 4969 999 5034 clementia
1030 4968 1126 5031 solita
1156 4968 1292 5032 brachia
1315 4967 1348 5031 in
1372 4966 1575 5052 amplexum,
1607 4963 1790 5050 predictum

137 5070 284 5135 comitem
307 5069 350 5134 ad
372 5091 488 5156 preces
512 5077 585 5135 tuas
602 5071 643 5135 ab
660 5072 811 5136 omnibus
831 5063 1210 5137 excommunicationum
1224 5069 1398 5135 sententiis
1415 5069 1448 5132 in
1465 5088 1539 5132 eum
1556 5067 1790 5152 cuiuscumque

136 5172 327 5238 auctoritate
355 5173 491 5259 prolatis
519 5195 580 5260 per
600 5175 824 5242 venerabilem
847 5174 981 5240 fratrem
1005 5181 1153 5239 nostrum
1178 5222 1211 5238 ..
1235 5171 1519 5257 archiepiscopum
1541 5169 1723 5236 Berensem
1745 5169 1788 5235 de

138 5275 268 5340 oonsilio
291 5275 427 5339 fratrum
448 5281 635 5341 nostrorum
655 5276 784 5342 absolvi
800 5277 895 5344 iuxta
910 5277 1047 5343 sormam
1063 5279 1204 5344 ecclesie
1220 5278 1369 5356 fecimus,
1393 5280 1428 5340 et
1443 5273 1787 5339 excommunicationis

75 5396 97 5435 a
139 5378 346 5460 sententiam,
379 5377 412 5441 in
439 5379 547 5468 ipsum
574 5400 635 5466 per
666 5380 785 5446 fratres
807 5380 1061 5448 Ferrariumset
1084 5382 1124 5449 G.
1146 5377 1351 5470 Raim[undi]
1384 5375 1507 5442 ordinis
1530 5375 1788 5459 Predicatorum,

236 5634 262 5707 ὓ)
280 5635 453 5691 VMB.
522 5637 548 5706 a)
567 5657 636 5694 anuo
653 5643 736 5711 priuro
753 5641 822 5694 deest
835 5640 867 5694 B.
