4328 6232
761 315 961 377 sersuemn
978 314 1167 377 senseris.
1204 317 1279 376 ress.
1808 324 1848 389 ῃ

188 502 246 562 tue
268 498 425 583 precibus
447 495 607 576 inclinati,
637 502 674 561 ut
697 496 730 561 in
755 496 872 563 eodem
896 496 1102 561 matrimonio
1125 532 1167 542 —
1189 496 1350 560 affinitate
1374 518 1439 561 non
1462 498 1613 563 obstante
1636 497 1784 584 predicta
1806 535 1848 545 —

189 622 361 668 remancre
392 602 482 668 licite
513 602 641 681 valeas,
680 607 789 666 tecum
821 601 1017 665 auctoritato
1049 600 1251 687 presentium
1282 598 1526 688 dispensamus,
1563 601 1697 667 eosdem
1727 601 1848 666 liberos

189 705 357 791 legitimos
380 711 575 771 statuentes.
621 703 711 769 Nulli
733 725 812 789 erge
836 710 898 770 etc.
946 703 981 768 si
1004 705 1077 789 quis
1100 711 1210 769 autem
1234 741 1285 770 —.

298 824 375 892 Dat
398 824 563 912 Lugduni,
587 826 621 890 ll
644 824 814 890 Kalendas
839 826 973 911 Aprilis,
997 846 1081 890 anno
1105 825 1261 892 secundo.

812 1086 1223 1093 ..-.—..-—-———.

870 1289 872 1292 ’
977 1331 1060 1404 ros.

122 1481 135 1515 ⁵
296 1447 515 1540 Irrueccntius
531 1468 586 1535 IV
598 1491 689 1552 pepo
711 1471 860 1553 magistro
882 1469 1084 1534 Bertrommo
1105 1470 1286 1535 scholastico
1307 1470 1419 1535 Sancti
1440 1471 1590 1536 Andreae
1611 1471 1777 1536 Verrlcnsis
1799 1474 1848 1535 in-

188 1578 309 1660 dulget,
341 1581 376 1641 ut
397 1577 596 1641 scclcstriam
618 1594 708 1639 suem
731 1579 760 1638 ct
779 1575 937 1639 ccclesiam
961 1575 995 1636 in
1020 1574 1150 1639 Grcecm
1174 1595 1282 1637 carom
1304 1575 1486 1638 cortinorum
1508 1575 1668 1639 liabcntcm
1690 1597 1757 1639 icon
1780 1596 1848 1640 citra

183 1680 368 1763 pnccbcudc
390 1681 427 1743 in
451 1677 687 1761 osnaburgensi
708 1678 834 1742 ccclesia
855 1699 876 1741 o
899 1677 1055 1758 crematam
1079 1677 1226 1762 Hecabe]
1248 1679 1387 1759 episeopo
1411 1678 1605 1756 Pcrrcstrine,
1633 1683 1706 1742 tnnc
1728 1684 1848 1760 aposto

187 1786 269 1849 lirae
290 1783 374 1849 sodis
394 1783 504 1866 leonte,
526 1783 555 1846 ci
576 1781 689 1845 collate
711 1781 844 1845 rotinere
867 1780 980 1844 calcat.
1518 1784 1611 1860 1245,
1634 1783 1713 1863 Apr.
1733 1787 1760 1849 1.

295 1903 359 1956 Ina
372 1900 421 1956 IV
437 1900 502 1970 Ray.
517 1900 572 1954 Vel.
585 1900 608 1968 I,
623 1906 685 1965 m,-
702 1899 763 1953 Lib.
776 1900 820 1967 11,
835 1907 895 1954 445.

109 1998 137 2036 1⁰
295 1989 475 2057 mystice.

256 2167 479 2261 Magistro
505 2167 814 2240 Bertrammo⁸
843 2165 1097 2239 scolastico
1126 2166 1285 2239 Sancti
1313 2165 1781 2240 AndreeVerdensis.

299 2317 353 2382 Ad
375 2315 560 2381 iaciendum
584 2315 643 2379 tibi
667 2315 805 2400 gratiam
831 2315 1002 2401 spatialem
1027 2321 1059 2378 et
1082 2322 1137 2380 tue
1161 2317 1333 2403 probitatis
1363 2317 1496 2396 merito,
1526 2337 1624 2404 super
1648 2316 1765 2402 quibus
1788 2317 1847 2380 tibi

188 2422 356 2489 landabile
385 2420 609 2485 testimonium
640 2418 841 2505 perhibetur,
874 2426 908 2483 et
937 2427 1031 2504 grata
1059 2418 1243 2484 devotionis
1275 2419 1448 2504 obsequia,
1486 2440 1548 2506 quo
1581 2420 1666 2483 bone
1689 2421 1846 2485 memorie

188 2527 216 2592 I.
239 2526 434 2591 Penestrine
464 2523 634 2610 episcope,
665 2529 741 2586 tunc
766 2522 944 2608 apostolice
970 2521 1058 2587 sedis
1082 2523 1206 2609 legate,
1236 2524 1328 2587 euius
1352 2523 1440 2587 fuisti
1465 2524 1620 2603 clericus,
1650 2524 1682 2587 in
1706 2525 1847 2589 ecclesie

121 2653 132 2683 τ·
188 2630 340 2694 Romane
364 2626 506 2712 negotiis
528 2625 739 2690 laudabiliter
758 2625 957 2712 impendisti,
980 2648 1040 2691 nec
1056 2648 1120 2690 non
1138 2634 1170 2691 et
1187 2627 1445 2711 persecutiones,
1469 2648 1550 2711 quas
1567 2627 1674 2692 eidem
1691 2629 1847 2714 episcopo

187 2732 333 2797 fideliter
354 2729 541 2796 adherendo
564 2730 739 2815 pertulisse
763 2729 892 2806 diceris,
917 2731 1034 2795 merite
1058 2751 1117 2793 nos
1142 2729 1310 2795 inducunt.
1353 2730 1438 2794 Hinc
1463 2736 1524 2802 est,
1548 2729 1634 2814 quod
1651 2731 1848 2794 auctoritate

188 2836 248 2901 tibi
278 2835 480 2922 presentium
510 2831 734 2917 indulgemus,
767 2840 802 2897 nt
833 2834 1037 2897 scolastrism
1062 2833 1173 2897 Sancti
1198 2833 1330 2898 Andree
1349 2832 1526 2897 Verdensis
1555 2839 1588 2896 et
1617 2834 1791 2899 ecclesium
1815 2834 1848 2897 in

189 2939 336 3004 Grcvem
361 2959 471 3003 eurum
494 2937 676 3000 animarum
699 2936 892 3016 habentem,
922 2959 1002 3022 quas
1025 2946 1058 3002 tc
1082 2938 1238 3024 proponis
1263 2937 1419 3001 canonice
1442 2942 1630 3001 assecutum
1655 2944 1688 3000 et
1711 2959 1847 3022 quarum

189 3041 340 3106 redditus
368 3048 405 3106 ut
432 3040 554 3105 asseris
579 3038 722 3104 sedecim
746 3060 927 3104 marcorum
952 3042 1080 3125 argenti
1104 3041 1278 3105 valentiam
1303 3040 1397 3105 annis
1421 3039 1560 3124 singulis
1585 3061 1649 3103 non
1674 3040 1848 3115 excedunt,

105 3174 135 3206 a·
190 3166 256 3209 nna
284 3166 358 3209 cum
386 3142 569 3230 prebenda,
599 3164 695 3228 quam
723 3143 754 3207 in
779 3141 1027 3229 Osnaburgensi
1059 3145 1199 3208 ecclesia
1227 3145 1284 3208 tibi
1315 3146 1444 3229 legatus
1469 3144 1608 3208 contulit
1631 3145 1847 3231 supradictus,

191 3250 299 3336 possis
316 3248 418 3313 libere
434 3248 576 3312 retinere
592 3285 632 3295 -
650 3248 880 3311 constitutione
901 3247 1065 3332 generalis
1082 3248 1211 3312 concilii
1229 3269 1330 3333 super
1346 3248 1408 3312 hoc
1434 3247 1523 3311 odito
1546 3268 1609 3310 non
1630 3247 1783 3314 obstante
1797 3286 1847 3327 -,

191 3352 322 3438 proviso
345 3350 429 3436 qued
453 3349 638 3416 huiusmodi
663 3349 823 3416 beneficio
846 3349 965 3415 debitis
988 3372 1052 3414 non
1074 3351 1265 3416 fraudentur
1281 3358 1343 3417 oto.
1360 3371 1479 3436 usquc:
1503 3351 1719 3434 negligaturb.
1757 3352 1847 3416 Nulli

191 3477 269 3541 erge
293 3462 357 3521 etc.
381 3460 491 3520 nostro
514 3455 736 3520 concessionis
759 3460 821 3519 etc.
867 3453 901 3516 Si
925 3453 997 3538 quis
1022 3461 1130 3518 autem
1156 3463 1218 3519 cto.

297 3575 375 3640 Dat.
399 3575 561 3660 Lugduni,
584 3573 745 3639 Kalendis
770 3575 900 3660 Aprilis,
924 3597 1009 3640 anno
1034 3577 1186 3644 secundo.

981 4099 1063 4173 109.

125 4274 138 4292 .,
297 4211 514 4305 Ianooemtius
536 4237 594 4305 IV
618 4262 707 4326 lupo
734 4238 918 4325 [Grtidoni]
949 4239 1088 4323 episcopo
1124 4239 1341 4306 dtincraemsi
1376 4244 1521 4324 mandat,
1562 4249 1597 4307 ut
1630 4247 1719 4308 tostos
1756 4264 1849 4326 umcr

192 4342 355 4407 amictis
377 4343 534 4410 lobannis
559 4345 597 4410 dc
619 4346 756 4411 Avcsnis
778 4345 818 4410 ab
840 4344 943 4409 codem
964 4364 1003 4407 cs
1019 4349 1113 4423 picrtc
1135 4364 1203 4408 uno
1224 4347 1253 4407 ct
1274 4344 1431 4410 Willclmo
1451 4347 1508 4430 [dc
1530 4346 1724 4431 Darnpctro]
1741 4345 1849 4432 fratrc

192 4447 260 4509 aas
280 4466 320 4510 es
340 4448 443 4513 sucro
459 4447 692 4529 produmrtdos,
720 4449 750 4513 si
770 4448 808 4512 dc
829 4451 925 4513 morte
947 4467 1052 4511 corum
1068 4451 1200 4529 proptor
1222 4449 1436 4528 infirroitctcm
1455 4450 1656 4534 fbrmiclctur,
1684 4451 1849 4531 diligenter

193 4549 360 4615 emisisse.
1518 4555 1611 4632 1245,
1634 4555 1715 4637 Apr.
1732 4556 1760 4618 ti.

299 4670 363 4724 Iure
377 4670 397 4723 1
402 4669 427 4724 V
443 4669 506 4740 Rep.
526 4670 579 4724 Vct.
593 4671 616 4736 1,
639 4677 694 4735 m,-
712 4669 771 4723 Iab.
785 4669 828 4737 11,
848 4677 906 4724 460.
943 4668 1097 4737 Esnstclam
1115 4684 1149 4722 ac
1170 4669 1286 4739 chcdis
1303 4670 1439 4739 descripsit
1459 4673 1488 4726 V.
1504 4672 1545 4726 01.
1558 4675 1592 4727 A.
1607 4674 1686 4727 Marc.

298 4756 396 4825 Beros
409 4765 476 4812 1197,

698 4939 736 4957 ..
766 4884 987 4976 episcope
1016 4881 1348 4958 Cameracensi.

301 5029 451 5096 Dilectus
473 5032 559 5096 filius
581 5032 744 5098 lohannes
768 5033 808 5099 de
824 5034 981 5098 Avotnis⁰
1004 5034 1100 5097 nobis
1125 5034 1291 5098 humiliter
1315 5035 1521 5121 supplicavit,
1546 5040 1580 5098 ut
1604 5056 1675 5098 eum
1698 5036 1851 5100 natalicia

193 5153 253 5197 suo
284 5134 415 5218 petierit
446 5155 557 5198 ceram
587 5136 682 5201 nobis
712 5137 857 5221 legitima
886 5137 1047 5201 declarari
1058 5136 1081 5207 ¹,
1112 5144 1145 5200 et
1174 5138 1300 5206 timeat,
1334 5159 1374 5201 ne
1406 5138 1536 5202 interim
1567 5138 1627 5200 sibi
1659 5160 1759 5224 super
1790 5138 1878 5233 hoc,

193 5236 397 5322 probationis
419 5237 515 5323 cepis
537 5237 680 5303 fortuitis
704 5241 835 5304 casibus
859 5240 1079 5321 subtrahatur,
1104 5259 1292 5303 curaremus
1317 5241 1348 5304 ei
1372 5239 1545 5325 providere
1570 5247 1706 5325 paterna
1729 5242 1850 5306 sollici·

301 5394 471 5405 -.--...
702 5400 1060 5407 -.-——---—.

300 5496 324 5562 ⁸)
343 5499 474 5551 chime
488 5498 518 5551 R.
607 5499 632 5564 b)
651 5502 819 5569 negligantur
833 5503 862 5553 P.
950 5504 973 5567 ο)
993 5502 1075 5552 ituit.

305 5632 488 5701 ufflmu
