4784 6332
847 383 1047 440 EPISTULAE
1064 385 1254 442 subucula.
1292 387 1367 442 1247.
1874 393 1937 456 233

282 557 411 622 vinculo
434 559 782 624 excommunicationis
816 559 983 638 astrictus,
1024 581 1085 625 nee
1118 582 1181 626 non
1217 560 1435 626 alienationes
1470 562 1628 626 bonorum
1666 563 1937 649 salseburgensis

283 661 440 742 ecclesio,
464 663 492 727 si
516 684 597 748 quas
620 662 690 726 sine
715 663 764 726 sui
788 684 950 728 consensu
974 664 1108 750 capituli
1129 665 1237 730 faeere
1260 669 1374 729 eontra
1396 685 1556 730 canonum
1579 671 1702 731 statuta
1725 669 1937 754 presumpsit,

284 765 470 832 decernatis
492 766 687 832 auctoritate
711 774 824 833 nostra
847 771 977 854 penitus
1001 791 1066 833 non
1090 776 1214 834 tenere.

391 869 467 936 Dat.
491 869 655 955 Lugduni,
680 871 794 936 Idibus
818 871 938 950 Martii,
963 893 1048 936 anno
1071 873 1217 957 quart01.

1071 1261 1157 1334 306.

390 1353 607 1446 Ῑιιιιοιιιιιιιιε
622 1381 646 1446 I
649 1381 680 1446 V
684 1403 774 1466 papa
789 1381 905 1447 decom
920 1388 948 1446 ct
963 1384 1100 1464 capritnlo
1118 1383 1326 1450 Vcrdenrsibns
1348 1385 1469 1448 intuita
1484 1386 1645 1471 [Altera]
1666 1387 1755 1452 ducis
1769 1387 1939 1466 Scironiae,

284 1488 386 1553 devoti
406 1484 563 1563 cecinna,
592 1485 737 1564 incandet,
766 1489 802 1549 ut
823 1486 1004 1552 Alvericnrn
1030 1487 1068 1552 de
1089 1487 1270 1553 Bedcricesa
1295 1490 1444 1554 clericum
1475 1490 1511 1552 in
1529 1489 1669 1573 fratrem
1697 1493 1727 1554 et
1755 1491 1939 1555 maronicum

284 1591 464 1658 admittunt.
1566 1598 1660 1672 1247,
1682 1595 1785 1660 Mart.
1803 1597 1854 1659 15.

389 1693 454 1748 Ian.
468 1693 516 1747 IV
531 1693 594 1762 Rea.
613 1693 704 1761 VctL
722 1699 785 1761 368,·
802 1693 860 1749 Iria
875 1695 928 1763 IV,
947 1702 1005 1750 470.
1037 1695 1197 1766 Eaenrptar,
1215 1697 1287 1766 quod
1305 1697 1403 1766 Berper
1421 1697 1509 1766 αιιιιιι,
1528 1715 1588 1752 cam
1607 1698 1725 1768 Bannatia
1742 1699 1853 1753 conniit
1869 1705 1892 1753 et
1909 1715 1942 1754 aa

284 1780 321 1834 eis
338 1778 467 1848 enpprleait
485 1779 516 1833 V.
530 1778 568 1833 Gt.
581 1780 616 1833 A.
629 1779 709 1834 Man.

391 1867 577 1936 Berper2466.

663 2017 703 2036 ..
731 1963 906 2036 decano
935 1968 978 2038 et
1004 1963 1211 2056 capitulo
1237 1961 1571 2038 Verdensinus.

395 2093 589 2159 Affectionis
613 2100 749 2179 paterne
774 2094 918 2159 studium
942 2095 1065 2161 habere
1089 2117 1149 2161 nos
1172 2096 1332 2161 condecet
1353 2096 1387 2160 in
1410 2096 1649 2182 provisionibus
1672 2096 1881 2176 elericorum,
1905 2103 1942 2160 ut

287 2200 333 2264 sic
356 2199 389 2263 in
412 2198 505 2263 nobis
529 2197 691 2284 condigne
715 2198 802 2263 dona
824 2201 930 2284 gratie
954 2200 1121 2286 gaudeant
1144 2200 1329 2278 invenisse,
1353 2198 1439 2286 quod
1462 2200 1618 2264 virtutum
1643 2199 1843 2264 incremento
1865 2220 1942 2286 pro·

288 2303 400 2367 ficiant
429 2308 464 2368 et
490 2301 532 2367 ad
561 2301 670 2366 divine
700 2301 806 2367 laudis
830 2302 1047 2389 frequentiam
1070 2304 1285 2369 invalescant.
1331 2303 1419 2368 Hinc
1444 2309 1510 2382 est,
1543 2302 1629 2388 quod
1651 2325 1710 2388 pro
1733 2301 1852 2368 dilecto
1874 2305 1942 2369 filio

291 2406 445 2471 Alverico
468 2405 509 2472 de
532 2404 767 2472 Bederekesa²
790 2407 922 2488 clerico,
955 2409 1010 2494 qui
1042 2408 1168 2474 meritis
1199 2407 1374 2474 laudabilis
1399 2406 1657 2473 conversationis
1686 2411 1720 2470 et
1742 2406 1809 2471 vite
1839 2408 1943 2472 iuvari

289 2510 476 2588 dinoscitur,
499 2515 536 2574 ut
557 2509 645 2596 apud
667 2532 728 2576 nos
752 2510 929 2597 specialem
952 2513 1091 2597 gratiam
1109 2518 1339 2599 consequatur,
1363 2511 1610 2577 universitatem
1626 2515 1770 2575 vestram
1791 2531 1942 2596 rogamus

287 2619 322 2680 et
349 2613 518 2678 hortamur
546 2619 687 2694 attente,
716 2614 910 2679 mandantes
940 2616 1092 2700 quatinus
1122 2616 1277 2698 eundem,
1308 2617 1342 2682 in
1372 2636 1434 2702 quo
1462 2615 1573 2680 dilecti
1599 2613 1658 2678 filii
1680 2613 1801 2680 nobilis
1824 2615 1886 2678 viri
1910 2667 1943 2680 ..

288 2718 380 2783 ducis
405 2717 564 2796 Saxonie,
596 2718 690 2784 nobis
719 2724 752 2785 et
779 2719 923 2785 ecclesie
946 2719 1096 2785 Romane
1126 2719 1236 2785 devoti
1245 2719 1268 2800 ⁸,
1295 2720 1446 2784 volumus
1476 2719 1638 2784 honorare
1665 2737 1856 2803 personam,
1885 2739 1944 2804 pro

288 2827 400 2888 nostra
422 2828 456 2886 et
470 2821 647 2909 apostolice
664 2821 751 2888 sedis
767 2823 954 2889 reverentia
976 2823 1009 2888 in
1025 2823 1161 2890 fratrem
1185 2830 1219 2889 et
1236 2824 1428 2890 canonicum
1444 2822 1632 2902 admittatis,
1656 2827 1690 2887 et
1711 2820 1750 2885 de
1765 2822 1943 2906 prebenda,

291 2925 477 3011 quamcito
502 2947 537 2990 se
565 2925 704 2991 facultas
727 2925 898 3004 obtulerit,
927 2927 1108 2993 liberaliter
1129 2927 1331 3015 provideatis
1360 2927 1467 2992 eidem
1491 2963 1533 2974 —
1560 2946 1624 2990 non
1654 2925 1826 2990 obstante·
1854 2930 1944 2990 certo

291 3029 521 3094 canonicorum
545 3049 681 3095 numero
706 3029 891 3096 iuramento
916 3051 975 3096 seu
998 3051 1192 3118 quacunque
1215 3031 1368 3096 linnitatc
1385 3031 1518 3110 vallato,
1542 3034 1599 3094 aut
1622 3029 1650 3094 si
1673 3029 1767 3094 vobis
1791 3050 1849 3114 pro
1872 3030 1945 3095 aliis

293 3133 416 3220 scripta
438 3139 549 3198 nostra
571 3132 759 3214 direximus,
783 3135 903 3220 quibus
927 3137 1078 3200 nolumus
1102 3136 1295 3201 auctoritate
1318 3134 1523 3222 presentium
1545 3131 1759 3220 preiudieium
1781 3133 1944 3218 generari,

292 3237 346 3304 vel
368 3237 478 3322 aliqua
499 3236 714 3323 indulgentia,
738 3238 779 3303 de
802 3261 867 3325 qua
883 3240 1060 3326 specialem
1084 3241 1116 3304 in
1134 3240 1252 3304 litteris
1275 3239 1395 3303 nostris
1411 3242 1563 3323 oporteat
1586 3235 1658 3301 fieri
1674 3236 1875 3300 mentionem
1892 3259 1944 3310 -;

294 3339 484 3406 mandatum
513 3347 659 3406 nostrum
689 3342 798 3408 taliter
826 3343 1004 3430 impleturi,
1042 3348 1078 3409 ut
1108 3365 1151 3408 ex
1182 3343 1244 3408 hoc
1272 3347 1383 3406 vestra
1412 3339 1582 3406 sinceritas
1614 3338 1702 3425 apud
1733 3359 1792 3403 nos
1823 3338 1946 3402 favoris

295 3450 458 3512 mereatur
473 3451 696 3530 augmentum.
740 3445 896 3533 Alioquin
919 3447 1046 3514 dilectis
1069 3447 1145 3512 liliis
1168 3495 1204 3511 ..
1228 3446 1353 3511 decano
1377 3451 1411 3510 et
1434 3492 1468 3508 ..
1491 3442 1695 3508 thesaurario
1710 3441 1944 3526 Osnaburgen-

295 3551 386 3616 sibun
409 3571 469 3636 per
490 3551 616 3616 litteras
639 3557 768 3616 nostras
790 3552 1003 3638 iniungimus,
1029 3559 1067 3618 ιιι
1091 3554 1154 3639 ipsi
1186 3573 1286 3639 super
1315 3551 1378 3616 hoc
1400 3547 1588 3614 mandatum
1617 3545 1833 3632 apostolicum
1865 3565 1945 3609 exe·

295 3659 455 3740 quantum
477 3653 735 3720 contradictores
759 3660 823 3722 etc.

397 3756 475 3824 Dat.
498 3755 663 3843 Lugduni,
684 3756 799 3824 Idibus
822 3757 943 3840 Martii,
967 3779 1052 3824 anno
1075 3764 1202 3845 quarto.

1069 4161 1156 4234 307.

401 4254 619 4350 Innocentius
633 4283 690 4350 IV
709 4305 799 4366 papa
820 4285 936 4350 ιιιεαιιο
964 4289 993 4349 et
1014 4285 1151 4366 capituto
1179 4281 1429 4347 Virdnncnsibna
1451 4279 1596 4357 inundat,
1620 4283 1654 4343 at
1681 4282 1754 4343 ante
1781 4277 1950 4342 adveniam

298 4387 424 4474 Paeo]
451 4387 564 4454 Sancti
592 4388 720 4472 Georgii
749 4389 793 4452 ad
826 4387 933 4454 Vatum
961 4389 1105 4453 Aureum
1141 4386 1267 4450 diaconi
1294 4383 1485 4462 cardinalis,
1515 4382 1702 4466 apostoticae
1736 4379 1819 4444 sedis
1846 4379 1949 4462 legati,

298 4493 341 4558 aa
360 4492 536 4559 eiectienen
556 4493 593 4556 in
614 4493 742 4560 ecelesia
763 4513 823 4559 saca
845 4492 1061 4558 canendam
1082 4490 1210 4556 minine
1225 4487 1408 4570 procedant.
1576 4488 1669 4564 1247,
1693 4483 1795 4550 Mart.
1811 4485 1862 4546 17.

403 4613 468 4666 Ian.
482 4613 532 4666 IV
547 4613 612 4683 Rep.
629 4612 685 4668 Vct.
699 4613 724 4681 I,
743 4619 806 4678 424,-
828 4612 887 4668 Iao.
901 4611 955 4680 IV,
971 4627 1028 4666 cnr.
1043 4619 1082 4666 74.

402 4700 499 4768 Barea
516 4707 593 4756 ecco.

1551 4799 1846 4809 ———--——-

403 4879 426 4944 ⁸)
446 4897 482 4930 an
500 4897 551 4931 ιιοιι
569 4879 634 4931 obst.
654 4899 687 4922 =
706 4896 757 4930 non
775 4877 953 4930 obstantibus?

404 5000 430 5068 1)
449 4997 505 5053 Sino
521 5015 546 5052 a
565 5005 639 5066 1247,
660 4995 787 5052 aaran
806 4997 895 5050 ‘deae’
919 4995 1013 5050 Satiab
1037 4992 1220 5061 inanducat,
1243 4997 1275 5045 nt
1296 5007 1356 5045 enm
1379 4986 1503 5043 (lomacio
1529 4989 1624 5040 rectore
1645 4982 1769 5037 eccbeiae
1793 4981 1825 5034 in
1848 4984 1952 5047 Herm,

299 5086 402 5141 ιιοιιιιίο
413 5085 525 5156 episcopi
538 5083 754 5152 Οοιιειαιιιιιιιιιι,
767 5099 847 5152 snper
861 5083 1020 5154 pinnatitate
1031 5080 1213 5148 ιιιιιιίὶιιοιιιιιι
1224 5077 1402 5146 dispensarem
1419 5074 1468 5129 aab
1482 5073 1567 5127 Mart.
1578 5078 1594 5125 6
1605 5068 1685 5124 enen
1696 5073 1866 5135 cmwoeserat,
1885 5072 1916 5120 nt
1933 5084 1951 5120 o

297 5188 459 5242 qnocanrqae
478 5173 566 5226 mallet
583 5171 775 5239 ardriepiecopo
798 5170 836 5224 ni
852 5171 971 5238 epiawpc
992 5168 1108 5236 maiam
1130 5163 1287 5234 apostoticae
1304 5161 1371 5216 sertia
1391 5161 1499 5214 traberna
1521 5158 1626 5212 altiores
1649 5155 1753 5210 ordines
1780 5153 1951 5221 anaema

298 5260 329 5314 in
349 5257 572 5326 ardciepieecpnm
593 5257 740 5312 wnwcrari
759 5257 869 5323 autenm
894 5256 950 5310 snb.
974 5255 1059 5308 Mart.
1074 5261 1105 5308 31
1126 5251 1332 5319 ‘ardriepueopo’
1359 5247 1454 5303 Satist.
1479 5244 1606 5311 indulsit,
1630 5259 1665 5296 ne
1683 5241 1784 5308 dnbio,
1807 5257 1826 5294 a
1838 5239 1952 5307 maede-

299 5345 444 5402 caeoribna
461 5344 519 5400 aare
535 5349 682 5411 wntraaa,
705 5343 760 5397 niei
777 5343 807 5396 in
824 5343 966 5396 unitatem
984 5341 1102 5396 eccleciae
1118 5355 1183 5393 aare
1198 5337 1403 5404 retardassent,
1428 5333 1562 5388 restituere
1585 5334 1735 5394 tanacetum
1759 5327 1856 5396 Berper
1873 5333 1951 5394 2440,

304 5439 379 5501 2449,
399 5438 472 5489 2604.
508 5430 573 5501 ‘Qui
590 5436 651 5500 post
668 5429 800 5484 niodicnm
816 5434 916 5497 empne
938 5428 1005 5497 [ecit.
1026 5432 1086 5494 poet
1107 5425 1337 5494 wmwratmrwm]
1355 5439 1411 5476 non
1433 5419 1529 5486 auena
1542 5419 1671 5485 potestate
1687 5414 1726 5467 nd
1743 5412 1953 5468 intronizatione

301 5519 370 5574 dien
386 5519 482 5573 denuit
498 5519 659 5584 extrenum',
676 5518 751 5570 Ama
772 5515 801 5570 S.
821 5514 950 5570 aemma·
969 5513 1066 5568 Saiabb.
1085 5529 1110 5565 a.
1124 5519 1194 5578 1247,
1214 5510 1262 5565 SS.
1275 5515 1292 5564 i.
1306 5509 1362 5575 IX,
1378 5525 1407 5576 p.
1422 5513 1484 5572 789,·
1500 5503 1534 5569 cs.
1549 5519 1577 5570 ρ.
1596 5508 1650 5569 216,
1668 5505 1722 5554 not.
1741 5509 1765 5554 4.
1862 5499 1889 5566 2)
1904 5498 1953 5552 Ea

301 5612 366 5675 sepa
386 5611 463 5661 ator.
476 5605 523 5660 cin.
536 5603 733 5658 neaeman.
803 5601 831 5670 3)
851 5601 891 5668 Of.
903 5618 931 5654 n.
946 5607 1002 5654 160.
1038 5598 1108 5652 Dna·
1121 5597 1239 5652 Hernico
1256 5595 1312 5665 rapi
1329 5595 1362 5648 ab
1379 5592 1502 5647 ιιιιιιοιιι
1518 5607 1571 5645 saia
1581 5587 1677 5653 sanese
1690 5586 1808 5654 videtum
1826 5585 1953 5640 Bdtrmcr·

303 5694 407 5764 atate,
420 5695 437 5749 i.
450 5709 472 5748 c.
485 5699 561 5748 4868.
597 5689 730 5746 litationi
754 5687 886 5744 Wiiiieirni
903 5687 970 5759 repis
986 5705 1012 5740 a.
1026 5693 1097 5753 1247,
1118 5683 1197 5740 ocae
1214 5699 1271 5738 non
1288 5680 1421 5748 interfiat,¹
1438 5677 1502 5733 ibid.
1521 5682 1616 5733 casce.

405 5789 471 5844 aaa.
489 5789 571 5844 Pour.
589 5786 626 5843 II.
1707 5769 1744 5824 3⁰
