4328 6232
854 329 1053 390 nersuosrn
1071 330 1262 393 senseras.
1300 335 1374 395 raro.
1899 352 1937 416 ol

285 512 376 591 locis,
398 509 514 598 paucis
538 510 687 597 exceptis
710 530 870 597 occupare
886 531 950 574 non
966 517 1127 590 metuens,
1152 533 1209 577 eas
1227 514 1333 579 adhuc
1350 515 1476 582 detinet
1491 524 1678 604 occupatas.
1714 520 1758 586 ut
1773 528 1940 610 tamquam

285 619 315 683 ei
338 638 405 682 uon
428 615 607 693 sufficeret,
630 612 717 699 quod
739 614 912 679 manifesto
936 621 1049 680 contra
1065 614 1249 682 iuramenta
1264 620 1426 704 premissa
1443 622 1664 707 presumendo
1681 626 1761 690 talia
1775 628 1941 707 veniebat,

286 743 343 809 per
365 741 403 785 se
424 720 477 783 vel
502 738 579 783 suos
603 716 761 781 officiales
786 716 966 782 earundem
989 720 1234 803 possessionum
1258 721 1406 788 homines
1430 724 1581 791 deierare
1609 728 1777 812 compulit,
1810 731 1898 816 ipsos
1922 754 1942 796 a

286 824 476 891 iuramentis
498 822 679 897 fidelitatis,
711 821 830 905 quibus
853 821 1000 885 Romane
1025 823 1222 888 torrebantur
1245 826 1398 906 ecclesie,
1427 826 1591 908 defecto,
1622 852 1696 895 cum
1719 831 1761 897 de
1784 833 1854 898 iure
1878 855 1941 898 non

286 936 408 1017 posset,
432 925 607 992 absolvens
631 931 665 988 et
686 923 814 989 faciens
837 923 972 989 eosdem
988 924 1182 991 fidelitatem
1200 927 1430 995 nichilominus
1447 931 1600 997 abiurare
1615 934 1796 1019 predictam
1813 937 1940 1023 sibique

284 1033 451 1099 fidelitatis
473 1027 660 1095 huiusmodi
682 1029 866 1095 iuramenta
888 1035 1046 1115 prestare.

392 1135 490 1201 Pacis
516 1140 616 1198 vcro⁸
642 1133 749 1217 ipsum
773 1132 966 1197 violatorem
998 1132 1141 1198 existere
1171 1136 1269 1220 plene
1300 1142 1445 1215 constat,
1479 1136 1555 1221 quia
1585 1160 1658 1203 curu
1688 1140 1765 1205 olim
1794 1147 1941 1229 tempore

284 1244 374 1331 pacis
404 1241 491 1305 inter
517 1238 625 1324 ipsum
653 1243 686 1302 et
714 1237 889 1302 ecclesiam
913 1236 1135 1303 reformatebl
1159 1239 1300 1304 iurasset
1331 1262 1440 1305 corarn
1472 1243 1559 1308 bone
1583 1245 1740 1308 memorie
1763 1242 1938 1332 Ilohaune]

284 1347 324 1412 de
352 1343 495 1410 Abbatis
527 1340 607 1406 villa
638 1339 791 1427 episcopo
827 1339 1002 1406 Sabinensi
1035 1346 1068 1406 et
1101 1343 1258 1427 magistro
1288 1342 1490 1430 Th[0masio]
1527 1346 1632 1410 tituli⁰
1661 1346 1782 1412 Sancte
1818 1348 1940 1415 Sabine

227 1475 231 1499 ι
284 1449 480 1536 presbytero
503 1444 669 1523 cardinali,
692 1444 902 1532 presentibus
926 1445 1037 1509 multis
1061 1446 1209 1531 prelatis,
1232 1446 1435 1533 principibus
1459 1455 1491 1513 et
1515 1449 1704 1523 baronibus,
1727 1451 1815 1536 quod
1838 1460 1942 1517 staret

283 1561 317 1619 et
338 1555 472 1639 pareret
493 1549 617 1636 precise
640 1547 765 1633 absque
789 1549 857 1612 ulla
881 1547 1067 1613 conditione
1104 1549 1255 1613 omnibus
1283 1549 1444 1615 mandatis
1475 1553 1615 1618 ecclesie
1643 1575 1744 1640 super
1771 1555 1850 1634 hiis,
1882 1578 1941 1641 pro

283 1656 403 1743 quibus
434 1660 505 1719 erat
534 1651 661 1717 vinculo
692 1651 1039 1717 excommunicationis
1068 1652 1234 1732 astrictus,
1265 1655 1371 1718 causis
1402 1657 1748 1722 excommunicationis
1772 1659 1941 1725 eiusdem‘¹

282 1758 451 1847 expressis
478 1776 537 1843 per
567 1754 714 1820 ordinem
743 1776 852 1819 coram
876 1776 932 1832 eo,
964 1762 1039 1819 tunc
1068 1756 1220 1821 omnibus
1243 1756 1470 1838 Theotonicis‚
1500 1759 1688 1825 hominibus
1712 1763 1806 1846 regni
1830 1762 1941 1827 Sicilie

282 1886 321 1929 ac
344 1860 547 1949 quibuslibet
569 1859 658 1935 aliis,
685 1858 740 1944 qui
762 1859 904 1923 ecclesie
928 1866 1041 1923 contra
1063 1860 1172 1945 ipsum
1196 1859 1409 1940 adheserant,
1433 1882 1562 1925 ornnem
1588 1864 1758 1930 remittens
1781 1866 1941 1931 offensam

220 1994 231 2029 s
283 1978 317 2032 et
343 1986 478 2053 penam,
511 1967 546 2027 et
572 1959 658 2046 quod
686 1960 776 2024 nullo
805 1967 954 2045 tempore
984 1962 1166 2027 offenderet
1190 1963 1243 2026 vel
1272 1962 1394 2026 offendi
1426 1962 1549 2028 faceret
1572 1963 1678 2050 ipsos,
1708 1988 1767 2052 pro
1791 1989 1831 2032 eo
1854 1969 1941 2055 quod

282 2069 425 2136 ecclesie
448 2067 632 2141 astiterant,
655 2064 795 2150 prestari
817 2064 849 2128 in
872 2065 982 2129 anima
1004 2085 1063 2129 sua
1087 2087 1145 2151 per
1161 2066 1315 2131 comitem
1332 2067 1555 2131 Acerramm²
1570 2068 1696 2135 faciens
1712 2071 1940 2154 iuramentum,

280 2172 489 2262 postmodum
516 2189 634 2256 pacem
658 2174 692 2232 et
719 2167 900 2231 iuramenta
929 2167 1132 2241 huiusmodi,
1164 2189 1369 2254 nequaquam
1399 2169 1598 2236 erubescens
1628 2172 1747 2238 irretiri
1773 2162 1940 2259 periuriis,

280 2301 345 2345 non
377 2273 533 2341 servavit.
578 2271 762 2336 Nonnullae
791 2271 877 2334 enirn
906 2292 949 2335 ex
978 2271 1059 2356 ipsis
1091 2272 1290 2349 hominibus,
1323 2281 1389 2337 tarn
1420 2273 1548 2338 nobiles
1578 2296 1675 2360 quam
1699 2277 1796 2355 alios,
1825 2285 1941 2363 postea

280 2380 387 2469 [capi‘
409 2379 488 2445 fecit
511 2383 555 2458 et,
578 2374 645 2440 eis‘
666 2375 761 2439 bonis
785 2375 853 2439 suis
877 2375 1027 2439 omnibus
1051 2377 1211 2462 spoliatis,
1235 2399 1355 2442 uxores
1380 2398 1493 2443 corum
1513 2386 1547 2443 et
1564 2379 1668 2443 filiosss
1685 2381 1852 2465 captivari,
1877 2382 1938 2447 ac¹¹

201 2516 219 2550 s
282 2498 389 2553 terras
413 2482 554 2550 ecclesie
577 2487 691 2546 contra
712 2479 973 2566 promissionem,
996 2500 1092 2563 quam
1110 2479 1249 2545 eisdemi
1271 2481 1298 2545 Ι.
1317 2481 1490 2547 Sabincusi
1508 2483 1663 2569 episcopo
1680 2490 1713 2547 et
1728 2483 1767 2548 T.
1783 2483 1940 2549 cardinali

280 2585 430 2674 fecerat]
461 2587 679 2652 irreverenter
701 2584 836 2659 invasit,
868 2583 944 2647 licet
966 2582 1028 2669 ipsi
1053 2605 1095 2648 ex
1119 2591 1195 2649 tunc
1218 2586 1251 2648 in
1275 2606 1350 2649 eum
1375 2592 1578 2672 presentem,
1612 2584 1662 2650 si¹¹
1685 2589 1939 2663 contraveniret,

279 2688 633 2761 excommunicationis
657 2687 853 2753 sententiam
877 2687 1142 2773 promulgarint¹.
1180 2687 1223 2752 Et
1247 2709 1318 2752 cunr
1343 2688 1443 2753 iidem
1465 2690 1649 2775 apostolica
1665 2689 1727 2753 sibi
1744 2690 1940 2754 auctoritate

279 2794 503 2864 mandassent,
527 2800 563 2857 ut
584 2813 646 2857 nec
669 2813 729 2878 per
751 2812 787 2856 se
812 2812 872 2855 nec
895 2812 955 2876 per
977 2790 1076 2855 aliurn
1101 2791 1315 2877 impediretm,
1340 2793 1418 2876 quin
1439 2794 1688 2878 postulationes,
1713 2793 1893 2858 electiones
1909 2802 1943 2858 et

280 2897 548 2965 confirmationes
576 2895 788 2960 ecclesiarum
813 2903 847 2959 et
870 2896 1138 2960 monasteriorum
1163 2897 1195 2960 in
1220 2918 1322 2982 regno
1346 2898 1475 2984 prefato
1498 2898 1602 2962 libere
1627 2896 1668 2962 de
1691 2904 1800 2962 cetero
1823 2898 1940 2962 fierent

215 3028 226 3061 ¹·
281 3001 463 3069 secundum
493 3006 637 3065 statuta¹¹
667 2998 797 3063 concilii
827 2999 1005 3083 generalis,
1038 3012 1072 3063 et
1101 3000 1187 3084 quod
1219 3001 1328 3065 nullus
1359 3000 1516 3085 deinceps
1540 3002 1571 3064 in
1596 2999 1711 3065 eodem
1734 3021 1836 3085 regno
1860 3001 1940 3064 viris

279 3105 518 3173 ecclesiasticis
545 3124 583 3167 ac
612 3103 711 3168 rebus
741 3123 854 3168 eorum
884 3103 1065 3188 imponeret
1094 3103 1202 3168 tallias
1227 3104 1277 3167 vel
1307 3104 1481 3183 collectas,
1511 3103 1663 3189 quodque
1686 3104 1795 3167 nullus
1818 3103 1939 3168 ibidem

279 3210 422 3276 clericus
445 3209 499 3273 vel
526 3227 670 3293 persona
699 3205 925 3271 ecclesiastica
952 3206 993 3271 de
1022 3211 1134 3270 cetero
1158 3206 1190 3270 iu
1216 3207 1301 3270 civili
1325 3209 1377 3273 vel
1401 3207 1562 3272 criminali
1586 3227 1687 3271 causa
1710 3208 1940 3271 conveniretur

280 3335 390 3379 coram
423 3309 532 3375 iudice
561 3309 719 3385 seculari,
754 3308 817 3372 nisi
848 3329 948 3393 super
975 3308 1083 3373 feudis
1116 3310 1246 3394 questio
1275 3310 1415 3376 civiliter
1445 3310 1638 3388 haberetur,
1672 3331 1711 3373 ac
1734 3310 1938 3396 Templariis,

280 3415 512 3505 llospitaloriis
542 3420 576 3478 et
606 3413 680 3477 aliis
711 3413 861 3499 personis
893 3412 1128 3477 ecclesiasticis
1161 3413 1201 3477 de
1232 3413 1380 3498 dampnis
1408 3422 1442 3478 et
1471 3414 1596 3478 iniuriis
1627 3413 1780 3498 irrogatis
1813 3411 1938 3476 eisdem

281 3521 490 3587 satisfaceret
520 3524 761 3604 competenter:
801 3517 871 3603 ipse
905 3517 1096 3582 mandatum
1125 3518 1312 3583 huiusmodi
1344 3518 1525 3603 adimplere
1562 3517 1769 3603 contempsit.
1820 3513 1940 3599 Liquet

280 3644 421 3711 namque
451 3621 602 3687 undecim
630 3627 688 3684 aut
718 3620 827 3705 plures
862 3621 1161 3707 archiepiscopales
1191 3628 1224 3686 et
1255 3623 1375 3686 multas
1407 3622 1612 3706 episcopales
1643 3618 1754 3698 sedes,
1790 3618 1939 3683 abbatias

279 3749 410 3815 quoque
433 3747 473 3792 ac
494 3725 576 3790 alias
601 3723 761 3789 ecclesias
790 3723 830 3789 ad
860 3745 997 3809 presens
1026 3746 1143 3790 vacare
1175 3725 1207 3789 in
1237 3725 1360 3810 regno⁰
1391 3724 1539 3810 predicto
1569 3734 1714 3810 easquel
1742 3728 1938 3808 procurante

280 3833 364 3920 ipso,
387 3831 472 3895 sicut
494 3835 607 3914 aperte
630 3833 731 3913 patet,
755 3826 855 3891 fuisse
879 3825 1001 3891 diutius
1024 3829 1225 3913 prelatorum
1241 3828 1400 3913 regimine
1416 3826 1602 3906 destitutas,
1626 3829 1660 3891 in
1676 3848 1775 3912 grave
1792 3827 1937 3911 ipsarum

280 3934 498 4022 preiudicium
522 3938 555 3997 et
578 3931 760 4019 periculum
784 3929 975 3994 animarum.
1013 3930 1056 3994 Et
1079 3932 1158 3996 lieet
1181 3931 1264 3996 forto
1281 3933 1313 3995 in
1332 3931 1495 4017 aliquibus
1513 3930 1664 3996 eiusdem
1681 3930 1775 4014 regni
1791 3929 1940 3993 ecclesiis

216 4061 226 4093 ··
282 4039 462 4103 electiones
490 4036 555 4100 sint
583 4056 603 4099 a
630 4033 782 4120 capitulis
815 4034 995 4114 celebrate,
1027 4035 1104 4120 quia
1131 4041 1241 4100 tamen
1272 4057 1331 4121 pcr
1361 4036 1416 4099 illa
1446 4034 1594 4100 eiusdem
1621 4033 1800 4098 familiares
1828 4032 1938 4097 clcrici

281 4148 357 4208 suut
391 4141 507 4221 electi,
540 4137 701 4226 probabili
731 4143 843 4224 potest
872 4145 1065 4222 argumento
1095 4138 1263 4218 concludi,
1299 4138 1385 4225 quod
1413 4138 1605 4204 facultatem
1639 4159 1702 4202 non
1732 4136 1938 4201 habuerunt‘¹

280 4245 420 4312 liberam
443 4242 598 4330 eligendi.
643 4240 865 4306 Ecclesiarum
887 4247 999 4305 autem
1023 4241 1128 4327 ipsius
1151 4244 1242 4327 regni
1267 4264 1332 4306 uon
1357 4243 1461 4307 solum
1485 4241 1660 4307 facultates
1684 4249 1717 4306 et
1740 4241 1827 4305 bona
1850 4239 1938 4317 fecit,

280 4356 376 4436 prout
402 4347 520 4428 voluit,
551 4345 719 4432 occupari,
752 4344 810 4410 sed
840 4345 939 4409 etiam
970 4366 1099 4419 cruces,
1130 4345 1309 4427 thuribula,
1341 4345 1479 4411 calicesr
1511 4351 1545 4411 et
1575 4346 1657 4408 alios
1691 4366 1801 4409 sacros
1825 4364 1937 4408 eorum

279 4452 455 4517 thesauros
483 4457 516 4514 et
543 4469 669 4535 pannos
698 4449 823 4513 sericos
851 4449 941 4513 velut
971 4448 1076 4513 cultus
1108 4448 1209 4512 divini
1239 4457 1442 4535 contemptor
1464 4448 1601 4526 auferri,
1631 4448 1722 4526 licet,
1752 4454 1788 4510 ut
1811 4447 1938 4526 dicitur,

280 4556 359 4643 ipsis
392 4553 561 4631 ecclesiis,
596 4557 713 4617 exacto
746 4561 855 4616 tamen
883 4552 973 4637 prius
1003 4573 1061 4638 pro
1091 4553 1139 4617 eis
1157 4558 1257 4616 corto
1286 4553 1411 4638 pretio,
1445 4552 1478 4615 in
1507 4558 1600 4636 parte
1630 4549 1754 4615 fuerint
1785 4551 1938 4615 restituti.

281 4658 404 4724 Clerici
436 4657 558 4743 quippe
590 4655 738 4721 collectis
768 4664 802 4719 et
832 4655 933 4719 talliis
967 4655 1191 4741 multipliciter
1222 4655 1424 4740 affliguntur,
1458 4676 1522 4719 non
1556 4655 1660 4719 solum
1692 4654 1866 4718 trahuntur
1897 4654 1938 4719 ad

279 4762 436 4828 iudicium
460 4761 620 4841 seculare,
644 4759 712 4838 sed,
734 4766 771 4822 ut
793 4760 962 4840 asseritur,
987 4765 1147 4844 coguntur
1170 4759 1280 4824 subire
1303 4759 1442 4840 duclla¹,
1466 4758 1722 4837 incarcerantur,
1746 4755 1939 4821 occiduntur

383 4903 616 4912 -——-.—
787 4903 860 4909 —-
868 4903 964 4909 --.—
1178 4904 1246 4909 .-..—
1256 4904 1356 4910 --—.--
1363 4905 1555 4910 ...—-—-—.———
1563 4905 1572 4909 ..
1584 4904 1635 4910 ——
1660 4903 1728 4908 -—-
1742 4902 1827 4907 -›-.--—--

384 4990 410 5055 ⁸)
428 4990 501 5041 Pacis
518 4986 735 5055 quoqueveroB.
813 4984 840 5053 b)
858 4989 994 5038 reformare
1007 4986 1110 5047 aas,
1121 4990 1144 5037 3.
1222 4992 1245 5050 0)
1264 4996 1327 5038 tunc
1340 4987 1437 5050 A1,2,·
1454 4986 1748 5053 turrotempcrisliopn.
1818 4981 1842 5043 a)
1855 4984 1939 5036 eidam

282 5075 348 5133 A&
364 5074 434 5125 decu
447 5077 470 5125 A
483 5081 509 5138 1,
527 5074 613 5139 lloyn.
702 5073 725 5135 ε’)
743 5073 821 5124 aerbo
837 5073 909 5123 trucis
926 5073 1028 5122 inclusa
1045 5072 1073 5121 in
1087 5072 1147 5137 Ray.
1167 5072 1260 5122 carrusa
1277 5090 1325 5124 reos
1342 5089 1373 5124 ex
1390 5072 1449 5124 edd.
1467 5073 1652 5138 suppleturum
1669 5072 1726 5138 cripi
1743 5079 1769 5122 st
1786 5071 1939 5121 incarcerari

216 5172 229 5205 -ἰ
283 5161 344 5211 fecit
363 5160 409 5211 Cb.
423 5161 508 5227 Rapa.
599 5155 861 5226 fleon-spoliatos
880 5161 941 5210 Aa.
1028 5160 1053 5222 8)
1073 5159 1284 5226 postea-filios
1302 5159 1370 5209 deest
1389 5158 1451 5208 aa.
1540 5156 1565 5222 11)
1584 5160 1689 5224 insuper
1708 5156 1770 5206 aad.
1791 5156 1838 5207 Ol.
1853 5155 1938 5222 Ilaprr.

280 5245 299 5309 ἰ)
316 5246 401 5298 sideru
421 5246 480 5309 AI,
498 5247 547 5298 Ob.
650 5243 676 5311 ¹¹)
695 5245 750 5296 ullo
768 5246 843 5297 modo
861 5247 981 5313 predictis
1004 5247 1119 5297 articulis
1142 5256 1188 5297 aut
1209 5246 1400 5297 conditionibus
1421 5245 1484 5295 odd.
1505 5240 1553 5295 ob.
1567 5243 1652 5309 Rapa.
1754 5238 1773 5303 1)
1791 5241 1813 5291 Α
1828 5246 1857 5295 2.-
1884 5260 1938 5308 pro·

281 5333 412 5399 mulgor-at
428 5331 474 5393 n.,·
498 5333 719 5400 promulgaverint
738 5332 799 5391 Aa·
821 5333 1015 5399 promulgarent
1034 5333 1057 5382 A
1068 5336 1097 5392 3,·
1119 5334 1315 5399 promulgarant
1334 5331 1393 5393 (lle
1417 5332 1646 5398 promulgaverunt
1664 5327 1748 5392 lfnprr.
1843 5328 1875 5392 ¹¹¹)
1894 5329 1938 5378 irn-

282 5419 401 5486 peditent
416 5417 448 5468 R.
543 5424 569 5482 Ι1)
593 5428 717 5472 statutum
740 5420 804 5481 Ar,
829 5419 873 5469 Ch.
892 5419 976 5485 Royrr.
1080 5417 1105 5484 0)
1128 5422 1155 5470 in
1180 5437 1259 5486 regno
1283 5435 1374 5470 v'ocarc
1393 5419 1417 5467 A
1438 5424 1458 5477 1,
1478 5420 1502 5479 2,
1521 5420 1545 5479 3,
1567 5416 1652 5482 Rapa.
1756 5413 1780 5477 1⁸)
1799 5430 1893 5478 eosque
1908 5413 1940 5463 Il.

283 5503 312 5570 1)
328 5505 426 5557 habent
443 5506 467 5556 A
482 5511 503 5569 1,
520 5504 620 5572 Roya.,·
636 5507 774 5559 habuerint
793 5507 853 5557 Ap,
941 5506 962 5569 ι)
982 5507 1082 5570 calices,
1101 5508 1169 5558 thur.
1190 5507 1248 5569 Ar,
1262 5509 1287 5563 2,
1308 5505 1391 5571 limfa.
1479 5504 1500 5565 Ι)
1519 5503 1605 5554 duello
1620 5501 1650 5552 ll.

390 5640 419 5709 1)
436 5639 477 5709 Os.
493 5640 548 5709 tl
564 5657 592 5695 rr.
605 5650 662 5697 415.
732 5645 761 5705 2)
784 5641 964 5697 romaum

1680 5729 1732 5783 1⁸2·
