4328 6232
655 349 701 403 EX
721 349 938 404 lancearum
956 349 995 403 Ν
1012 349 1193 407 umls'rlto

879 652 968 727 314.

197 765 415 857 Innocentins
436 791 493 856 IV
508 813 596 876 popo
618 812 687 855 nom
710 791 856 858 Gcrnrdo
869 792 950 856 laico
972 797 1049 857 noto
1073 796 1215 860 Gcrordi
1235 796 1312 860 dicti
1326 796 1480 860 Brcbant
1502 796 1628 872 militis,
1650 798 1755 861 nuntii

94 895 246 981 [chricc'
268 896 327 978 ΙΙ]
355 895 444 961 dacis
470 896 685 973 Brodentioe,
707 895 883 976 dispensat,
911 903 962 975 nt,
983 917 1048 961 non
1071 900 1212 963 obstante
1232 898 1354 985 desecta
1382 900 1561 977 nataliam,
1585 901 1689 983 possit
1714 900 1756 962 nd

95 999 299 1064 concessiones
321 1001 426 1064 oocori
447 1000 541 1063 etad
562 1000 713 1081 lepilimos
734 1004 823 1062 octies
844 1000 982 1067 admitti.
1399 1005 1494 1082 1247,
1518 1004 1603 1085 Apr.
1621 1007 1671 1066 11.

199 1119 264 1173 Ian.
276 1119 323 1173 IV
333 1119 395 1188 Ray.
415 1119 468 1173 Vol.
480 1119 503 1186 I,
514 1125 577 1186 373,-
594 1118 653 1172 Lib.
664 1119 685 1172 Ι
688 1117 718 1186 V,
728 1125 785 1173 523.

199 1205 300 1275 Berpcr
311 1212 383 1260 2620.

262 1385 466 1458 Gerardo
493 1383 631 1471 laica,
665 1388 779 1457 nato
807 1382 1004 1458 Gerardi
1033 1386 1145 1459 dicti
1173 1387 1379 1462 Brabant
1405 1387 1592 1475 militis,

455 1505 608 1577 nuntii
636 1505 809 1578 nobilis
836 1506 923 1579 viri
951 1507 1089 1581 ducis
1115 1507 1403 1584 Brabantie¹.

200 1656 392 1743 Apostolica
415 1655 522 1736 sedes,
546 1677 610 1741 que
633 1654 829 1742 disponente
844 1656 986 1723 Domino
1011 1665 1201 1725 cunctorum
1224 1665 1333 1724 mater
1354 1664 1407 1723 est
1429 1663 1464 1723 et
1486 1658 1656 1744 magistra,
1679 1678 1752 1745 pru·

98 1761 214 1826 denter
229 1759 403 1824 attendens
426 1759 513 1844 qnod
536 1760 632 1845 culpa
655 1768 829 1845 parentum
852 1782 917 1825 non
941 1769 993 1826 est
1016 1762 1092 1826 filiis
1107 1761 1311 1849 imputanda,
1334 1784 1377 1828 ne
1400 1768 1516 1828 contra
1538 1762 1649 1827 divine
1671 1761 1752 1846 legis

97 1863 240 1929 edictum
265 1863 469 1949 iniquitatem
497 1864 601 1949 patris
632 1869 764 1949 portare
792 1864 850 1929 filii
881 1864 1055 1932 videantur
1083 1875 1117 1932 et
1140 1867 1257 1932 dentes
1287 1866 1448 1947 filiorum,
1480 1866 1632 1955 patribus
1660 1885 1752 1930 uram
1798 1891 1801 1925 l

0 1968 249 2037 maaacerbam
268 1967 524 2049 comedentibus,
541 1969 788 2055 obstupescant,
810 1990 1042 2056 nonnunquam
1058 1969 1195 2036 diversis
1218 1970 1326 2035 causis
1347 1970 1507 2057 inspectis
1530 1990 1606 2035 cum
1622 1969 1754 2056 quibas·

97 2072 171 2137 dam
194 2073 367 2159 illegitime
391 2072 526 2156 genitis,
555 2070 642 2158 quod
673 2070 714 2135 ad
743 2073 930 2158 spirituales
960 2081 1053 2138 actus
1081 2073 1210 2138 admitti
1234 2075 1384 2156 valeant,
1413 2072 1630 2162 dispensavit.
1675 2071 1755 2138 Cum

97 2177 197 2263 igitur
224 2177 329 2241 maior
361 2175 521 2240 idoneitas
552 2177 586 2239 in
616 2176 840 2261 spiritualibus
873 2198 970 2263 quam
998 2179 1032 2241 in
1063 2177 1267 2243 secularibus
1294 2181 1499 2263 requiratur,
1526 2176 1664 2242 dubium
1694 2197 1755 2243 non

98 2282 220 2362 existit,
245 2282 321 2366 quin
346 2281 419 2366 ipsa
442 2280 526 2344 tales
549 2279 590 2343 ad
606 2286 700 2343 actus
716 2280 898 2365 legitimare
914 2281 1027 2346 valeat
1044 2282 1222 2362 seculares,
1245 2283 1420 2367 presertim
1443 2282 1516 2346 illos
1539 2282 1596 2368 qui
1610 2280 1756 2346 Romano

97 2392 236 2450 vacante
259 2385 398 2471 imperio
414 2391 525 2470 pretor
540 2383 724 2448 Romanum
740 2385 928 2469 pontificem
951 2407 1015 2449 non
1039 2385 1164 2450 babent
1187 2386 1288 2451 alium
1310 2386 1397 2452 inter
1410 2385 1563 2451 homines
1580 2384 1755 2449 habentem

98 2489 280 2554 huiusmodi
302 2495 510 2575 potestatem.
557 2488 644 2553 Sane
668 2488 877 2553 devotionern
908 2491 953 2553 tui
982 2491 1084 2575 patris
1107 2492 1302 2577 propensius
1325 2488 1552 2566 attendentes,
1585 2490 1676 2568 eius,
1704 2488 1756 2574 qui

97 2594 224 2679 prolem
247 2593 427 2678 legitimam
451 2615 487 2657 se
511 2593 630 2657 asserit
652 2614 716 2655 non
740 2592 872 2673 habere,
895 2592 1023 2658 devotis
1047 2596 1341 2680 supplicationibus
1364 2594 1531 2674 inclinati,
1562 2592 1641 2673 tibi,
1664 2613 1757 2679 quern

99 2696 187 2762 idem
220 2704 314 2784 pater
342 2704 416 2762 tuus
440 2697 566 2760 solutus
591 2698 744 2781 genuisse
768 2696 886 2760 dicitur
916 2695 956 2760 de
980 2697 1103 2772 soluta,
1133 2698 1284 2782 quod-
1307 2696 1493 2763 huiusmodi
1518 2696 1757 2762 nonobstante

99 2800 230 2866 defectu
253 2839 295 2849 —
318 2802 424 2887 possis
449 2806 482 2864 et
503 2799 544 2865 ad
569 2800 797 2865 successiones
820 2799 931 2863 vocari
962 2805 995 2863 et
1018 2798 1059 2863 ad
1083 2801 1246 2884 legitimos
1269 2809 1361 2867 actus
1384 2800 1533 2881 admitti,
1564 2802 1759 2866 auctoritate

98 2907 300 2992 presentium
325 2905 528 2971 concedimus
552 2903 780 2991 dispensando.
825 2902 916 2967 Nulli
940 2909 1002 2969 etc.

207 3025 283 3092 Dat.
307 3026 470 3110 Lugduni,
493 3025 545 3089 ΙΙΙ
568 3025 647 3089 Idus
671 3025 806 3111 Aprilis,
829 3046 915 3089 anno
938 3024 979 3090 V.

720 3288 1131 3296 ——-—————-

876 3582 971 3655 1315.

207 3698 425 3791 Innocentius
447 3722 504 3788 11⁷
525 3745 616 3806 popa
640 3722 848 3808 O[ctoni‹,1no]
871 3723 1007 3789 Sanctae
1029 3720 1160 3786 Morn'oc
1182 3722 1218 3784 in
1247 3719 1307 3784 Vin
1329 3719 1413 3786 Lata
1435 3721 1570 3787 diacono
1591 3725 1762 3803 cardinali,

102 3830 288 3912 apostolico,
310 3829 392 3891 scetis
414 3830 522 3911 leonto,
546 3828 742 3914 reformandi
760 3848 871 3911 procem
893 3829 929 3891 in
952 3826 1093 3890 rrrnrcloio
1118 3825 1287 3889 Teroisino
1304 3829 1486 3908 potestatem
1507 3828 1658 3896 concedit.

1405 3931 1677 4013 1247,Apr.11.

206 4053 271 4107 lnn.
290 4052 340 4107 IV
355 4051 420 4121 ch.
445 4050 499 4106 Vol.
519 4051 544 4120 I,
563 4057 628 4119 426;
646 4051 704 4106 Inb.
718 4050 773 4118 IV,
790 4066 846 4105 can.
866 4058 921 4106 107.
959 4049 1108 4118 Epistolnm
1125 4063 1158 4103 aa
1177 4047 1295 4118 Rama
1311 4047 1445 4116 domm
1468 4047 1544 4105 V.Ol.
1555 4052 1590 4106 A.
1605 4051 1688 4107 Mos.

206 4140 311 4209 Bcrpcr·
327 4146 400 4195 3023.

290 4321 335 4396 Ο.
369 4321 540 4397 Sancte
576 4320 715 4396 Marie
750 4321 794 4393 in
827 4319 910 4394 Via
942 4320 1055 4393 Lata
1086 4315 1283 4391 diacono
1317 4315 1573 4408 cardinali,

618 4441 876 4535 apostolice
903 4439 1027 4514 sedis
1054 4437 1238 4530 legatot

208 4592 290 4659 Oum
314 4602 347 4660 te
369 4595 403 4659 in
423 4591 664 4675 Lombardiam,
687 4591 862 4657 commisso
884 4588 943 4653 tibi
966 4589 1064 4674 plene
1081 4585 1257 4672 legationis
1277 4585 1394 4668 officio,
1416 4586 1458 4652 de
1473 4587 1613 4653 fratrum
1629 4594 1759 4655 nostro-

104 4719 175 4762 rum
198 4698 335 4763 consilio
351 4705 506 4783 tanquam
529 4699 620 4784 pacis
636 4698 790 4783 angelum
808 4695 1011 4761 destinemus
1021 4693 1044 4776 ²,
1068 4691 1241 4779 prudentie
1263 4697 1321 4756 tue
1342 4690 1541 4758 reformandi
1557 4712 1676 4777 pacem
1698 4714 1756 4758 scu

104 4802 310 4868 concordiam
334 4804 419 4868 inter
435 4802 595 4883 civitates,
613 4802 760 4882 comites,
784 4801 925 4866 barones
949 4806 982 4865 et
997 4799 1126 4864 nobiles
1150 4798 1233 4862 alios
1257 4795 1401 4862 marcbie
1417 4795 1606 4861 Tririsina⁸
1628 4797 1761 4883 plenam

105 4906 313 4972 concedimus
335 4907 531 4972 auctoritate
554 4906 755 4992 presentium
778 4910 987 4991 potestatem.
1033 4902 1102 4966 Nos
1127 4903 1230 4982 enim,
1255 4899 1407 4986 quicquid
1430 4920 1505 4966 cum
1526 4898 1686 4987 predictis
1707 4899 1775 4963 uel

105 5033 217 5078 corum
241 5011 404 5097 aliquibus
428 5010 625 5091 faciendum,
650 5009 857 5075 statuendum
881 5007 1061 5072 autetiam
1085 5003 1300 5069 ordinandum
1323 5003 1477 5085 duxeris,
1505 5024 1574 5069 nna
1596 5025 1672 5069 cum
1694 5003 1776 5068 fra-

103 5117 209 5182 tribus
233 5116 351 5181 nostris
375 5122 481 5180 ratum
505 5115 700 5180 habebimus
722 5120 820 5200 atque
844 5113 982 5178 firmum.

191 5238 267 5302 Dat.
290 5237 454 5323 Lugduni,
477 5236 530 5301 ΙΙΙ
552 5236 600 5301 Id.
624 5236 762 5324 Aprilis,
787 5233 886 5324 [anno
910 5230 1071 5320 quartolb.

209 5503 233 5568 ⁸)
253 5503 342 5556 lb'dem
359 5502 405 5564 a.‚·
424 5502 549 5555 msnccdit
565 5520 591 5554 a.
604 5503 665 5554 336.
769 5497 794 5563 ¹²)
812 5515 881 5552 anno
899 5504 989 5564 quarto
1007 5493 1075 5546 deest
1092 5492 1125 5546 B.

212 5653 1017 5739 1)mmomna.aao,2ao,asscp.ssc,noc1.
1085 5645 1384 5716 aemesam
1454 5644 1742 5717 spontaneas.
