4328 6232
843 366 1044 423 EPISTOLAE
1062 368 1253 425 subucula.
1290 371 1365 426 1246.
1874 376 1935 441 139

274 544 490 610 tribuentium
518 542 638 608 dicitur
665 543 885 629 processisse,
916 542 1110 628 quibusdam
1133 545 1222 631 plus,
1253 544 1415 628 aliquibus
1439 566 1516 610 vero
1540 547 1647 611 minus
1670 548 1936 632 promittentibus

276 655 310 714 et
337 648 561 727 solventibus,
591 651 689 733 prout
715 647 821 711 maior
850 653 884 712 et
912 648 1019 712 minor
1046 648 1231 713 devotionis
1262 648 1408 714 dictabat
1437 649 1567 714 effectio
1598 657 1630 715 et
1659 650 1850 736 diligentior
1877 674 1937 738 per

278 753 451 840 episcopos
474 751 517 816 ad
541 750 601 816 hoe
624 749 726 815 fiebat
747 751 882 816 monitio
912 759 945 816 et
972 751 1133 817 efficatior
1161 751 1307 817 inductio
1338 753 1425 817 circa
1452 753 1585 819 elerum.
1630 754 1774 820 Presens
1805 776 1935 841 quoque

279 855 475 936 subsidium,
506 854 592 941 quod
615 854 657 920 ab
680 853 867 941 Anglicana
895 876 1001 942 nuper
1031 856 1173 922 ecclesia
1202 856 1354 922 duximus
1375 857 1622 945 postulandum,
1654 858 1802 945 predicte
1826 862 1935 947 potius

222 984 233 1015 r»
280 959 528 1025 contributionis
551 959 703 1044 exemplo
726 978 825 1044 quam
849 959 1146 1025 ecclesiasticorum
1170 970 1324 1048 respectu
1347 969 1565 1047 proventuum
1585 984 1645 1049 per
1661 962 1815 1028 dilectum
1831 962 1932 1029 lilium

279 1063 471 1148 magistrum
503 1060 681 1127 Martinum
715 1061 871 1126 clericum
905 1084 1034 1128 camere
1063 1072 1172 1129 nostre
1184 1066 1204 1145 ¹,
1240 1071 1317 1130 tunc
1346 1065 1379 1129 in
1408 1064 1556 1150 partibus
1587 1065 1652 1131 illis
1684 1067 1851 1145 nuntium,
1885 1067 1934 1131 in-

280 1167 468 1232 telleximus
498 1166 719 1232 distributum.
753 1166 878 1231 Verum
908 1189 982 1231 cum
1011 1167 1045 1232 in
1072 1169 1171 1254 priori
1200 1168 1415 1234 subventione
1447 1189 1562 1232 manus
1590 1175 1700 1234 vestra
1727 1171 1813 1235 inter
1841 1171 1935 1251 alias,

281 1269 496 1334 consideratis
518 1269 593 1334 hinc
616 1270 692 1336 inde
716 1270 947 1347 facultatibus,
976 1273 1060 1336 sieut
1082 1271 1194 1336 datum
1219 1279 1271 1337 est
1294 1273 1387 1337 nobis
1411 1273 1566 1357 intelligi,
1595 1294 1638 1338 ex
1664 1274 1816 1359 ampliori
1838 1274 1937 1338 fuerit

281 1373 455 1437 devotione
479 1372 621 1454 uberior,
644 1381 679 1439 et
701 1395 760 1460 pro
784 1375 967 1459 quantitate
987 1375 1239 1440 contributionis
1264 1377 1419 1460 preterito
1435 1376 1600 1462 presentis
1623 1375 1667 1440 sit
1681 1376 1774 1441 vobis
1798 1375 1936 1440 subsidii

233 1500 243 1529 ¹·
282 1477 385 1562 portio
409 1476 593 1562 assignata,
618 1497 693 1556 vos,
716 1475 792 1541 inde
817 1477 998 1542 sentientes
1020 1476 1243 1562 dispendium,
1268 1478 1354 1543 unde
1378 1480 1516 1564 gratiam
1539 1480 1721 1559 meruistis,
1753 1484 1786 1544 et
1810 1499 1851 1544 ne
1874 1479 1935 1543 hoc

280 1579 427 1644 trabatur
454 1579 496 1644 ad
525 1580 793 1665 consequentiam
823 1585 1024 1660 metuentes,
1055 1579 1223 1664 precaveri
1255 1601 1353 1666 super
1381 1581 1443 1647 hoe
1475 1583 1508 1646 in
1530 1586 1699 1667 posterum
1722 1583 1934 1648 ecclesiarum

281 1691 461 1748 vestrarum
496 1682 739 1768 gravaminibus
775 1703 834 1769 per
869 1683 1051 1768 apostolico
1086 1682 1173 1748 sedis
1204 1683 1444 1769 providentiam
1478 1685 1681 1772 postulastis.
1730 1684 1798 1749 Nos
1827 1686 1936 1770 igitur,

280 1786 459 1851 devotionis
482 1791 592 1851 vestre
616 1786 771 1873 precibus
795 1786 953 1866 inclinati,
977 1786 1140 1864 nolumus,
1165 1786 1251 1871 quod
1275 1788 1428 1874 exemplo
1453 1790 1527 1854 talis
1544 1788 1784 1854 distributionis
1799 1788 1936 1853 subsidii

281 1890 403 1975 aliquid
426 1890 519 1955 vobis
543 1910 602 1955 seu
626 1890 776 1955 ecelesiis
801 1890 915 1953 vestris
939 1888 1156 1973 preiudicium
1178 1889 1296 1954 futuris
1320 1893 1524 1978 temporibus
1548 1898 1735 1976 generetur.

389 2011 465 2075 Dat.
488 2011 652 2095 Lugduni,
675 2010 741 2075 XV
763 2010 840 2076 Kal.
863 2010 961 2089 Iunii,
984 2031 1069 2075 anno
1092 2012 1200 2075 tertio.
1540 2084 1551 2127 Ι

1071 2690 1153 2765 184.

382 2804 601 2897 Innocentiam
616 2830 672 2896 IV
686 2852 777 2915 popa
798 2831 964 2897 Fcidcrico
995 2832 1109 2896 rectori
1138 2832 1283 2896 ccclesiae
1310 2831 1347 2894 dc
1371 2830 1465 2897 Ostra
1493 2830 1538 2894 ad
1559 2830 1937 2911 preasumsisse
2011 2888 2018 2902 .

281 2935 409 3019 Luperc,
431 2936 545 2999 sororii
567 2935 663 3000 boisce
684 2937 850 3001 mccvcorioc
869 2935 1045 3021 O[ocrcdi]
1066 2936 1201 3019 episcopi
1217 2934 1411 3011 Pentecoste,
1434 2934 1583 3016 icnlsclpct,
1606 2939 1641 2998 ut
1664 2955 1733 3000 curu
1755 2938 1882 3001 ccclesia
1898 2938 1937 3002 dc

283 3040 375 3101 Ostra
398 3037 556 3102 eclesiam
578 3038 616 3103 dc
631 3039 823 3116 Bcircbcim,
845 3039 1064 3103 constitutione
1084 3038 1244 3120 pectoralis
1266 3040 1391 3104 concilii
1412 3058 1476 3102 coc
1499 3039 1647 3117 obstante,
1669 3034 1804 3104 rotinere
1822 3042 1932 3124 possit.

1579 3145 1673 3221 1246,
1696 3143 1780 3208 Mat.
1796 3145 1848 3207 21.

385 3260 448 3313 Irin.
462 3259 510 3313 IV
526 3260 591 3330 Rep.
611 3261 664 3316 vor.
678 3262 701 3329 I,
714 3268 780 3330 284;
798 3261 858 3316 Lib.
873 3263 932 3331 HL
951 3268 1009 3317 528.
1045 3263 1194 3331 Epiacum
1211 3278 1244 3316 cc
1262 3263 1379 3331 Repeto
1395 3262 1531 3331 decripsit
1550 3263 1580 3317 V.
1595 3263 1635 3318 01.
1649 3264 1683 3317 A.
1700 3264 1779 3317 Mau.

383 3347 567 3417 Berpcr1867.

294 3544 537 3619 Friderico
565 3548 748 3620 rectori
776 3547 978 3621 ecclesie
1007 3549 1062 3621 de
1090 3547 1247 3622 Ostra²
1275 3545 1675 3622 Constantiensis
1703 3545 1921 3620 diocesis.

390 3695 442 3760 Ad
465 3696 651 3762 faciendam
675 3697 736 3761 tibi
762 3697 901 3783 gratiam
927 3698 1107 3784 specialem
1131 3703 1243 3763 ottus
1266 3698 1438 3785 probitatis
1460 3697 1594 3778 meritis,
1617 3717 1715 3783 super
1738 3696 1856 3782 quibus
1877 3695 1937 3761 tibi

281 3798 448 3865 laudabile
471 3801 696 3865 testimonium
720 3800 924 3888 perhibetur,
955 3809 989 3867 et
1012 3803 1273 3869 consideratione
1298 3802 1408 3868 dilecti
1432 3803 1491 3867 filii
1514 3802 1634 3867 nobilis
1657 3802 1717 3865 viri
1741 3800 1785 3865 II.
1809 3801 1935 3865 comitis

220 3923 231 3955 -··
280 3903 321 3969 dc
344 3902 508 3990 Lupere³,
537 3904 652 3969 sororii
674 3903 758 3969 bone
782 3905 939 3970 memorie
964 3905 1000 3971 O.
1023 3907 1218 3972 Portuensis
1248 3907 1424 3993 episeopit,
1451 3906 1545 3970 nobis
1574 3927 1632 3990 pro
1660 3911 1693 3969 te
1721 3905 1936 3990 supplicantis
1999 3980 2020 3997 ρ

279 4008 415 4087 inducti,
437 4008 634 4074 auctoritate
658 4009 717 4074 tibi
741 4009 942 4097 presentium
965 4009 1185 4095 indulgemus,
1209 4018 1245 4075 ut
1268 4010 1444 4075 ecclesiam
1467 4009 1754 4075 cheirchaim·⁵
1776 4029 1936 4072 unacum

279 4111 421 4177 eeclesia
450 4111 492 4178 de
516 4110 628 4193 Ostra,
663 4133 744 4199 quas
773 4132 884 4177 curam
914 4113 1095 4177 animorum
1128 4114 1290 4179 habentes
1321 4120 1353 4177 te
1376 4113 1533 4200 proponis
1557 4113 1712 4177 canonice
1736 4118 1934 4183 assecutum,

279 4215 387 4302 possis
411 4215 518 4282 libere
541 4216 685 4282 retinere
700 4253 742 4265 -
759 4217 992 4283 constitutione
1008 4220 1173 4302 generalis
1190 4218 1318 4283 concilii
1337 4238 1436 4302 super
1452 4217 1513 4280 boc
1529 4215 1619 4281 odita
1634 4235 1698 4278 non
1715 4214 1865 4278 obstante
1879 4240 1935 4281 -ι

278 4321 408 4408 proviso
444 4319 531 4407 quod
566 4319 708 4385 ecclesie
745 4320 817 4407 ipse
855 4319 974 4387 debitis
1004 4328 1068 4387 etc.
1101 4344 1219 4409 usque:
1263 4321 1460 4406 negligatur.
1513 4318 1605 4384 Nulli
1639 4338 1716 4403 ergo
1751 4355 1791 4365 -
1824 4324 1935 4383 nostre

223 4456 229 4475 ι
280 4422 537 4510 dispensationis
561 4429 623 4488 etc.
670 4422 779 4509 Siquis
805 4430 867 4490 etc.

387 4544 465 4610 Dat.
487 4542 651 4629 Lugduni,
675 4542 742 4607 XII
764 4543 840 4609 Kal.
865 4544 960 4626 Iunii,
984 4567 1070 4611 anno
1094 4545 1201 4610 tertio.

447 4722 473 4727 —·
486 4722 535 4727 —·
546 4722 550 4727 -
560 4720 569 4726 -
767 4722 782 4727 -
1071 4719 1662 4729 ——--—--—-..——————.—-
1672 4718 1762 4724 -—·—-

385 4841 411 4903 ⁸)
427 4840 468 4892 oei
484 4839 628 4892 Beirchsnn
641 4838 689 4900 Bc
707 4839 842 4892 Bsrchuim
855 4839 888 4892 B.

385 4991 412 5059 1)
431 4989 476 5046 Dc
497 4989 583 5046 ωᾶιηι
606 4991 638 5058 cl.
657 4991 756 5045 Mettis
777 4990 844 5046 Par,
865 4989 962 5046 Oinoa
980 4992 1074 5046 emtor.
1096 4990 1134 5045 cd.
1155 4989 1268 5058 Inscrd,
1291 4996 1310 5044 t.
1329 4990 1384 5058 IV,
1403 5006 1432 5060 p.
1450 4996 1510 5058 368,
1534 4995 1595 5058 374,
1619 4996 1676 5059 379,
1701 4996 1854 5057 416-422,
1878 4994 1937 5043 443.

278 5078 308 5143 2)
328 5076 442 5132 Ostruob
458 5093 473 5133 c
490 5094 550 5132 mer.
567 5083 591 5132 d
607 5093 645 5132 or.
663 5077 710 5132 civ.
729 5077 921 5147 Sigrrmrimcn.
999 5079 1027 5145 3)
1047 5076 1169 5131 (hraitm
1186 5076 1269 5130 dicius
1286 5076 1402 5129 nominis
1420 5092 1503 5144 sicque
1520 5093 1563 5144 up.
1576 5076 1671 5145 martin,
1691 5075 1831 5131 Wrirtcmb.
1846 5074 1936 5129 Gescb.

200 5184 226 5215 ,ι
278 5168 297 5217 t.
311 5163 352 5227 lL
367 5179 397 5232 p.
409 5169 458 5219 451
474 5168 498 5217 et
515 5179 595 5233 acme,
613 5165 662 5218 ubi
678 5164 792 5219 historia
809 5165 934 5219 wmitum
953 5163 985 5218 de
1001 5162 1090 5218 Urucb
1107 5168 1247 5232 conduc,
1265 5179 1349 5231 ceptae
1361 5164 1393 5217 ic
1412 5163 1545 5219 Wirtcmb.
1563 5163 1594 5217 U.
1608 5165 1649 5231 B,
1667 5179 1750 5231 ncesse
1761 5163 1793 5215 iu
1807 5162 1936 5215 Fctrctcn-

280 5250 348 5319 boep.
369 5249 401 5306 U.
414 5249 449 5304 B.
466 5251 623 5306 immicus.
652 5250 758 5307 Nobiles
774 5251 807 5306 dc
824 5251 976 5322 ‘Iacprcrclc’
994 5267 1028 5306 eo
1044 5255 1105 5319 sopit
1124 5256 1147 5305 et
1164 5267 1217 5304 occ.
1236 5252 1283 5305 cic.
1299 5250 1499 5305 Rutiabonccssis
1516 5248 1648 5316 fflmssst,
1667 5265 1709 5302 eoa
1725 5254 1816 5303 (sctum
1833 5248 1937 5302 comites

278 5336 365 5401 sacae
381 5352 517 5404 cadurcum
533 5338 650 5407 lcyimsca.
728 5341 756 5408 4)
776 5338 918 5394 Uomadsw
938 5338 1014 5406 filius
1032 5338 1170 5408 Epiacoia
1182 5338 1229 5393 IV
1241 5338 1341 5392 moritis
1362 5336 1394 5391 dc
1416 5335 1505 5392 Uracb
1525 5336 1620 5402 simut.
1701 5335 1729 5399 ὃ)
1749 5334 1889 5388 Borkbeim
1906 5335 1936 5387 in

280 5440 360 5491 rcpno
379 5423 529 5493 ilitnmb,
548 5431 599 5480 out
614 5425 689 5495 prod
705 5427 736 5481 in
755 5426 785 5482 0.
799 5428 833 5482 A.
846 5425 998 5494 mutiret,
1016 5431 1064 5480 aut
1082 5423 1153 5493 qrcod
1169 5424 1200 5478 in
1221 5424 1252 5478 0.
1263 5425 1298 5477 A.
1312 5423 1456 5492 Esnlinpen
1472 5422 1553 5476 sitam
1571 5426 1636 5475 erat.
