4328 6232
261 342 324 403 540
818 333 866 388 EX
884 332 1102 389 INNOOIJN'I'II
1120 331 1160 386 IV
1178 331 1358 388 neomuto

261 510 488 575 Bartholomei
511 510 544 573 in
560 509 650 573 Pelis
667 508 941 593 Salzeburgensis
961 507 1103 573 diocesis
1119 507 1157 573 Il.
1174 506 1335 593 quondam
1360 506 1549 591 imperatori
1572 508 1711 592 eiusque
1735 505 1924 570 fautoribus

262 614 421 679 adherere
445 635 483 677 ao
507 611 648 698 quedem
672 618 779 676 castre
807 612 939 676 nomine
970 612 1073 698 ipsius
1103 610 1268 675 custodire
1299 618 1481 696 presumat:
1516 608 1724 689 mandamns,
1754 612 1951 703 quatinus..

261 717 287 781 si
311 718 357 782 ita
373 723 435 797 est,
459 717 583 781 dictum
597 713 790 780 Witkonem
814 717 1011 781 anctoritate
1034 721 1146 780 nostra
1167 715 1300 800 privans
1323 713 1473 799 predicta
1495 713 1637 778 ecclesia
1657 706 1695 777 'et
1717 714 1791 778 aliis
1814 715 1921 779 bene-

260 821 343 884 ficiis
367 841 429 905 que
453 820 590 898 obtinet,
615 818 733 903 quibus
756 840 816 905 per
838 819 899 883 heo
924 818 1065 904 reddidit
1088 839 1124 883 ss
1147 817 1327 902 indignum,
1352 838 1391 881 ea
1414 817 1523 881 omnia
1544 816 1736 881 Hermanno
1760 838 1922 901 germano

261 921 339 987 dicti
367 923 514 987 canonici
545 922 695 986 conferas
724 928 757 985 et
785 923 950 1006 assignes,
981 922 1155 1007 ipsumque
1178 923 1211 985 in
1235 943 1347 986 eorum
1371 922 1574 1007 corporalem
1600 921 1843 1006 possessionem
1868 923 1920 984 iu·

261 1024 380 1090 ducere
404 1047 442 1090 ac
466 1025 634 1090 inductum
658 1024 835 1090 defendere
861 1046 925 1089 non
949 1033 1143 1112 postponas:
1168 1024 1427 1090 contradictores
1451 1027 1543 1089 etc.¹.

365 1146 441 1211 Dat.
465 1146 628 1231 Lugduni,
650 1144 733 1208 VIII
758 1145 830 1209 Kal.
855 1146 953 1223 Iunii,
978 1168 1062 1210 anno
1078 1147 1153 1211 VI⁰.

1046 1632 1131 1705 lca.

370 1744 585 1838 Innocentius
610 1772 664 1838 IV
683 1794 775 1855 papo
802 1773 953 1858 [Uirico]
980 1773 1120 1854 episcopo
1144 1772 1302 1838 Gurcensi
1327 1771 1502 1850 committit,
1533 1775 1569 1834 nt
1597 1771 1737 1836 absolvat
1767 1770 1923 1852 qawsdam

262 1877 358 1942 laicos
379 1877 517 1941 civilatis
538 1881 568 1942 et
594 1877 724 1941 diocesis
751 1896 842 1954 suae,
870 1876 926 1957 qui
951 1877 1209 1940 excommunicati
1233 1875 1367 1956 suerint,
1391 1896 1453 1956 pro
1481 1896 1515 1938 eo
1540 1875 1623 1956 qnod
1646 1896 1708 1955 pro
1735 1872 1921 1959 defensione

260 1980 404 2044 ecclesiae
429 1981 602 2045 Gnrcensis
624 1979 700 2044 otiis
722 1979 857 2043 ecclesiis
879 1979 997 2043 damna
1014 1978 1243 2059 periucundae
1265 1983 1294 2041 ct
1316 1979 1451 2058 rapinas
1473 1978 1652 2042 intulerint.

366 2097 932 2166 1nn.1VRe9.Lto.V1,f.so,u.5⁶o.
1562 2082 1655 2158 1249,
1678 2079 1832 2144 Mares.

366 2185 496 2252 Pottucst,
515 2184 685 2254 Rep133825
704 2185 803 2254 Berper
820 2192 894 2239 4669.

776 2387 815 2405 ..
845 2330 1077 2421 episeopo
1113 2324 1404 2403 Gurcensiss.

370 2478 423 2543 Ex
450 2485 544 2565 parte
576 2486 633 2543 tua
661 2479 723 2544 luit
751 2479 847 2544 nobis
877 2479 1043 2544 humiliter
1073 2479 1306 2564 supplicatum,
1340 2484 1377 2543 ut
1408 2499 1481 2542 cum
1512 2478 1722 2563 quamplures
1753 2478 1832 2541 laici
1864 2484 1919 2541 tue

262 2582 403 2647 civitatis
433 2589 466 2646 et
496 2581 635 2647 diocesis
664 2604 722 2668 pro
750 2582 942 2648 defensione
975 2583 1092 2646 iurium
1117 2589 1150 2647 et
1172 2583 1332 2647 bonorum
1357 2580 1537 2645 (turcensis
1560 2579 1699 2644 ecclesie
1723 2579 1919 2665 quibusdam

261 2685 335 2750 aliis
359 2686 510 2750 ecclesiis
533 2686 703 2750 intulerint
726 2685 868 2772 dampna
890 2686 1030 2772 plurima
1053 2708 1113 2772 per
1136 2685 1287 2750 incendia
1310 2692 1344 2748 et
1366 2685 1516 2770 rapinas,
1547 2705 1604 2747 eos
1628 2683 1669 2747 ab
1693 2684 1919 2747 excommuni-

261 2790 399 2853 cationis
424 2789 603 2868 aententia,
627 2810 724 2873 quam
746 2796 883 2876 propter
904 2789 967 2853 hoc
991 2790 1212 2867 incurrerunt,
1244 2809 1317 2852 cum
1340 2788 1422 2874 ipsis
1447 2787 1541 2850 nimis
1565 2786 1606 2849 sit
1628 2785 1761 2850 difficile
1786 2791 1919 2872 aposto-

261 2891 356 2955 licam
382 2891 495 2956 sedem
520 2891 610 2956 adire
633 2914 692 2978 pro
716 2892 933 2957 absolutionis
956 2890 1117 2957 beneficio
1142 2889 1338 2971 obtinendo,
1368 2890 1492 2953 absolvi
1516 2888 1557 2953 de
1585 2887 1792 2975 benignitate
1823 2890 1919 2953 solita

263 2994 503 3059 mandaremus.
552 2994 603 3058 De
633 2997 820 3081 tua'igitur
849 2997 1142 3081 circumspectione
1170 2995 1299 3081 plenam
1323 2995 1356 3058 in
1379 2993 1520 3058 Domino
1544 2991 1698 3056 fiduciam
1721 2992 1919 3068 obtinentes,

261 3097 464 3181 presentium
489 3097 548 3161 tibi
572 3105 684 3163 tenore
709 3099 954 3176 committimus,
977 3107 1014 3163 ut
1037 3099 1169 3164 eosdem
1186 3099 1487 3163 excommunicatos
1503 3096 1656 3160 absolvas
1673 3095 1715 3160 ab
1731 3094 1917 3159 huiusmodi
1966 3122 1967 3131 ¹

263 3201 612 3266 excommunicationis
637 3204 798 3267 sententia
820 3203 914 3287 iusta
936 3203 1074 3266 sormam
1098 3203 1239 3267 ecclesie
1262 3202 1332 3265 vice
1357 3208 1486 3277 nostra,
1516 3198 1661 3263 iniuncto
1694 3199 1743 3262 eis
1767 3197 1854 3283 quod
1878 3197 1918 3260 de

262 3304 332 3368 iure
357 3304 455 3368 luerit
478 3305 724 3391 iniungendum,
748 3307 878 3392 proviso
902 3306 988 3392 quod
1012 3304 1154 3391 dampna
1177 3306 1283 3391 passis
1307 3304 1510 3369 satisfaciant
1534 3308 1770 3388 competenter.

370 3423 446 3488 Dat.
470 3432 505 3488 ut
529 3448 640 3511 supra.

1048 3791 1134 3864 733.

367 3899 586 3993 Innocentius
599 3928 654 3994 IV
665 3950 755 4015 popa
768 3931 917 4016 [lncobo]
931 3932 1071 4013 nriscopo
1086 3931 1224 3996 Metensi
1239 3930 1378 4007 mandat,
1401 3934 1437 3992 ut
1451 3929 1638 3992 monasterio
1656 3928 1761 3992 sancti
1775 3926 1917 3990 Martini

264 4029 513 4095 Ginndnriensis
533 4030 624 4113 infra
646 4033 724 4098 datos
745 4054 863 4099 menses
885 4034 922 4097 dc
945 4035 1054 4099 abbate
1072 4035 1235 4116 monitioni
1252 4034 1367 4120 faciat.
1559 4034 1652 4108 1249,
1676 4031 1759 4095 Mai.
1776 4033 1832 4098 27.

366 4148 431 4203 Inn.
450 4150 468 4203 1
472 4150 498 4204 V
513 4150 576 4219 Req.
596 4151 657 4207 Lib.
676 4152 723 4220 VI,
738 4154 759 4219 s.
772 4160 816 4221 49,
834 4170 862 4207 n.
873 4159 929 4209 564.

343 4239 345 4242 ⁴
365 4234 494 4305 Peuma
515 4237 577 4305 aa.
591 4245 682 4305 13383,¹
700 4239 798 4309 Berqer
815 4248 886 4295 4664.

827 4421 866 4438 ..
896 4364 1120 4455 episcopo
1153 4364 1354 4437 Metensi.

372 4511 469 4591 Cum,
501 4513 584 4577 sicut
612 4535 655 4578 ex
682 4514 844 4599 frequenti
873 4514 1032 4579 relatione
1064 4512 1253 4592 didicimus,
1283 4515 1515 4578 monasterinm
1545 4513 1634 4577 beati
1657 4513 1790 4578 Martini
1815 4511 1917 4577 Glan-

263 4614 462 4681 denensiab³
490 4615 612 4680 ordinis
641 4620 745 4682 sancti
773 4617 945 4683 Benedicti
975 4623 1031 4681 tue
1058 4616 1201 4681 diocesis
1232 4624 1322 4682 tanto
1350 4626 1497 4703 tempore
1526 4618 1589 4681 iarn
1614 4618 1753 4694 vacarit,
1782 4623 1821 4680 ut
1848 4616 1917 4679 eius

264 4717 405 4784 viduitas
421 4719 492 4784 sine
508 4719 663 4784 scandalo
681 4721 803 4786 diutius
819 4721 951 4787 tolerari
969 4743 1032 4785 non
1051 4722 1168 4807 possit:
1193 4719 1397 4799 mandamus,
1422 4721 1576 4804 quatinus
1592 4719 1700 4785 eidem
1717 4718 1919 4784 monasterio

372 4862 693 4871 —--—..---—„
1351 4864 1412 4868 —.
1444 4864 1484 4868 ...-
1515 4864 1533 4868 .,
1588 4863 1614 4867 ..-
1642 4862 1816 4868 -.—-.—

367 4946 391 5008 ὓ)
409 4945 446 4994 ito
464 4945 491 4996 in
509 4947 640 5012 scorpium
657 4950 766 5014 Gurgeil
783 4949 811 4998 in
830 4948 918 4998 rubro.
1023 4944 1048 5010 b)
1067 4947 1114 5012 leq.
1133 4947 1332 4998 Glandariansis.

367 5079 393 5146 1)
412 5078 472 5132 Hoc
487 5081 588 5146 sactum
606 5081 724 5146 videtum
740 5099 805 5135 nom
823 5080 1015 5151 [immaturi]
1033 5080 1070 5134 ad
1085 5083 1220 5149 querelam
1236 5081 1344 5135 rectoris
1360 5081 1478 5133 misiae
1493 5079 1581 5133 muni
1593 5078 1795 5131 Bartholomnei
1811 5077 1915 5131 mnas

262 5163 436 5233 [Hnnronno
449 5166 537 5219 consui
550 5166 583 5221 dc
597 5166 780 5238 Onenburqsl]
791 5167 936 5235 membru,
954 5173 985 5220 nt
1002 5166 1083 5220 cidon
1098 5167 1195 5221 recten
1210 5165 1310 5220 unam
1327 5165 1456 5219 amiciam
1473 5182 1533 5218 uno
1551 5181 1611 5218 crim
1628 5165 1709 5217 rebns
1727 5164 1827 5218 auara
1844 5164 1919 5215 libare

261 5250 420 5312 restitueret·
443 5251 505 5307 nid.
522 5259 598 5308 3805.
634 5253 690 5306 θιὼ
706 5272 733 5310 a.
747 5262 824 5321 1249,
848 5256 918 5322 Any.
935 5261 967 5307 24
986 5254 1170 5308 Meinbordns
1191 5269 1276 5307 comes
1295 5251 1426 5319 Gentius,
1450 5253 1607 5321 capitonem
1625 5249 1737 5313 Stiriae,
1762 5250 1919 5304 fimas

262 5335 349 5390 wanti
373 5335 405 5389 de
427 5335 590 5392 (bimbnrcb
612 5340 771 5393 sustentate
793 5341 929 5408 imperiali
954 5340 1086 5408 mutuom
1108 5340 1244 5410 abluerit,
1274 5341 1313 5391 ‘nt
1335 5338 1492 5407 impostori
1513 5337 1621 5390 auritio
1647 5334 1774 5389 arbaim
1794 5341 1873 5404 prmo
1895 5339 1917 5386 α

261 5424 386 5490 wal
409 5440 489 5490 quiam
507 5424 686 5494 &lunationem
703 5426 845 5494 irnpnotor
861 5434 971 5494 n.1249,
989 5426 1044 5481 Oct.
1061 5426 1236 5494 mmet,
1261 5424 1324 5479 ibid.
1337 5430 1414 5479 3793.
1445 5423 1573 5478 Fortasse
1591 5422 1669 5476 aaa
1685 5420 1724 5475 od
1740 5421 1790 5474 aas
1806 5437 1847 5475 res
1858 5436 1916 5491 pcr-

261 5509 341 5574 tinet,
370 5509 443 5576 quod
464 5510 573 5565 Ultimas
595 5511 627 5565 de
645 5511 792 5567 Ortcnbwc
815 5513 892 5581 episc.
913 5512 1061 5568 Gnrcensis
1077 5513 1210 5583 Lstpdnni
1231 5517 1289 5566 tunt
1311 5511 1378 5578 [ηιξ
1406 5511 1438 5577 cs.
1456 5517 1503 5564 727
1520 5514 1545 5563 ot
1569 5514 1625 5564 732.
1722 5508 1807 5574 2)OE
1826 5513 1915 5562 affl.

263 5595 290 5630 ut
309 5594 348 5630 {tt
366 5604 416 5630 un
