4328 6232
202 371 240 437 14
754 363 802 425 EX
820 363 1038 426 ruuocauau
1056 364 1096 424 IV
1114 362 1295 425 aualsrao

200 546 364 632 presentis
386 545 501 610 umbre
525 545 663 624 dissidii,
686 547 788 610 fortes
810 545 918 611 auimo
940 553 973 611 et
989 547 1174 610 inconcussi
1189 546 1356 611 mentibus
1372 545 1405 608 in
1420 544 1484 610 fide
1500 566 1539 609 ac
1554 543 1728 609 devotione
1745 549 1853 609 vestm

200 651 313 714 matris
343 650 484 714 ecclesie
512 650 711 734 persistatis,
742 648 915 714 credentes
939 650 1026 735 quod
1049 671 1123 714 oum
1146 649 1337 736 pregrandis
1359 656 1543 713 vestrorum
1566 650 1733 736 quantitas
1755 650 1853 714 meri-

199 759 306 817 torum
334 752 376 818 de
405 753 509 839 ipsius
539 753 680 818 ecclesie
709 774 885 839 numquam
911 755 1017 838 possit
1045 755 1170 820 aboleri
1198 754 1365 832 memoria,
1402 755 1435 817 in
1464 753 1552 818 sedis
1581 754 1762 840 apostolice
1790 755 1854 839 piis

199 856 375 921 affectibus
405 857 466 921 erit
494 863 641 941 tempore
673 862 833 942 oportuno
860 858 1153 943 promptissimum,
1184 864 1221 921 ut
1243 857 1335 922 vobis
1366 878 1425 942 pro
1452 858 1536 921 tanti
1557 878 1644 944 pena
1666 858 1853 922 certaminis

201 958 361 1044 condigne
396 959 502 1044 gratie
536 960 696 1045 premium
730 959 888 1024 retribuat
922 967 956 1024 et
989 960 1126 1035 fauoris,
1160 961 1303 1024 maxime
1338 981 1411 1025 cum
1445 961 1492 1026 sic
1526 960 1717 1025 multotiens
1750 961 1854 1047 ipsius

203 1064 364 1129 exuberet
394 1063 540 1147 gratiosa
568 1062 767 1147 benignitas,
797 1063 882 1149 quod
910 1085 976 1128 non
1003 1065 1108 1129 solum
1138 1064 1223 1127 lilios
1252 1064 1287 1127 in
1310 1084 1370 1126 suo
1393 1064 1486 1148 quasi
1509 1064 1634 1147 gremio
1658 1065 1855 1128 constitutos

202 1167 322 1232 affeetu
346 1173 492 1231 materno
515 1168 733 1254 prosequitur,
758 1174 809 1233 set
832 1169 906 1232 illos
930 1168 1121 1254 etiam,‘pr0
1146 1167 1263 1252 quibus
1287 1169 1320 1231 in
1343 1168 1476 1232 remotis
1499 1167 1647 1253 partibus
1670 1167 1855 1233 devotionis

202 1272 319 1335 menta
341 1270 560 1336 intercedunt.

310 1372 386 1440 Dat.
410 1381 578 1460 utsupra.

1003 1691 1061 1765 15.

307 1785 526 1878 Innocentius
541 1812 597 1876 IV
613 1833 702 1894 papa
721 1818 910 1894 potestatem,
933 1815 1097 1879 consilium
1113 1820 1142 1878 et
1151 1815 1306 1896 poliutum
1325 1814 1512 1878 Tudertinus
1525 1819 1635 1893 monet,
1663 1818 1699 1878 ut
1713 1817 1858 1881 ecclesiae

202 1916 246 1979 ad
266 1918 528 1980 restaurationem
550 1917 670 1981 iuriam
691 1937 819 1983 sunum
841 1919 1031 1983 subveniant
1052 1924 1081 1983 ct
1103 1919 1365 2005 archipresbyteri
1380 1918 1532 1984 Perusini
1554 1920 1711 2000 capellani
1732 1921 1793 1996 arri,
1816 1919 1860 1984 ad

202 2020 286 2100 ipsos
306 2019 466 2098 deuincti,
488 2020 640 2085 mndata
661 2021 828 2104 dilipenter
849 2027 1057 2104 exequantur.
1502 2025 1596 2103 1243,
1618 2024 1701 2106 Asq.
1716 2026 1771 2089 26.

308 2138 372 2194 run.
386 2139 435 2193 ιν
449 2139 513 2210 aa.
532 2140 626 2208 aar,
644 2147 688 2208 12,·
706 2141 765 2195 aa.
778 2127 811 2210 r,
822 2150 857 2198 n.

306 2225 403 2294 Berper
416 2235 452 2282 71.

440 2446 449 2462 .
480 2446 489 2463 .
518 2389 772 2481 potestati,
808 2392 1010 2465 consilio
1045 2397 1090 2466 et
1125 2392 1299 2485 populo
1334 2391 1623 2466 Tudertinis

314 2539 460 2624 Tempus
489 2538 596 2619 adest,
626 2539 660 2602 in
688 2558 752 2623 quo
781 2546 890 2603 vestra
917 2538 1049 2605 devotio
1079 2547 1188 2626 potest
1210 2539 1284 2605 Deo
1313 2541 1452 2627 propitio
1481 2547 1514 2605 et
1537 2542 1677 2607 ecclesie
1700 2542 1860 2608 honorem

205 2642 356 2706 attollere
386 2649 419 2707 et
446 2643 572 2708 devotis
603 2643 750 2708 eiusdem
782 2643 843 2707 sub
870 2645 1098 2730 persecutione
1121 2645 1238 2730 positis
1263 2645 1378 2708 salutis
1401 2645 1542 2729 gratiam
1566 2666 1752 2732 procurare.
1788 2645 1860 2710 Vos

206 2746 332 2830 itaque,
363 2767 436 2810 cum
468 2747 539 2810 sitis
562 2745 667 2833 ipsius
691 2747 832 2811 ecclesie
856 2747 913 2810 filii
938 2746 1111 2832 speciales,
1144 2747 1314 2812 scientiam
1338 2754 1372 2811 et
1395 2754 1593 2834 potestatem
1617 2748 1793 2828 habentes,
1824 2756 1862 2813 ut

206 2855 310 2913 status
342 2851 412 2915 eius
441 2851 473 2914 in
503 2851 623 2914 bonum
652 2857 762 2916 vestre
792 2851 976 2916 devotionis
1006 2850 1185 2915 ministerio
1216 2852 1416 2935 suffragante
1445 2851 1555 2915 divine
1578 2851 1706 2915 virtutis
1733 2852 1860 2916 auxilio

205 2950 374 3035 dirigatur,
398 2952 438 3016 ad
462 2952 524 3017 hoc
548 2953 718 3034 intendite,
747 2954 788 3018 ad
811 2955 874 3018 hoc
897 2955 1057 3019 desudate
1081 2977 1140 3041 pro
1164 2955 1298 3035 viribus,
1327 2962 1364 3019 ut
1387 2955 1474 3041 quod
1497 2953 1584 3019 dicta
1607 2955 1748 3020 ecclesia
1772 2957 1861 3021 circa

206 3076 339 3118 suorum
369 3056 641 3120 restaurationem
672 3058 790 3121 iurium
813 3059 866 3144 pie
890 3058 1072 3138 desiderat,
1105 3065 1334 3143 consequatur.
1373 3058 1497 3123 Verum
1521 3060 1597 3145 quia
1620 3059 1806 3145 superbiis
1829 3067 1863 3124 et

205 3158 279 3221 aliis
304 3165 415 3222 nostra
429 3159 522 3223 vobis
546 3159 677 3224 affectio
701 3160 818 3224 melius
842 3161 960 3247 poterit
976 3161 1084 3226 verbis
1107 3162 1246 3247 exprimi
1263 3183 1359 3246 quam
1376 3163 1494 3227 litteris
1511 3162 1680 3248 explicari,
1703 3160 1862 3228 dilectum

205 3262 306 3326 filium
330 3312 337 3327 .
359 3315 366 3330 .
390 3263 709 3350 archipresbytemm
732 3264 930 3330 Perusinum
953 3273 1015 3331 etc.
1039 3272 1195 3352 utsupra
1226 3266 1259 3330 in
1281 3265 1394 3330 LXIX
1417 3266 1526 3331 littera
1554 3287 1659 3351 usquc
1689 3267 1722 3330 in
1751 3267 1862 3332 linem.

315 3366 392 3433 Dat.
416 3374 452 3432 ut
476 3389 585 3455 supra.

314 3488 354 3552 Iu
378 3489 518 3554 eundem
542 3489 673 3553 modurn
697 3539 730 3555 ..
755 3489 920 3575 potestati,
945 3489 1080 3553 consilio
1104 3495 1136 3551 et
1159 3489 1279 3574 populo
1304 3488 1537 3554 Urbevetanis.

1009 3980 1066 4051 16.

312 4074 530 4168 Irsnooeutins
546 4101 603 4167 IV
618 4123 705 4183 papa
727 4102 954 4186 [Marcellino]
981 4103 1120 4183 episcopo
1142 4087 1287 4178 Aeetine,
1317 4098 1473 4164 sitarchiae
1495 4099 1715 4163 Ariconitauae
1742 4101 1864 4178 rectori,

209 4205 352 4282 retundat,
380 4208 415 4267 ut
437 4205 600 4286 quosdam,
629 4206 685 4286 qai
707 4206 742 4269 ob
760 4205 905 4291 favorem
931 4207 1089 4285 principis
1116 4204 1373 4268 cneorumunieati
1399 4203 1443 4267 ad
1469 4204 1574 4266 siurim
1594 4202 1739 4266 ecclessiae
1760 4202 1864 4267 redire

208 4310 313 4388 uelint,
336 4309 485 4376 absolmt.
1506 4308 1601 4384 1243,
1623 4306 1706 4387 Aup.
1722 4307 1775 4369 26.

312 4429 376 4485 Inn.
390 4429 438 4482 IV
453 4428 517 4497 Ray.
536 4428 629 4494 roal,
648 4435 691 4497 12,·
709 4428 771 4483 Lab.
785 4429 808 4497 I,
823 4436 859 4483 72.

313 4516 408 4584 aaran
422 4522 457 4569 72.

366 4750 375 4768 .
406 4750 415 4767 .
444 4695 668 4786 episcopo
696 4694 918 4783 Aretino,
955 4694 1162 4769 marchie
1190 4693 1490 4766 Anconitane
1517 4693 1707 4766 rectori.

318 4842 416 4924 Cum,
440 4844 578 4908 sicutte
601 4843 771 4908 intimante
795 4844 1019 4929 percepimus,
1053 4844 1201 4907 nonnulli
1225 4843 1259 4906 in
1282 4841 1492 4907 Anconitana
1515 4841 1661 4906 marchia
1682 4843 1863 4923 constituti,
1891 4826 1895 4832 ’

210 4947 265 5034 qui
297 4951 432 5032 propter
448 4936 608 5009 'favorem
638 4946 777 5032 principi
810 4946 992 5010 exhibitum
1014 4947 1145 5011 vinculo
1170 4953 1245 5010 sunt
1274 4945 1622 5011 excommunicationis
1651 4945 1791 5027 astricti,
1821 4946 1863 5010 ad

211 5053 317 5115 sinum
341 5051 453 5114 matris
478 5050 617 5114 ecclesie
641 5049 749 5114 redire
773 5049 973 5127 desiderent,
998 5049 1200 5130 mandamus,
1225 5050 1378 5135 quatinus
1401 5071 1461 5135 per
1484 5054 1517 5112 te
1540 5069 1579 5113 ao
1603 5049 1694 5127 alios,
1718 5071 1798 5135 quos
1821 5047 1863 5114 ad

211 5155 272 5219 hoc
296 5154 431 5218 idoneos
455 5175 530 5218 esse
554 5153 757 5238 cognoveris,
779 5154 830 5218 de,
843 5153 989 5240 parendo
1007 5153 1182 5238 superbiis
1200 5153 1361 5217 mandatis
1380 5154 1520 5218 ecclesie
1537 5160 1569 5217 et
1586 5152 1672 5238 quod
1687 5154 1720 5217 in
1737 5158 1861 5239 partem

210 5256 287 5324 dieti
311 5257 465 5343 principis
498 5257 636 5321 ulterius
667 5277 732 5321 non
762 5256 917 5322 redibunt
948 5257 1123 5323 sufficienti
1153 5258 1194 5322 ab
1222 5259 1271 5322 eis
1303 5259 1452 5323 cautione
1477 5264 1627 5345 recepta,
1660 5259 1740 5345 ipsis
1770 5259 1864 5322 iuxta

210 5361 347 5426 formam
371 5358 508 5425 ecclesie
533 5359 728 5426 beneficium
751 5360 966 5426 absolutionis
991 5360 1193 5447 impendas1.

319 5461 396 5526 Dat.
420 5467 456 5526 ut
478 5482 586 5549 supra.

316 5684 341 5751 1)
360 5683 428 5737 Alia
445 5684 577 5739 nmudata
594 5686 676 5740 eidem
692 5687 741 5741 sub
758 5685 844 5743 aedon
860 5687 903 5741 die
919 5687 986 5744 data
1003 5704 1048 5757 ap.
1067 5689 1163 5758 Beryct
1178 5694 1209 5742 73
1226 5693 1251 5741 et
1266 5695 1304 5743 74.

1907 1841 1930 1878 lu

1912 2979 1936 3019 2⁰

1915 5181 1939 5219 85
