4790 6340
1007 449 1057 506 ux
1076 449 1293 508 Innocun'ru
1311 452 1351 507 IV
1369 450 1552 509 Ruclls'rno

922 807 932 826 .
960 809 969 827 .
996 751 1348 844 archiepiscopo
1375 751 1640 827 Ravennati.

570 899 622 964 Ex
657 909 750 987 parte
784 909 841 966 tus
875 903 938 966 tuit
969 902 1064 966 nobis
1099 902 1264 967 humiliter
1294 903 1528 987 supplicatum,
1554 909 1591 965 ut
1619 923 1692 965 cum
1720 901 1905 966 Fridericus
1937 901 2098 987 quondam

458 1002 636 1089 imperator
667 1004 700 1068 in
734 1003 866 1070 civitate
902 1005 1059 1070 Raveme
1093 1006 1236 1069 construi
1266 1005 1383 1070 lecerit
1418 1003 1580 1090 quoddam
1608 1009 1765 1084 castrum,
1796 1003 1881 1091 quod
1904 1005 1974 1069 sine
1996 1003 2098 1068 multo

460 1105 615 1171 scandalo
638 1127 677 1171 ac
700 1107 841 1172 civitatis
864 1108 1012 1174 eiusdem
1035 1107 1205 1195 dispendio
1228 1131 1248 1172 a
1271 1109 1412 1174 seculari
1434 1128 1576 1194 persona
1598 1108 1757 1193 possideri
1779 1129 1844 1172 non
1865 1113 1997 1194 posset,
2018 1105 2099 1171 illud

460 1207 643 1274 Ravennati
666 1210 806 1275 ecclesie
830 1210 1008 1277 concedere
1032 1212 1072 1277 de
1096 1211 1298 1298 benignitate
1323 1211 1409 1277 sedis
1431 1211 1609 1297 apostolice
1633 1231 1820 1275 curaremus
1831 1212 1852 1275 ¹.
1896 1209 1966 1275 Nos
1990 1211 2098 1294 igitur,

461 1313 525 1376 tuis
548 1313 838 1400 supplicationibus
861 1315 1017 1396 inclinati,
1041 1323 1185 1380 castrum
1208 1314 1390 1402 predictum
1413 1336 1487 1380 cum
1510 1314 1634 1380 iuribus
1658 1320 1692 1380 et
1721 1313 1925 1401 pertinentiis
1949 1315 2017 1379 suis
2039 1313 2101 1378 tibi

460 1436 499 1480 ac
532 1436 593 1502 per
627 1423 660 1482 te
694 1417 875 1483 Ravennati
903 1418 1045 1483 ecclesio
1075 1417 1116 1484 de
1146 1421 1252 1504 gratis
1274 1420 1483 1485 concedimus
1507 1419 1646 1484 liberali.
1691 1418 1783 1483 Nulli
1806 1439 1884 1504 ergo
1906 1424 1969 1484 etc.
1992 1423 2100 1482 nostre

460 1521 683 1586 concessionis
706 1528 767 1588 ete.

568 1641 644 1708 Dat.
665 1642 830 1729 Lugduni,
852 1643 883 1708 V
905 1643 989 1711 Non.
1011 1643 1096 1724 Iulii,
1121 1664 1206 1708 anno
1228 1645 1353 1730 quinto.

1238 2082 1326 2155 tot.

563 2171 779 2266 Innocentius
800 2201 856 2267 IV
876 2223 964 2284 pepo
985 2203 1194 2292 [Bertlrotde]
1215 2205 1322 2269 abbati
1354 2203 1465 2270 Seresti
1499 2203 1591 2268 (letti
1628 2201 1872 2266 consideratione
1910 2199 2037 2280 Redntfi
2064 2197 2101 2262 de

460 2300 574 2366 Heter'n
596 2322 699 2384 nnper
714 2326 777 2386 pro
798 2304 956 2371 devotione
978 2309 1119 2374 eoetesina
1141 2331 1163 2374 a
1187 2307 1331 2375 Conrado
1349 2309 1418 2389 lilio
1439 2306 1599 2372 Friderici
1620 2304 1776 2387 qnondam
1803 2305 2000 2385 imperatoris
2021 2302 2104 2382 capti

459 2405 604 2483 nuendat,
627 2411 663 2470 nt
683 2427 751 2472 cnm
773 2407 912 2474 Herrrieo
943 2411 1052 2476 clerico
1082 2411 1120 2476 de
1147 2411 1304 2497 Scasuson
1336 2411 1505 2493 dispenset,
1535 2414 1572 2474 nt
1596 2413 1785 2490 personatus
1811 2412 1841 2474 ct
1866 2409 1935 2472 atio
1957 2406 2103 2486 beneficia

457 2508 663 2574 adamatica
684 2512 820 2578 obtinere
837 2514 947 2594 possit
1783 2515 1877 2590 1247,
1897 2510 1962 2578 Int.
1985 2513 2015 2574 4.

562 2611 626 2666 sn.
645 2613 694 2668 IV
710 2614 773 2683 aa.
789 2615 842 2670 nor.
862 2617 885 2684 1,
904 2625 970 2679 aa
989 2617 1048 2672 un.
1073 2618 1161 2686 nu.

564 2699 660 2768 Borea
676 2707 752 2757 3090.

671 2939 679 2954 .
709 2937 717 2955 .
746 2884 895 2959 abbati
924 2885 1086 2959 Sancti
1115 2885 1242 2960 Galli
1269 2885 1639 2959 Constanticnsis
1667 2883 1890 2956 diocesis.

570 3029 734 3096 Dilectum
769 3031 868 3096 filium
905 3033 1086 3098 Henrioum
1120 3033 1273 3098 clericum
1308 3032 1349 3098 de
1384 3032 1549 3098 Shalusen
1583 3032 1845 3098 consideratione
1885 3031 2003 3096 nobilis
2039 3029 2101 3092 viri

462 3129 592 3198 Rodulti
615 3133 656 3200 de
680 3135 829 3217 Hewin²,
859 3138 913 3223 qui
936 3158 1040 3223 nuper
1061 3158 1120 3224 pro
1143 3136 1317 3202 devotione
1341 3135 1430 3201 sedis
1454 3137 1630 3222 apostolice
1653 3158 1673 3199 a
1688 3135 1837 3202 Conrado
1861 3136 1927 3200 lilio
1943 3134 1982 3198 F.
1998 3154 2101 3220 quon-

463 3233 537 3299 dam
559 3236 763 3323 imperatoris
786 3247 911 3326 captus,
934 3240 1041 3305 adbuc
1063 3242 1097 3306 iu
1118 3241 1220 3326 ipsius
1243 3261 1373 3306 carcere
1398 3239 1570 3320 detinetur,
1595 3247 1628 3304 et
1650 3240 1780 3305 Rodulti
1802 3241 1934 3304 fratris·
1956 3238 2103 3324 ejusdem

462 3335 592 3420 nobilis,
615 3343 670 3426 qui
693 3342 786 3408 nobis
810 3364 867 3429 pro
890 3344 962 3430 ipso
986 3344 1150 3409 humiliter
1172 3345 1377 3430 supplicavit,
1400 3366 1462 3408 neo
1485 3366 1551 3409 non
1574 3345 1711 3410 obtentu
1733 3345 1905 3431 probitatis
1928 3343 2031 3428 ipsius
2046 3340 2102 3421 H,

462 3442 517 3528 qui
547 3443 719 3510 honestate
754 3468 878 3512 morum
912 3456 945 3513 et
979 3449 1162 3524 litterarum
1198 3450 1336 3513 scientia
1365 3447 1407 3512 ad
1442 3448 1651 3514 obtinendam
1681 3448 1829 3513 eiusdem
1856 3447 1944 3513 sedis
1966 3445 2104 3531 gratiam

462 3547 579 3612 dieitur
600 3548 758 3630 adiuvari,
780 3553 935 3638 prosequi
959 3554 1105 3618 volentes
1127 3553 1266 3638 speciali
1288 3553 1394 3637 gratia
1417 3558 1450 3616 et
1472 3551 1594 3630 farore,
1618 3551 1830 3630 mandamus,
1854 3551 2007 3637 quatinus
2031 3567 2104 3612 cum

462 3651 546 3738 ipso,
570 3653 643 3738 ejus
667 3655 921 3740 suffragantibus
944 3657 1079 3734 meritis,
1102 3654 1187 3741 quod
1210 3657 1315 3742 possit
1338 3662 1552 3742 personatus,
1587 3656 1761 3741 dignitates
1790 3662 1823 3722 et
1851 3656 1915 3721 alia
1945 3653 2105 3719 beneficia

463 3757 704 3838 ecclesiastica,
728 3759 876 3824 etiamsi
900 3779 1010 3824 curam
1034 3760 1214 3823 animarum
1236 3759 1379 3824 habeant
1413 3767 1448 3823 et
1475 3759 1538 3823 sibi
1565 3760 1719 3824 canonice
1742 3758 1934 3839 offerantur,
1958 3758 2104 3843 recipere

463 3859 566 3926 libere
589 3881 627 3925 ao
649 3861 738 3926 licite
759 3863 900 3928 retinere
925 3899 966 3909 -
989 3862 1219 3927 constitutione
1243 3862 1406 3946 generalis
1430 3862 1562 3926 concilii
1583 3883 1647 3928 non
1671 3862 1821 3928 obstante
1843 3897 1893 3942 -,
1910 3861 2103 3926 auctoritate

463 3969 574 4027 nostra
596 3963 769 4050 dispenses
796 3987 899 4052 usque
935 3965 977 4030 ad
1012 3966 1241 4050 quantitatem,
1272 3966 1391 4051 quamb
1415 3967 1483 4031 suis
1519 3966 1646 4030 meritis
1675 3965 1904 4050 exigentibus⁰
1928 3963 2105 4030 secundum

463 4065 570 4132 Deum
592 4068 712 4133 videris
736 4070 909 4155 expedire;
947 4070 1075 4156 proviso
1098 4069 1183 4154 quod
1214 4077 1426 4156 personatus,
1457 4068 1633 4156 dignitates
1661 4076 1695 4135 et
1716 4069 1876 4135 beneficia
1898 4067 2020 4133 debitis
2043 4073 2107 4133 etc.

465 4191 584 4257 nsque:
609 4172 804 4258 negligatur.
1564 4161 1565 4166 ἵ

570 4291 646 4357 Dat.
667 4292 830 4379 Lugduni,
851 4291 923 4358 1111
944 4293 1047 4358 Nonis
1070 4293 1154 4374 Iulii,
1178 4314 1262 4359 anno
1280 4293 1323 4361 V.

571 4411 611 4478 In
633 4411 773 4480 eundem
795 4413 928 4480 modum
951 4413 1059 4480 sidem
1081 4414 1216 4480 abbati⁸
1236 4436 1295 4501 pro
1319 4413 1470 4480 Waltero
1492 4415 1532 4480 de
1555 4412 1705 4479 Kilthein
1728 4414 1858 4480 clerico.

1234 4851 1309 4924 408

567 4946 785 5040 Innocentius
800 4972 858 5039 IV
870 4993 961 5057 papa
982 4972 1124 5058 [Odont]
1144 4975 1285 5056 episcopo
1309 4975 1499 5052 Tusculano,
1523 4974 1707 5055 apostoliea
1729 4973 1811 5038 sedis
1833 4973 1944 5056 tapeto,
1967 4971 2106 5048 mandat,

462 5083 499 5144 nt
514 5100 575 5164 per
599 5078 865 5156 Ournereaensem,
888 5075 1102 5154 Leodnnsen
1132 5076 1322 5156 Tnttcnsem,
1354 5077 1591 5156 Trnieetensem,
1620 5076 1792 5141 Metensem
1825 5080 1855 5141 et
1882 5075 2107 5140 Virdnnensem

566 5339 592 5408 ⁸)
607 5342 719 5406 formu
736 5341 815 5407 petris
832 5339 965 5406 Inpendam
983 5349 1025 5390 aa
1132 5338 1158 5404 l³)
1177 5341 1208 5390 ds
1226 5357 1277 5405 qua
1294 5338 1344 5400 R.,·
1360 5341 1393 5404 ef.
1408 5357 1436 5405 p.
1455 5345 1507 5404 117,
1523 5349 1575 5391 not.
1594 5358 1607 5391 c
1624 5349 1648 5391 et
1665 5357 1691 5390 n.
1711 5343 1761 5391 185
1779 5347 1802 5389 et
1821 5342 1874 5391 186.
1988 5335 2011 5398 ⁰)
2029 5343 2105 5402 prout

463 5428 525 5480 aad.
541 5427 574 5479 B.
611 5426 641 5480 ss·
657 5443 716 5480 uero
733 5426 771 5477 ite
788 5427 837 5494 legi
853 5426 932 5490 debet,
948 5434 976 5476 ut
993 5425 1025 5477 B.
1041 5427 1173 5493 maedan,
1186 5434 1246 5492 post
1262 5427 1366 5478 certunm
1383 5428 1502 5494 expedire
1519 5427 1691 5494 supplendam
1718 5435 1767 5478 cet:
1793 5426 1841 5476 sibi
1860 5424 1939 5492 possit
1965 5431 1991 5475 st
2015 5423 2106 5474 debeat

463 5531 576 5583 congrue
593 5515 729 5582 provideri,
746 5515 787 5565 set
804 5515 855 5566 tate
871 5514 945 5580 quid·
962 5515 996 5578 cs.
1013 5531 1039 5566 n.
1060 5516 1116 5566 265.

567 5632 594 5698 1)
614 5629 713 5686 orna
732 5631 876 5686 &nam
892 5629 923 5682 tn
937 5635 1064 5697 potestate
1080 5630 1248 5700 imperatores
1265 5636 1338 5698 ernt5
1355 5633 1390 5698 cs.
1405 5649 1433 5700 p.
1452 5638 1515 5699 293,
1533 5637 1590 5686 not.
1609 5639 1632 5686 2.
1749 5631 1776 5696 2)
1794 5627 1979 5684 Hanunea
1996 5641 2028 5680 aa
2045 5630 2105 5694 sept.

463 5717 544 5772 codri
561 5717 732 5773 Hobentwtet.
835 5719 863 5787 3)
881 5715 925 5772 De
941 5716 1026 5772 wdan
1043 5717 1133 5773 abbata
1148 5718 1183 5785 cs.
1201 5717 1279 5772 daem
1297 5717 1392 5787 Boreo
1408 5725 1481 5774 3036.

2157 5525 2183 5566 35
