4328 6232
753 333 801 396 EX
819 332 1040 396 mesenen
1057 331 1097 394 IV
1115 332 1298 397 REGIS'I'RO

981 656 1068 730 54&

308 776 528 868 Innocentius
547 800 604 865 IV
619 819 709 883 popo
731 796 939 883 [Bortbolelo]
960 786 1069 861 abbati
1095 795 1208 862 Sancti
1232 795 1324 862 Galli
1350 795 1460 860 scabit
1479 799 1653 880 praeterito
1675 799 1727 864 aa
1748 806 1858 866 sancto

200 908 288 972 Ionis
301 906 403 990 [Aps.
418 907 478 991 16]
500 924 531 969 se
546 902 738 989 [Volcordo]
759 902 898 982 episcopo
921 899 1077 978 (leemosi,
1095 897 1223 984 fautori
1245 899 1443 998 Ebiderici]
1464 901 1622 982 mnndom
1644 905 1857 988 Imperatoris,

200 1013 390 1088 iniunxisse,
413 1014 449 1073 nt
470 1028 567 1090 usqne
588 1004 768 1091 aelfestum
785 1007 975 1088 pentecostes
995 1003 1173 1088 [Henrico]
1193 1003 1333 1084 episcopo
1359 1003 1593 1070 constantiensi
1621 1008 1728 1071 omnio
1750 1013 1858 1074 cnara

206 1115 350 1178 ecclesiae
376 1133 468 1190 snae,
497 1130 577 1191 qnae
603 1109 685 1171 idem
711 1107 856 1184 noluerit,
885 1108 1024 1190 ossipnct
1046 1111 1076 1171 et
1092 1107 1304 1187 personaliter
1324 1107 1412 1187 npnd
1431 1107 1532 1171 sedem
1553 1111 1757 1195 apostolimm
1779 1134 1858 1177 mm.

196 1221 322 1296 pareat,
345 1216 488 1295 alloquin
511 1212 554 1277 ool
575 1213 643 1274 eins
664 1211 883 1292 depositionem
903 1228 1080 1290 enecassem
1102 1209 1147 1272 iri
1153 1231 1163 1288 ,·
1184 1209 1325 1288 inundat,
1354 1214 1391 1272 nt
1410 1209 1487 1274 bace
1508 1213 1648 1294 episcopo
1669 1217 1798 1279 nuntiet
1818 1221 1857 1294 el,

204 1319 258 1382 nbi
280 1318 425 1398 capedine
446 1316 569 1392 viderit,
586 1315 734 1395 publicet.
1495 1318 1589 1395 1248,
1611 1318 1693 1402 App,
1718 1324 1770 1383 13,

306 1437 370 1489 Ina.
391 1436 441 1490 IV
456 1436 519 1503 Rea.
538 1435 592 1489 Vol.
612 1434 642 1500 Ι,
664 1441 726 1497 aaz·
744 1432 803 1487 Inb.
822 1434 851 1503 V,
869 1450 924 1487 cnr.
944 1442 986 1487 48.

304 1523 401 1590 Berper
418 1529 494 1577 4098.

743 1705 751 1720 .
781 1646 972 1722 ‚abban
1001 1646 1154 1720 Sancn
1182 1645 1308 1721 Gassi

310 1801 391 1864 Cum
417 1801 493 1862 olim
518 1799 910 1862 excommunicaverimus
939 1799 1127 1884 episcopum
1151 1796 1378 1877 Curiensem1,
1411 1798 1509 1861 immo
1540 1801 1650 1886 potius
1679 1803 1855 1871 denuntia-

201 1906 343 1967 verimus
368 1926 442 1968 eum
466 1904 596 1967 vinculo
621 1902 965 1967 excommunicationis
988 1903 1167 1979 astrictum,
1190 1922 1249 1986 pro
1273 1921 1312 1963 eo
1330 1901 1415 1986 quod
1432 1900 1470 1964 F.
1487 1904 1650 1988 quondam
1668 1908 1857 1995 imperatori

201 2028 272 2070 cum
310 2006 513 2071 adiutoribus
549 2013 583 2070 et
616 2007 799 2070 fautoribus
834 2006 901 2068 suis
935 2006 1217 2069 excommunicato
1247 2004 1398 2079 favebat,
1433 2013 1558 2070 certum
1590 2009 1653 2073 sibi
1682 2014 1857 2078 terminum

201 2111 420 2193 assignantes,
444 2111 526 2174 inira
543 2130 638 2194 quem
656 2130 765 2173 coram
781 2109 873 2173 nobis
891 2130 1082 2194 comparere
1107 2113 1248 2184 curaret,
1272 2129 1371 2194 super
1393 2108 1456 2172 hoc
1478 2110 1641 2177 mandatis
1666 2119 1858 2201 apostolicis

202 2214 376 2298 pariturus,
401 2221 434 2276 et
454 2213 666 2298 depositionis
683 2233 800 2298 penam
819 2214 1054 2276 comminantes
1071 2211 1188 2285 eidem,
1211 2212 1274 2274 nisi
1289 2212 1437 2297 predicta
1452 2213 1631 2279 efficaciter
1645 2216 1856 2305 adimpleret:

1917 1246 1954 1286 bi

200 2317 277 2381 licet
308 2317 395 2381 idem
427 2319 601 2403 episcopus
632 2316 839 2401 postmodum
870 2337 929 2400 per
958 2317 1106 2379 nuntium
1138 2336 1247 2393 suum,
1285 2336 1382 2399 quem
1415 2314 1456 2379 ad
1490 2316 1602 2382 sedem
1640 2322 1855 2407 apostolicam
1952 2362 1954 2367 .

201 2420 388 2498 destinavit,
413 2443 521 2485 coram
545 2420 726 2486 venerabili
751 2421 851 2484 tratre
875 2426 985 2483 nostro
1008 2417 1135 2505 P[etr0]
1155 2418 1337 2482 albanensi
1362 2420 1516 2506 episeopo
1539 2443 1560 2485 a
1585 2424 1682 2488 nobis
1706 2425 1856 2492 auditore

201 2545 356 2588 concesso
380 2547 478 2610 super
499 2526 668 2610 premissis
691 2526 846 2588 iuraverit
869 2525 988 2587 nostris
1018 2544 1133 2608 parere
1163 2521 1340 2599 mandatis,
1374 2530 1406 2586 et
1435 2524 1497 2609 ipsi
1520 2524 1671 2591 (buriensi
1700 2532 1856 2618 episcopo

201 2636 266 2691 tam
290 2651 350 2714 per
372 2631 522 2692 nuntium
545 2629 808 2693 mandaverimus
831 2634 1048 2692 memoratum
1073 2648 1170 2712 quam
1188 2648 1247 2711 per
1263 2627 1390 2690 litteras
1408 2628 1580 2713 speciales,
1604 2632 1689 2696 utin
1705 2635 1857 2699 manibus

200 2732 398 2796 venerabilis
425 2732 536 2795 fratris
564 2734 667 2796 nostri
693 2781 725 2797 ..
758 2731 1021 2795 Constantiensis
1051 2731 1197 2816 episcopi
1228 2731 1324 2816 plene
1354 2736 1501 2809 caveret,
1534 2731 1619 2816 quod
1649 2734 1797 2819 predicto
1819 2737 1855 2802 F.

158 2914 161 2919 Ι
201 2833 333 2918 aliquod
357 2836 513 2899 auxilium
536 2858 599 2899 non
631 2843 793 2922 prestaret
822 2844 855 2900 et
881 2835 1044 2900 mandatis
1074 2835 1194 2898 nostris
1225 2834 1390 2897 humiliter
1418 2833 1579 2912 obediret,
1611 2835 1718 2902 dictus
1748 2846 1854 2905 maren
1941 2876 1954 2911 ι

201 2937 375 3022 episcopus
391 2937 559 3003 (buriensis
576 2960 684 3003 coram
701 2940 829 3024 prefato
847 2939 1092 3003 Constantiensi
1110 2939 1265 3024 episeopo
1287 2937 1408 3001 nullam
1433 2939 1494 3001 nisi
1518 2938 1706 3006 iuratoriam
1731 2951 1856 3009 tantum

201 3040 276 3103 inde
304 3048 452 3125 prestare
480 3044 583 3106 voluit
613 3045 813 3119 cautionem3
843 3051 974 3128 propter
998 3041 1083 3128 quod
1107 3043 1226 3105 iustam
1250 3062 1423 3128 possemus
1447 3043 1478 3105 in
1504 3043 1644 3109 eundem
1668 3047 1855 3134 episcopum

202 3142 394 3208 Ouriensem
419 3145 634 3231 depositionis
658 3148 855 3210 sententiam
880 3146 1098 3230 promulgare.
1137 3145 1299 3208 Veientes
1323 3152 1432 3208 autem
1461 3145 1567 3213 adbuc
1599 3168 1701 3232 agere
1730 3151 1855 3216 miseri·

201 3247 343 3311 corditer
365 3270 439 3312 cum
462 3249 588 3325 eodem,
613 3250 646 3312 in
669 3249 721 3313 die
746 3256 858 3313 sancto
874 3248 965 3313 lovis
982 3249 1129 3335 proximo
1152 3249 1316 3332 preterito,
1340 3256 1493 3334 presente
1511 3249 1643 3335 publica
1659 3261 1695 3317 et
1709 3256 1854 3338 generali

201 3353 457 3436 congregatione
480 3352 639 3433 fidelium,
663 3353 726 3416 sibi
749 3352 903 3416 duximus
927 3352 1162 3436 iniungendum
1171 3351 1194 3433 ²,
1224 3359 1388 3437 utusque
1411 3352 1453 3416 ad
1477 3354 1597 3418 testum
1621 3358 1856 3442 pentecostes³
1940 3384 1954 3420 ε

199 3457 348 3541 proximo
373 3465 545 3521 venturum
569 3456 655 3521 dicto
681 3458 835 3543 episcopo
860 3457 1105 3521 Constantiensi
1133 3455 1242 3519 omnia
1270 3464 1378 3519 castra
1402 3455 1571 3521 Curiensis
1602 3459 1762 3541 ecclesie,
1794 3484 1856 3547 que

200 3558 340 3623 voluerit
374 3560 459 3625 idern
492 3561 754 3625 Constantiensis
789 3563 978 3647 episcopus,
1014 3561 1131 3624 offerat
1162 3565 1196 3623 et
1228 3559 1375 3644 assignet
1410 3561 1540 3624 nomine
1576 3561 1679 3647 ipsius
1715 3566 1857 3631 ecclesie

103 3661 105 3663 ’
201 3659 368 3726 Ouriensis
392 3663 578 3745 detinenda,
602 3671 635 3728 et
657 3665 741 3728 intra
765 3664 845 3728 illud
868 3665 986 3728 festum
1003 3664 1220 3751 personaliter
1235 3671 1424 3748 compareat
1440 3686 1548 3729 coram
1565 3666 1670 3747 nobis,
1695 3668 1857 3734 mandatis

201 3767 320 3829 nostris
351 3776 384 3830 et
416 3767 631 3853 beneplacitis
662 3770 837 3853 pariturus.
883 3769 1038 3854 Alioquin
1062 3789 1104 3832 ex
1134 3773 1212 3830 tunc
1235 3768 1322 3830 omni
1347 3767 1504 3832 dilatione
1528 3778 1655 3835 remota
1678 3772 1856 3837 secundum

200 3890 323 3933 morem
347 3872 528 3956 apostolice
552 3873 639 3937 sedis
663 3873 704 3936 ad
727 3875 830 3958 ipsius
853 3872 1106 3959 depositionem,
1137 3873 1206 3935 sive
1237 3872 1307 3957 ipse
1337 3871 1457 3936 absens
1487 3874 1587 3938 fuerit
1615 3875 1684 3939 sive
1707 3899 1856 3963 presens,
1942 3893 1954 3929 ἓ

201 3979 334 4038 auctore
364 3973 504 4038 Domino
543 3975 770 4060 procedemus.
821 3976 996 4040 Canonicis
1031 3996 1107 4039 vero
1147 3974 1292 4061 predicte
1331 3967 1498 4039 Curiensis
1533 3978 1673 4044 ecclesie
1708 3981 1857 4047 districte

201 4075 408 4157 mandamus,
437 4086 599 4164 utusque
623 4081 664 4146 ad
688 4082 871 4169 predictum
894 4084 1015 4146 festum
1040 4081 1167 4167 aliquos
1192 4103 1233 4145 ex
1258 4103 1294 4145 so
1317 4082 1398 4168 ipsis
1422 4082 1463 4146 ad
1485 4085 1687 4168 presentiam
1711 4094 1855 4154 nostram

200 4184 340 4262 mittant,
365 4185 418 4267 qui
443 4185 470 4247 si
493 4183 658 4268 predictus
682 4188 858 4272 episcopus
882 4192 1072 4271 preceptum
1098 4193 1243 4249 nostrum
1269 4207 1332 4249 nou
1357 4186 1586 4272 adimpleverit
1609 4191 1642 4253 ia
1667 4190 1730 4255 hac
1754 4200 1855 4279 parte,

200 4284 330 4368 plenam
359 4286 502 4350 habeant
532 4295 727 4372 potestatem
760 4311 860 4374 super
890 4290 1074 4375 provisione
1099 4287 1267 4352 (lariensis
1299 4288 1438 4353 ecclesie
1466 4290 1653 4376 supradicte
1677 4295 1854 4381 reeipiendi

202 4394 235 4449 et
264 4388 360 4451 etiam
391 4390 588 4476 adimplendi
616 4399 726 4455 nostre
759 4391 1001 4477 beneplacitum
1031 4393 1215 4457 veluntatis.
1269 4388 1430 4463 Quocirca
1459 4393 1667 4476 mandamus,
1703 4401 1855 4483 quatinus
1934 4404 1954 4417 ‘

201 4490 347 4576 predicta
369 4494 477 4557 omnia
500 4501 533 4558 et
556 4496 686 4579 singula
710 4494 815 4559 cidem
839 4497 996 4582 episeopo
1020 4496 1051 4559 in
1076 4497 1157 4571 loeo,
1181 4497 1213 4559 in
1240 4516 1303 4580 quo
1327 4495 1368 4559 ad
1393 4518 1468 4560 cum
1492 4499 1727 4585 sinepcriculo
1743 4503 1855 4567 haberi

201 4595 306 4679 possit
335 4616 507 4675 accessus,
538 4598 680 4661 nuntiari
703 4599 804 4663 iacias
828 4621 865 4663 ac
888 4601 987 4664 etiam
1010 4621 1069 4686 per
1092 4600 1202 4664 omnia
1224 4600 1312 4679 loca,
1342 4600 1375 4663 in
1399 4601 1519 4686 quibus
1543 4604 1701 4688 expedire
1727 4606 1854 4681 videris,

202 4697 349 4781 publices
374 4705 406 4762 et
431 4700 532 4764 facias
556 4701 749 4787 publicari⁴.

307 4818 385 4884 Dat.
409 4820 571 4905 Lugduni,
595 4823 699 4888 XIIII
721 4823 797 4889 Kal.
821 4825 911 4906 Maii,
935 4846 1021 4890 anno
1036 4825 1093 4889 V0.

309 4939 348 5002 In
372 4941 511 5006 eundem
535 4943 665 5008 modum
690 4944 930 5013 Constantiensi
954 4948 1121 5034 episcopo,
1145 4946 1253 5012 verbis
1278 4952 1504 5032 competenter
1525 4951 1672 5017 mutatis.

309 5041 347 5106 In
373 5045 513 5109 eundem
536 5047 668 5112 modum
692 5051 945 5139 archiepiscopis
970 5060 1003 5118 ot
1033 5052 1195 5140 episcopis
1225 5056 1257 5113 et
1285 5051 1476 5135 abbatibus,
1503 5054 1680 5139 prioribus,
1711 5057 1853 5135 decanis,

202 5146 388 5231 prepositis,
412 5148 661 5233 archidiaconis,
685 5154 980 5241 archipresbyteris
1005 5164 1038 5221 et
1061 5157 1134 5220 aliis
1158 5155 1372 5220 ecclesiarum
1396 5157 1551 5242 prelatis·
1571 5180 1631 5244 per
1650 5159 1853 5228 Alamaniam

203 5252 400 5333 constitutis,
425 5254 534 5318 verbis
558 5264 785 5342 competenter
806 5261 951 5325 mutatis.

1691 5408 1752 5416 ——-

305 5476 611 5544 naamam

305 5611 332 5677 1)
352 5609 390 5676 Of.
408 5618 503 5667 ntis.
589 5614 905 5687 notaacnota.
991 5623 1020 5691 3)
1039 5622 1101 5678 Ina.
1118 5629 1138 5676 t.
1226 5620 1253 5687 4)
1273 5619 1314 5688 Os.
1332 5625 1408 5692 infra
1424 5624 1474 5679 raab
1491 5624 1592 5681 Inna

1895 4956 1954 5010 l,
