4328 6232
201 333 265 397 406
758 324 806 382 EX
823 322 1045 382 madenam
1063 320 1102 380 IV
1120 315 1303 381 aaa1srao

201 505 337 570 lenitate
359 504 508 590 impuuia
529 502 742 589 pertinaciter
764 499 1022 586 delinquentium
1045 498 1208 586 preterire
1231 501 1370 584 peccata
1389 501 1424 561 et
1438 499 1611 584 temporali
1625 521 1714 587 pena
1729 500 1867 568 debitos

202 607 366 672 dimittere
397 606 585 692 gehennali.
632 604 719 669 Sane
743 609 948 689 ..potestas
977 609 1011 669 et
1041 623 1214 667 commune
1243 599 1506 666 Terdonensium
1535 601 1571 667 F.
1601 603 1766 689 quondam
1799 606 1865 670 im-

199 711 346 798 peratori
371 716 486 775 contra
508 709 617 773 Deum
640 713 674 773 et
698 709 873 773 ecclesiam
896 708 1110 794 pertinaciter
1132 705 1331 770 adherentes
1355 710 1469 770 contra
1490 707 1662 772 consilium
1686 708 1765 791 Dei,
1796 732 1865 798 qno

200 816 234 879 in
258 816 349 879 illum
373 834 432 900 pro
455 814 561 878 salute
584 811 717 898 publice
740 812 937 876 universalia
960 809 1193 875 animadvertit
1214 809 1364 887 ccclesia,
1393 829 1518 874 necnon
1542 832 1658 876 manus
1682 835 1760 877 suas
1784 835 1864 878 cum

201 918 256 983 illo
287 920 456 983 mittentes
487 915 529 980 ad
561 914 814 980 subvertendam
846 914 1036 979 libertatem
1073 913 1267 978 catholicam
1302 918 1336 977 et
1370 919 1492 977 statum
1524 913 1618 979 Italia
1652 914 1865 995 diruendum,

201 1030 333 1108 pactum
358 1043 431 1086 curn
454 1020 583 1085 inferno
607 1027 642 1084 et
663 1018 758 1084 fedus
782 1017 935 1083 videntur
964 1019 1131 1106 pepigisse
1163 1039 1237 1082 oum
1267 1022 1383 1081 morte.
1427 1015 1501 1080 Non
1529 1016 1616 1081 enim
1646 1019 1687 1083 ad
1718 1021 1865 1086 salutem

203 1124 459 1190 misericorditer
493 1123 659 1186 revocanti
694 1121 895 1206 respondent
926 1143 988 1186 nec
1022 1122 1188 1207 aspiciunt
1219 1120 1431 1185 clementiam
1458 1121 1654 1206 porrigentis
1683 1125 1716 1188 in
1746 1146 1864 1190 eorum

202 1228 382 1315 presidium
417 1248 549 1292 manum
588 1247 695 1304 suam,
736 1225 794 1289 sed
833 1232 949 1312 sponte
987 1232 1131 1312 pereunt
1164 1225 1226 1290 sub
1260 1222 1437 1310 dampnata
1471 1224 1617 1289 moderni
1653 1229 1865 1314 tyrampnide

203 1332 396 1410 Pharaonis,
427 1337 603 1415 sequentes
627 1318 687 1414 per
709 1328 845 1393 abruta·
868 1329 985 1394 ducem
1008 1329 1202 1415 precipitem
1226 1328 1323 1393 velud
1347 1328 1426 1392 ceci.
1471 1327 1541 1392 Nos
1565 1330 1685 1415 itaque,
1709 1333 1864 1399 volentes

204 1435 312 1499 adhuc
336 1434 516 1519 apostolice
541 1432 626 1497 sedis
642 1431 903 1496 mausuetudinis
919 1433 968 1496 uti
983 1432 1206 1497 moderamine
1224 1433 1310 1495 circa
1325 1431 1425 1516 ipsos,
1449 1452 1513 1517 que
1530 1432 1687 1499 libentius
1704 1436 1863 1501 emendat

203 1539 236 1602 in
260 1537 397 1602 subditis
421 1541 559 1621 peccata
581 1556 677 1620 quarn
696 1536 798 1621 punit,
821 1533 1025 1617 mandamus,
1048 1536 1202 1621 quatinus
1219 1535 1253 1599 iu
1270 1535 1506 1620 sollempnibus
1523 1538 1715 1623 populorum
1731 1547 1864 1604 vestro·

204 1663 274 1705 rum
306 1640 519 1705 conventibus
551 1637 683 1703 eosdem
712 1637 941 1702 Terdonenses
975 1638 1108 1723 publice
1143 1638 1317 1718 moneatis,
1351 1645 1387 1702 nt
1416 1646 1568 1704 cessante
1598 1642 1782 1726 pernitioso
1813 1645 1864 1708 eis

205 1765 293 1808 more
310 1741 479 1829 dispendio
496 1764 515 1805 a
530 1742 657 1827 pretato
674 1742 711 1806 F.
727 1741 792 1806 Dei
809 1748 843 1807 et
859 1743 1000 1807 ecclesie
1017 1744 1147 1807 inimico
1170 1743 1303 1829 penitus
1326 1741 1528 1824 recedentes,
1553 1744 1715 1810 mandatis
1738 1751 1863 1812 nostris

205 1847 323 1911 devote
351 1845 495 1931 parendo
523 1846 641 1909 unitati
671 1846 893 1910 ecclesiastice
923 1846 1127 1910 reconciliari
1158 1853 1333 1931 procurent
1360 1853 1394 1910 et
1417 1848 1633 1912 communioni
1657 1849 1805 1916 fidelium
1831 1855 1862 1916 in

204 1950 391 2014 obedientia
413 1949 478 2013 Dei
508 1956 542 2014 et
569 1949 742 2013 devotione
775 1950 916 2014 ecclesie
945 1950 1092 2016 adunari.
1138 1949 1293 2034 Alioquin
1323 1951 1475 2014 noverint
1501 1973 1561 2015 nos
1592 1951 1633 2016 ad
1665 1955 1861 2038 privandum

205 2055 369 2117 civitatem
400 2054 546 2139 ipsorum
578 2054 775 2138 episcopalis
805 2053 974 2138 dignitatis
1006 2055 1130 2118 honore
1161 2062 1195 2118 et
1224 2053 1392 2138 graviores
1424 2055 1650 2119 nichilominus
1679 2079 1784 2142 penas
1813 2061 1862 2124 in-

204 2158 364 2243 fligendas
388 2155 520 2233 eisdem,
545 2156 572 2219 si
596 2157 740 2241 ipsorum
764 2159 915 2241 exegerit
931 2159 1125 2242 pertinacia,
1148 2178 1370 2243 processuros,
1394 2165 1430 2221 ut
1446 2180 1526 2242 quos
1544 2157 1607 2222 Dei
1624 2160 1723 2224 timor
1740 2183 1760 2224 a
1775 2165 1862 2228 malo

205 2282 270 2324 non
294 2261 441 2341 retrahit,
464 2266 584 2325 atterat
607 2259 705 2344 digna
729 2261 888 2324 severitas
912 2260 1055 2326 ultionis.

314 2381 389 2447 Dat.
414 2388 451 2444 ut
475 2402 582 2465 supra.

312 2503 350 2566 ln
375 2502 514 2566 eundem
539 2502 668 2565 modurn
693 2552 722 2566 ..
747 2501 994 2585 archiepiscopo
1018 2501 1173 2566 laonensi
1198 2509 1231 2566 et
1255 2503 1467 2587 suffraganeis
1491 2505 1570 2570 eius.

990 3007 1076 3081 575.

309 3117 527 3210 Innocentius
556 3145 578 3209 I
583 3144 609 3208 t’
631 3167 721 3230 papa
749 3147 917 3232 [Alberto]
947 3149 1086 3228 episcopo
1119 3148 1301 3212 Midiaensi
1334 3149 1478 3226 rnandat,
1514 3153 1550 3213 nt
1581 3150 1860 3217 Barttrolornacnm

205 3250 388 3315 canonicam
410 3248 580 3331 Reginam,
610 3252 665 3331 qni
690 3273 711 3314 a
731 3252 911 3332 santonibus
932 3252 1130 3339 F[ridcriei]
1152 3253 1309 3333 qnondam
1335 3254 1547 3334 insperatoria,
1576 3255 1747 3319 subtractis
1775 3257 1860 3320 bonis

204 3353 347 3417 ornnibns
374 3353 587 3418 ecclesiasticis
614 3358 643 3416 ct
664 3357 758 3437 patre
787 3356 823 3417 in
851 3375 972 3419 earcere
998 3355 1075 3419 dieti
1096 3357 1136 3420 F.
1162 3358 1340 3434 coast-itata,
1375 3358 1412 3421 de
1440 3363 1526 3421 terra
1554 3363 1584 3421 ct
1609 3359 1699 3423 dorato
1724 3362 1860 3444 propria

204 3457 317 3521 eiectas
345 3458 400 3533 sit,
433 3457 468 3520 in
498 3457 610 3536 aliqua
639 3459 765 3522 ecelesia
793 3458 966 3522 cathedrali
987 3459 1209 3540 Lorrrbardiae,
1232 3461 1433 3540 Placentina,
1456 3461 1626 3526 Parmensi
1653 3467 1683 3526 ct
1706 3464 1860 3527 lauriensi

204 3562 346 3641 acceptis,
369 3562 404 3623 in
426 3561 610 3624 canonicum
631 3563 729 3642 recipi
746 3561 861 3647 faeiat.
1528 3569 1622 3645 1248,
1644 3568 1721 3633 Ian.
1742 3588 1772 3635 a

308 3680 372 3733 Ina.
386 3680 408 3732 I
411 3679 436 3732 V
451 3680 513 3748 aeq.
534 3680 625 3748 Voti,
646 3689 708 3748 537,·
726 3683 786 3736 Lib.
806 3684 835 3750 V,
854 3690 913 3738 889.
943 3685 1098 3753 Eaeraplar,
1116 3686 1188 3755 qnod
1206 3688 1305 3756 Beryer
1322 3686 1412 3753 edidit,
1431 3703 1493 3740 eum
1508 3687 1626 3756 Repertis
1643 3691 1760 3743 corrtalit
1779 3691 1860 3745 1101.

207 3765 237 3818 O.
255 3764 287 3817 de
307 3763 400 3818 Felice.

309 3852 408 3919 Berqer
424 3857 496 3905 3937.

746 3952 784 3969 ..
814 3898 1027 3991 episcopo
1053 3901 1318 3976 Mutinensi.

313 4039 385 4105 Etsi
416 4042 513 4108 sedes
546 4045 725 4130 apostolica
754 4046 855 4111 veluti
885 4051 939 4134 pia
972 4049 1097 4113 materb
1131 4071 1363 4136 nonnunquam
1399 4054 1566 4117 extraneis
1600 4060 1635 4118 et
1670 4055 1794 4139 ignotis
1827 4058 1858 4121 in

204 4145 400 4230 provisionis
423 4148 529 4230 gratia
552 4148 722 4213 liberalem
747 4172 782 4214 sc
806 4152 1012 4217 consueverit
1036 4154 1205 4233 exhibere,
1229 4153 1355 4218 devotis
1380 4162 1489 4220 tamen
1514 4163 1548 4222 et
1571 4159 1655 4222 notis
1680 4180 1745 4223 non
1763 4160 1861 4225 debet

205 4248 274 4311 eius
299 4250 493 4334 provisionis
517 4253 740 4317 munificentia
762 4276 827 4318 uon
852 4256 980 4336 adesse,
1005 4257 1063 4321 sed
1088 4265 1178 4322 tauto
1202 4260 1270 4324 suis
1288 4261 1320 4323 in
1337 4261 1551 4326 retributione
1569 4263 1670 4327 debet
1685 4284 1860 4349 assurgere

204 4354 407 4431 meritorum,
443 4362 565 4439 quanto
600 4357 689 4443 ipsos
724 4359 824 4422 hahet
853 4381 912 4446 per
942 4382 1050 4426 rerum
1081 4364 1320 4447 experientiam
1353 4364 1592 4450 comprobatos.
1646 4365 1729 4431 Cum
1763 4369 1861 4453 igitur

204 4455 344 4521 dilectus
378 4459 464 4522 tilius
498 4459 751 4526 Bartholomeus
786 4463 965 4528 canonicus
999 4464 1161 4550 Reginus,
1198 4488 1298 4552 nepos
1333 4467 1496 4552 quondam
1532 4469 1681 4553 magistri
1717 4471 1859 4559 Philippi

204 4560 366 4645 capellani
389 4564 502 4642 nostri,
526 4563 566 4626 ob
591 4566 719 4629 sincere
743 4565 925 4631 devotionis
942 4568 1108 4650 affectum,
1131 4592 1228 4655 quem
1245 4571 1313 4657 ipse
1330 4592 1368 4634 ac
1386 4572 1436 4634 sui
1454 4593 1532 4656 erga
1549 4594 1608 4636 nos
1625 4581 1658 4637 et
1674 4574 1857 4640 Romanam

204 4664 378 4728 ecclesiam
413 4666 535 4730 hahere
570 4676 757 4749 noscuntur,
793 4691 812 4733 a
841 4670 1022 4736 fautoribus
1052 4672 1088 4738 F.
1121 4675 1285 4758 quondam
1321 4675 1543 4760 imperatoris,
1583 4679 1760 4743 subtractis
1795 4681 1857 4745 sibi

204 4766 354 4831 omnibus
378 4768 469 4832 bonis
492 4772 558 4834 suis
582 4773 813 4837 ecclesiasticis
838 4781 871 4838 et
894 4781 987 4859 patre
1012 4777 1135 4863 ipsius¹
1159 4779 1191 4841 in
1216 4799 1348 4842 carcere
1373 4777 1450 4843 dicti
1470 4779 1507 4842 F.
1523 4781 1759 4846 miserabiliter
1782 4805 1856 4848 con·

203 4870 333 4950 stituto,
363 4872 403 4936 de
433 4879 519 4937 terro
545 4872 623 4963 [et]c
647 4876 741 4940 domo
772 4879 902 4964 propria
929 4879 972 4942 sit
999 4880 1154 4959 eiectus²,
1187 4902 1263 4959 nos,
1297 4882 1467 4966 cupientes
1495 4883 1600 4966 ipsum
1632 4894 1768 4971 proptor
1798 4887 1854 4950 hoc

346 5030 401 5036 --
415 5032 628 5040 -—-.—--—
655 5036 751 5041 .-.-.-
1047 5041 1337 5047 ..ᾐ-
1353 5043 1438 5049 ——.
1449 5044 1507 5049 ..-.
1520 5044 1753 5054 --.--,-.

307 5132 331 5197 ⁸)
356 5135 402 5201 lep.
424 5135 540 5203 abrupta
662 5135 688 5200 ¹¹)
711 5141 823 5203 reantur
845 5141 872 5191 ia
891 5140 937 5192 a:
963 5149 1011 5194 etc.
1034 5150 1064 5192 ut
1088 5160 1166 5210 supra
1189 5144 1216 5194 in
1241 5145 1381 5195 Dcxxsso
1404 5147 1516 5213 capitulo
1543 5164 1639 5213 usque:
1671 5149 1900 5217 comprobatorN

203 5215 227 5283 ο)
245 5226 271 5269 et
289 5217 358 5269 deest
376 5220 408 5273 a.

307 5339 333 5400 l)
347 5337 515 5391 ‘Maranono
532 5338 563 5391 de
575 5339 702 5408 Bonieis’,
720 5345 752 5394 nt
769 5342 800 5394 ia
817 5343 989 5397 innotatione
1005 5343 1087 5398 haiim
1098 5346 1222 5401 amadati
1232 5347 1281 5400 aab
1293 5346 1361 5417 Sept.
1374 5355 1409 5402 20
1422 5349 1521 5417 scripta
1536 5350 1659 5419 wicram
1676 5351 1900 5433 3354th

201 5424 229 5491 2)
250 5422 290 5490 tr.
307 5441 336 5477 a.
353 5430 409 5480 321.
446 5424 543 5492 Reatini
568 5424 602 5477 ab
625 5425 781 5494 imperatore
807 5427 911 5495 deficere
933 5430 1019 5497 paam
1041 5438 1103 5486 aaa
1126 5433 1311 5499 intenderam
1337 5434 1620 5507 caeam-Fater,
1643 5436 1701 5494 tc.
1721 5434 1804 5494 wit
1870 5484 1900 5517 q

201 5514 271 5564 ³700
286 5514 310 5563 et
326 5525 365 5579 ep.
378 5510 493 5564 Hearici
513 5511 580 5579 reaia
598 5510 743 5566 Sardiniae
760 5513 875 5584 Raptam
896 5514 930 5567 ab
953 5516 1110 5585 imperatore
1126 5519 1158 5572 ot
1174 5520 1220 5573 hoe
1237 5520 1311 5573 mna
1327 5537 1371 5588 ap.
1390 5520 1682 5579 flamm-m.
1701 5522 1757 5581 ta.
1771 5518 1900 5581 e>—

198 5611 227 5662 p.
239 5601 295 5649 37⁴.
316 5626 347 5634 -
373 5597 431 5649 Sub
451 5596 512 5649 lan.
530 5604 561 5651 25
580 5615 654 5667 papa
680 5600 901 5671 archipresbytero
917 5601 949 5655 de
967 5602 1116 5660 Crerterroro
1135 5606 1379 5678 acernaacerna
1400 5606 1512 5661 Roherio
1533 5607 1566 5663 de
1582 5604 1620 5667 Or
1719 5636 1728 5661 ,ι
1885 5596 1900 5609 Ἰ
