<?xml version="1.0" encoding="UTF-8"?>
<!DOCTYPE html PUBLIC "-//W3C//DTD XHTML 1.0 Transitional//EN"
    "http://www.w3.org/TR/xhtml1/DTD/xhtml1-transitional.dtd">
<html xmlns="http://www.w3.org/1999/xhtml" xml:lang="en" lang="en">
 <head>
  <title>
</title>
<meta http-equiv="Content-Type" content="text/html;charset=utf-8" />
  <meta name='ocr-system' content='tesseract 3.04.00' />
  <meta name='ocr-capabilities' content='ocr_page ocr_carea ocr_par ocr_line ocrx_word'/>
</head>
<body>
  <div class='ocr_page' id='page_1' title='image "./monumentagerman00popegoog_0178.png"; bbox 0 0 4328 6232; ppageno 0'>
   <div class='ocr_carea' id='block_1_1' title="bbox 836 336 1931 406">
    <p class='ocr_par' dir='ltr' id='par_1_1' title="bbox 836 336 1931 406">
     <span class='ocr_line' id='line_1_1' title="bbox 836 336 1931 406; baseline 0.016 -17"><span class='ocrx_word' id='word_1_1' title='bbox 836 336 1036 392; x_wconf 82' lang='lat' dir='ltr'><strong>EPISTOLAE</strong></span> <span class='ocrx_word' id='word_1_2' title='bbox 1054 338 1245 395; x_wconf 68' lang='lat' dir='ltr'><strong>subucula.</strong></span> <span class='ocrx_word' id='word_1_3' title='bbox 1283 342 1357 395; x_wconf 74' lang='lat'><strong><em>1246.</em></strong></span> <span class='ocrx_word' id='word_1_4' title='bbox 1872 345 1931 406; x_wconf 83' lang='grc'><strong>153</strong></span> 
     </span>
    </p>
   </div>
   <div class='ocr_carea' id='block_1_2' title="bbox 266 503 1930 696">
    <p class='ocr_par' dir='ltr' id='par_1_2' title="bbox 266 503 1930 696">
     <span class='ocr_line' id='line_1_2' title="bbox 266 503 1930 670; baseline 0.007 -103"><span class='ocrx_word' id='word_1_5' title='bbox 266 503 445 670; x_wconf 58' lang='lat' dir='ltr'><strong>glprtrrico]</strong></span> <span class='ocrx_word' id='word_1_6' title='bbox 491 507 558 588; x_wconf 73' lang='lat' dir='ltr'><strong>rapi</strong></span> <span class='ocrx_word' id='word_1_7' title='bbox 595 505 811 573; x_wconf 79' lang='lat' dir='ltr'><strong>Rernarmram</strong></span> <span class='ocrx_word' id='word_1_8' title='bbox 851 509 1021 595; x_wconf 62' lang='lat' dir='ltr'><strong>ajflawitar</strong></span> <span class='ocrx_word' id='word_1_9' title='bbox 1066 513 1234 577; x_wconf 78' lang='lat' dir='ltr'><strong>iatertdaat</strong></span> <span class='ocrx_word' id='word_1_10' title='bbox 1278 516 1366 596; x_wconf 82' lang='lat' dir='ltr'><strong>eique</strong></span> <span class='ocrx_word' id='word_1_11' title='bbox 1403 515 1567 596; x_wconf 81' lang='lat' dir='ltr'><strong>fidelitatis·</strong></span> <span class='ocrx_word' id='word_1_12' title='bbox 1612 516 1791 580; x_wconf 83' lang='lat' dir='ltr'><strong>iuramenta</strong></span> <span class='ocrx_word' id='word_1_13' title='bbox 1833 536 1930 596; x_wconf 79' lang='lat' dir='ltr'><strong>prac-</strong></span> 
     </span>
     <span class='ocr_line' id='line_1_3' title="bbox 297 618 1843 696; baseline 0.008 -27"><span class='ocrx_word' id='word_1_14' title='bbox 297 627 360 673; x_wconf 84' lang='lat' dir='ltr'><strong>er.</strong></span> <span class='ocrx_word' id='word_1_15' title='bbox 1615 618 1843 696; x_wconf 76' lang='lat' dir='ltr'><strong>1246,1ar.r.</strong></span> 
     </span>
    </p>
   </div>
   <div class='ocr_carea' id='block_1_3' title="bbox 198 727 1929 1060">
    <p class='ocr_par' dir='ltr' id='par_1_3' title="bbox 198 727 1929 1060">
     <span class='ocr_line' id='line_1_4' title="bbox 376 727 1929 805; baseline 0.007 -26"><span class='ocrx_word' id='word_1_16' title='bbox 376 727 441 781; x_wconf 83' lang='lat' dir='ltr'><strong>lua.</strong></span> <span class='ocrx_word' id='word_1_17' title='bbox 456 728 505 782; x_wconf 83' lang='lat' dir='ltr'><strong>IV</strong></span> <span class='ocrx_word' id='word_1_18' title='bbox 520 729 582 798; x_wconf 79' lang='lat' dir='ltr'><strong>Rep.</strong></span> <span class='ocrx_word' id='word_1_19' title='bbox 602 730 657 785; x_wconf 85' lang='lat' dir='ltr'><strong>Vol.</strong></span> <span class='ocrx_word' id='word_1_20' title='bbox 669 731 693 799; x_wconf 86' lang='grc' dir='ltr'><strong>Ι,</strong></span> <span class='ocrx_word' id='word_1_21' title='bbox 707 740 769 798; x_wconf 75' lang='grc'><strong><em>417,·</em></strong></span> <span class='ocrx_word' id='word_1_22' title='bbox 787 733 846 788; x_wconf 73' lang='lat' dir='ltr'><strong>aiu.</strong></span> <span class='ocrx_word' id='word_1_23' title='bbox 862 735 882 787; x_wconf 88' lang='grc' dir='ltr'><strong><em>Ι</em></strong></span> <span class='ocrx_word' id='word_1_24' title='bbox 884 734 914 802; x_wconf 85' lang='lat' dir='ltr'><strong>V,</strong></span> <span class='ocrx_word' id='word_1_25' title='bbox 932 752 989 790; x_wconf 78' lang='lat' dir='ltr'><strong>arr.</strong></span> <span class='ocrx_word' id='word_1_26' title='bbox 1001 743 1025 791; x_wconf 86' lang='lat'><strong>3.</strong></span> <span class='ocrx_word' id='word_1_27' title='bbox 1061 737 1109 791; x_wconf 78' lang='lat' dir='ltr'><strong>Aa</strong></span> <span class='ocrx_word' id='word_1_28' title='bbox 1125 738 1258 805; x_wconf 75' lang='lat' dir='ltr'><strong>aaarqu</strong></span> <span class='ocrx_word' id='word_1_29' title='bbox 1272 737 1373 791; x_wconf 71' lang='lat' dir='ltr'><strong>Parisii</strong></span> <span class='ocrx_word' id='word_1_30' title='bbox 1389 736 1561 789; x_wconf 75' lang='lat' dir='ltr'><strong>ailribur&#39;mus</strong></span> <span class='ocrx_word' id='word_1_31' title='bbox 1575 740 1681 804; x_wconf 83' lang='lat' dir='ltr'><strong>practer</strong></span> <span class='ocrx_word' id='word_1_32' title='bbox 1695 736 1731 804; x_wconf 83' lang='lat' dir='ltr'><strong>id,</strong></span> <span class='ocrx_word' id='word_1_33' title='bbox 1750 737 1819 804; x_wconf 74' lang='lat' dir='ltr'><strong>artai</strong></span> <span class='ocrx_word' id='word_1_34' title='bbox 1833 738 1929 805; x_wconf 77' lang='lat' dir='ltr'><strong>Berper</strong></span> 
     </span>
     <span class='ocr_line' id='line_1_5' title="bbox 267 811 1928 891; baseline 0.008 -29"><span class='ocrx_word' id='word_1_35' title='bbox 267 811 359 879; x_wconf 63' lang='lat' dir='ltr'><strong>errore,</strong></span> <span class='ocrx_word' id='word_1_36' title='bbox 380 812 524 882; x_wconf 67' lang='lat' dir='ltr'><strong>suasca,</strong></span> <span class='ocrx_word' id='word_1_37' title='bbox 546 815 622 870; x_wconf 80' lang='lat' dir='ltr'><strong>Mora.</strong></span> <span class='ocrx_word' id='word_1_38' title='bbox 637 816 757 871; x_wconf 64' lang='lat' dir='ltr'><strong>arants.</strong></span> <span class='ocrx_word' id='word_1_39' title='bbox 771 818 893 887; x_wconf 67' lang='lat' dir='ltr'><strong>Amasti.</strong></span> <span class='ocrx_word' id='word_1_40' title='bbox 906 820 943 876; x_wconf 84' lang='lat' dir='ltr'><strong>al.</strong></span> <span class='ocrx_word' id='word_1_41' title='bbox 958 822 1078 876; x_wconf 69' lang='lat' dir='ltr'><strong>Tartari</strong></span> <span class='ocrx_word' id='word_1_42' title='bbox 1095 828 1112 876; x_wconf 89' lang='lat' dir='ltr'><strong>t.</strong></span> <span class='ocrx_word' id='word_1_43' title='bbox 1126 824 1152 890; x_wconf 75' lang='grc' dir='ltr'><strong>Ι,</strong></span> <span class='ocrx_word' id='word_1_44' title='bbox 1171 840 1201 890; x_wconf 82' lang='lat' dir='ltr'><strong>p.</strong></span> <span class='ocrx_word' id='word_1_45' title='bbox 1216 830 1270 890; x_wconf 77' lang='lat'><strong>187,</strong></span> <span class='ocrx_word' id='word_1_46' title='bbox 1288 841 1314 876; x_wconf 84' lang='lat' dir='ltr'><strong>a.</strong></span> <span class='ocrx_word' id='word_1_47' title='bbox 1334 832 1378 877; x_wconf 81' lang='lat'><strong>119</strong></span> <span class='ocrx_word' id='word_1_48' title='bbox 1395 823 1426 875; x_wconf 81' lang='lat' dir='ltr'><strong>ia</strong></span> <span class='ocrx_word' id='word_1_49' title='bbox 1439 822 1618 876; x_wconf 66' lang='lat' dir='ltr'><strong>‘Marenavas&#39;</strong></span> <span class='ocrx_word' id='word_1_50' title='bbox 1629 827 1674 876; x_wconf 84' lang='lat' dir='ltr'><strong>etc.</strong></span> <span class='ocrx_word' id='word_1_51' title='bbox 1693 822 1762 877; x_wconf 76' lang='lat' dir='ltr'><strong>della</strong></span> <span class='ocrx_word' id='word_1_52' title='bbox 1777 824 1928 891; x_wconf 77' lang='lat' dir='ltr'><strong>Rorriapaa,</strong></span> 
     </span>
     <span class='ocr_line' id='line_1_6' title="bbox 198 898 1547 978; baseline 0.007 -27"><span class='ocrx_word' id='word_1_53' title='bbox 198 916 209 945; x_wconf 65' lang='lat' dir='ltr'><strong>s</strong></span> <span class='ocrx_word' id='word_1_54' title='bbox 268 898 390 965; x_wconf 78' lang='lat' dir='ltr'><strong>Ser.11’,</strong></span> <span class='ocrx_word' id='word_1_55' title='bbox 409 899 457 966; x_wconf 77' lang='lat' dir='ltr'><strong>aui</strong></span> <span class='ocrx_word' id='word_1_56' title='bbox 473 900 654 955; x_wconf 64' lang='lat' dir='ltr'><strong>amhaaicam</strong></span> <span class='ocrx_word' id='word_1_57' title='bbox 671 918 703 956; x_wconf 80' lang='lat' dir='ltr'><strong>ac</strong></span> <span class='ocrx_word' id='word_1_58' title='bbox 724 903 818 959; x_wconf 77' lang='lat' dir='ltr'><strong>Talai.</strong></span> <span class='ocrx_word' id='word_1_59' title='bbox 836 905 947 975; x_wconf 60' lang='lat' dir='ltr'><strong>arderia</strong></span> <span class='ocrx_word' id='word_1_60' title='bbox 966 908 1034 964; x_wconf 84' lang='lat' dir='ltr'><strong>Rau.</strong></span> <span class='ocrx_word' id='word_1_61' title='bbox 1052 925 1123 978; x_wconf 83' lang='lat' dir='ltr'><strong>caps.</strong></span> <span class='ocrx_word' id='word_1_62' title='bbox 1139 909 1179 977; x_wconf 86' lang='lat' dir='ltr'><strong>M,</strong></span> <span class='ocrx_word' id='word_1_63' title='bbox 1197 926 1225 963; x_wconf 83' lang='lat' dir='ltr'><strong>a.</strong></span> <span class='ocrx_word' id='word_1_64' title='bbox 1238 917 1301 964; x_wconf 82' lang='lat'><em>5651</em></span> <span class='ocrx_word' id='word_1_65' title='bbox 1316 908 1456 976; x_wconf 80' lang='lat' dir='ltr'><strong>proposuit</strong></span> <span class='ocrx_word' id='word_1_66' title='bbox 1473 908 1547 978; x_wconf 76' lang='lat' dir='ltr'><strong>[AJ.</strong></span> 
     </span>
     <span class='ocr_line' id='line_1_7' title="bbox 375 984 911 1060; baseline 0.015 -21"><span class='ocrx_word' id='word_1_67' title='bbox 375 984 911 1060; x_wconf 58' lang='lat' dir='ltr'><strong>mmaQammfflwmu</strong></span> 
     </span>
    </p>
   </div>
   <div class='ocr_carea' id='block_1_4' title="bbox 481 1183 1720 1284">
    <p class='ocr_par' dir='ltr' id='par_1_4' title="bbox 481 1183 1720 1284">
     <span class='ocr_line' id='line_1_8' title="bbox 481 1183 1720 1284; baseline 0.005 -26"><span class='ocrx_word' id='word_1_68' title='bbox 481 1183 694 1259; x_wconf 87' lang='lat' dir='ltr'><strong>..electo</strong></span> <span class='ocrx_word' id='word_1_69' title='bbox 724 1186 1041 1279; x_wconf 84' lang='lat' dir='ltr'><strong>Ferraricnsi,</strong></span> <span class='ocrx_word' id='word_1_70' title='bbox 1069 1191 1340 1284; x_wconf 83' lang='lat' dir='ltr'><strong>apostoliae</strong></span> <span class='ocrx_word' id='word_1_71' title='bbox 1367 1190 1498 1265; x_wconf 87' lang='lat' dir='ltr'><strong>sedis</strong></span> <span class='ocrx_word' id='word_1_72' title='bbox 1525 1184 1720 1282; x_wconf 59' lang='lat' dir='ltr'><strong>legarat</strong></span> 
     </span>
    </p>
   </div>
   <div class='ocr_carea' id='block_1_5' title="bbox 208 1330 1931 2672">
    <p class='ocr_par' dir='ltr' id='par_1_5' title="bbox 380 1330 1929 1427">
     <span class='ocr_line' id='line_1_9' title="bbox 380 1330 1929 1427; baseline 0.006 -31"><span class='ocrx_word' id='word_1_73' title='bbox 380 1330 590 1398; x_wconf 86' lang='lat' dir='ltr'><strong>Prosentium</strong></span> <span class='ocrx_word' id='word_1_74' title='bbox 620 1336 681 1400; x_wconf 88' lang='lat' dir='ltr'><strong>tibi</strong></span> <span class='ocrx_word' id='word_1_75' title='bbox 703 1338 899 1405; x_wconf 85' lang='lat' dir='ltr'><strong>auctoritate</strong></span> <span class='ocrx_word' id='word_1_76' title='bbox 927 1339 1135 1422; x_wconf 86' lang='lat' dir='ltr'><strong>mandamus,</strong></span> <span class='ocrx_word' id='word_1_77' title='bbox 1166 1341 1317 1426; x_wconf 82' lang='lat' dir='ltr'>quatinus</span> <span class='ocrx_word' id='word_1_78' title='bbox 1346 1341 1533 1414; x_wconf 85' lang='lat' dir='ltr'><strong>universos,</strong></span> <span class='ocrx_word' id='word_1_79' title='bbox 1563 1346 1630 1405; x_wconf 90' lang='lat' dir='ltr'><strong>tam</strong></span> <span class='ocrx_word' id='word_1_80' title='bbox 1657 1342 1803 1427; x_wconf 91' lang='lat' dir='ltr'><strong>prelatos</strong></span> <span class='ocrx_word' id='word_1_81' title='bbox 1822 1344 1929 1406; x_wconf 88' lang='lat' dir='ltr'><strong>eecle-</strong></span> 
     </span>
    </p>

    <p class='ocr_par' dir='ltr' id='par_1_6' title="bbox 270 1435 1929 1531">
     <span class='ocr_line' id='line_1_10' title="bbox 270 1435 1929 1531; baseline 0.006 -33"><span class='ocrx_word' id='word_1_82' title='bbox 270 1435 394 1499; x_wconf 84' lang='lat' dir='ltr'><strong>siarum</strong></span> <span class='ocrx_word' id='word_1_83' title='bbox 411 1437 608 1502; x_wconf 80' lang='lat' dir='ltr'><strong>secularium</strong></span> <span class='ocrx_word' id='word_1_84' title='bbox 622 1445 657 1504; x_wconf 90' lang='lat' dir='ltr'><strong>et</strong></span> <span class='ocrx_word' id='word_1_85' title='bbox 675 1440 873 1525; x_wconf 82' lang='lat' dir='ltr'><strong>regularium</strong></span> <span class='ocrx_word' id='word_1_86' title='bbox 891 1464 987 1528; x_wconf 90' lang='lat' dir='ltr'><strong>quam</strong></span> <span class='ocrx_word' id='word_1_87' title='bbox 1003 1445 1168 1530; x_wconf 87' lang='lat' dir='ltr'><strong>principes</strong></span> <span class='ocrx_word' id='word_1_88' title='bbox 1186 1451 1218 1509; x_wconf 90' lang='lat' dir='ltr'><strong>et</strong></span> <span class='ocrx_word' id='word_1_89' title='bbox 1233 1444 1315 1508; x_wconf 88' lang='lat' dir='ltr'><strong>alios</strong></span> <span class='ocrx_word' id='word_1_90' title='bbox 1331 1444 1469 1509; x_wconf 91' lang='lat' dir='ltr'><strong>clericos</strong></span> <span class='ocrx_word' id='word_1_91' title='bbox 1482 1451 1516 1508; x_wconf 90' lang='lat' dir='ltr'><strong>et</strong></span> <span class='ocrx_word' id='word_1_92' title='bbox 1530 1445 1632 1509; x_wconf 88' lang='lat' dir='ltr'><strong>laicos</strong></span> <span class='ocrx_word' id='word_1_93' title='bbox 1645 1466 1704 1531; x_wconf 90' lang='lat' dir='ltr'><strong>per</strong></span> <span class='ocrx_word' id='word_1_94' title='bbox 1715 1444 1929 1509; x_wconf 83' lang='lat' dir='ltr'><strong>Theotouiam</strong></span> 
     </span>
    </p>

    <p class='ocr_par' dir='ltr' id='par_1_7' title="bbox 208 1540 1931 2048">
     <span class='ocr_line' id='line_1_11' title="bbox 208 1540 1931 1632; baseline 0.006 -31"><span class='ocrx_word' id='word_1_95' title='bbox 208 1570 221 1597; x_wconf 75' lang='lat' dir='ltr'><strong>o</strong></span> <span class='ocrx_word' id='word_1_96' title='bbox 271 1540 482 1620; x_wconf 89' lang='lat' dir='ltr'><strong>constitutos,</strong></span> <span class='ocrx_word' id='word_1_97' title='bbox 506 1548 542 1606; x_wconf 90' lang='lat' dir='ltr'><strong>ut</strong></span> <span class='ocrx_word' id='word_1_98' title='bbox 565 1543 735 1608; x_wconf 90' lang='lat' dir='ltr'><strong>carissimo</strong></span> <span class='ocrx_word' id='word_1_99' title='bbox 759 1545 791 1608; x_wconf 93' lang='lat' dir='ltr'><strong>in</strong></span> <span class='ocrx_word' id='word_1_100' title='bbox 815 1544 948 1611; x_wconf 84' lang='lat' dir='ltr'><strong>Christo</strong></span> <span class='ocrx_word' id='word_1_101' title='bbox 971 1547 1039 1611; x_wconf 89' lang='lat' dir='ltr'><strong>filio</strong></span> <span class='ocrx_word' id='word_1_102' title='bbox 1062 1554 1174 1612; x_wconf 91' lang='lat' dir='ltr'><strong>nostro</strong></span> <span class='ocrx_word' id='word_1_103' title='bbox 1191 1548 1251 1612; x_wconf 77' lang='grc' dir='ltr'><strong>Η.·</strong></span> <span class='ocrx_word' id='word_1_104' title='bbox 1274 1548 1346 1632; x_wconf 89' lang='lat' dir='ltr'><strong>regi</strong></span> <span class='ocrx_word' id='word_1_105' title='bbox 1362 1545 1586 1611; x_wconf 87' lang='lat' dir='ltr'><strong>Romanorum</strong></span> <span class='ocrx_word' id='word_1_106' title='bbox 1610 1548 1728 1612; x_wconf 81' lang='lat' dir='ltr'><strong>illustri</strong></span> <span class='ocrx_word' id='word_1_107' title='bbox 1752 1547 1931 1612; x_wconf 83' lang='lat' dir='ltr'><strong>efficaciter</strong></span> 
     </span>
     <span class='ocr_line' id='line_1_12' title="bbox 270 1642 1929 1736; baseline 0.006 -31"><span class='ocrx_word' id='word_1_108' title='bbox 270 1642 455 1724; x_wconf 86' lang='lat' dir='ltr'><strong>intendant,</strong></span> <span class='ocrx_word' id='word_1_109' title='bbox 478 1645 645 1712; x_wconf 87' lang='lat' dir='ltr'><strong>fidelitatis</strong></span> <span class='ocrx_word' id='word_1_110' title='bbox 668 1647 853 1715; x_wconf 87' lang='lat' dir='ltr'><strong>iuramenta</strong></span> <span class='ocrx_word' id='word_1_111' title='bbox 875 1657 1025 1736; x_wconf 89' lang='lat' dir='ltr'><strong>prestent</strong></span> <span class='ocrx_word' id='word_1_112' title='bbox 1049 1673 1088 1715; x_wconf 90' lang='lat' dir='ltr'><strong>ac</strong></span> <span class='ocrx_word' id='word_1_113' title='bbox 1112 1652 1223 1715; x_wconf 92' lang='lat' dir='ltr'><strong>omnia</strong></span> <span class='ocrx_word' id='word_1_114' title='bbox 1247 1651 1437 1725; x_wconf 80' lang='lat' dir='ltr'><strong>exhibeant,</strong></span> <span class='ocrx_word' id='word_1_115' title='bbox 1462 1672 1525 1736; x_wconf 93' lang='lat' dir='ltr'><strong>que</strong></span> <span class='ocrx_word' id='word_1_116' title='bbox 1550 1657 1792 1715; x_wconf 87' lang='lat' dir='ltr'><strong>consueverunt</strong></span> <span class='ocrx_word' id='word_1_117' title='bbox 1815 1651 1857 1715; x_wconf 89' lang='lat' dir='ltr'><strong>ab</strong></span> <span class='ocrx_word' id='word_1_118' title='bbox 1880 1651 1929 1715; x_wconf 89' lang='lat' dir='ltr'><strong>eis</strong></span> 
     </span>
     <span class='ocr_line' id='line_1_13' title="bbox 271 1744 1928 1841; baseline 0.006 -33"><span class='ocrx_word' id='word_1_119' title='bbox 271 1744 517 1813; x_wconf 81' lang='lat' dir='ltr'><strong>Romanorumb</strong></span> <span class='ocrx_word' id='word_1_120' title='bbox 540 1750 673 1836; x_wconf 89' lang='lat' dir='ltr'><strong>regibus</strong></span> <span class='ocrx_word' id='word_1_121' title='bbox 699 1773 757 1817; x_wconf 86' lang='lat' dir='ltr'><strong>san</strong></span> <span class='ocrx_word' id='word_1_122' title='bbox 780 1754 1030 1840; x_wconf 77' lang='lat' dir='ltr'><strong>imperatoribus</strong></span> <span class='ocrx_word' id='word_1_123' title='bbox 1055 1756 1215 1834; x_wconf 85' lang='lat' dir='ltr'><strong>exhiberi,</strong></span> <span class='ocrx_word' id='word_1_124' title='bbox 1239 1754 1343 1820; x_wconf 86' lang='lat' dir='ltr'><strong>dictos</strong></span> <span class='ocrx_word' id='word_1_125' title='bbox 1367 1756 1512 1841; x_wconf 89' lang='lat' dir='ltr'><strong>prelatos</strong></span> <span class='ocrx_word' id='word_1_126' title='bbox 1537 1763 1571 1821; x_wconf 88' lang='lat' dir='ltr'><strong>et</strong></span> <span class='ocrx_word' id='word_1_127' title='bbox 1594 1754 1732 1819; x_wconf 88' lang='lat' dir='ltr'><strong>clericos</strong></span> <span class='ocrx_word' id='word_1_128' title='bbox 1750 1755 1928 1819; x_wconf 90' lang='lat' dir='ltr'><strong>monitione</strong></span> 
     </span>
     <span class='ocr_line' id='line_1_14' title="bbox 271 1852 1928 1944; baseline 0.005 -33"><span class='ocrx_word' id='word_1_129' title='bbox 271 1852 433 1934; x_wconf 87' lang='lat' dir='ltr'><strong>premissa</strong></span> <span class='ocrx_word' id='word_1_130' title='bbox 454 1873 514 1937; x_wconf 88' lang='lat' dir='ltr'><strong>per</strong></span> <span class='ocrx_word' id='word_1_131' title='bbox 529 1855 755 1940; x_wconf 83' lang='lat' dir='ltr'><strong>suspensionis</strong></span> <span class='ocrx_word' id='word_1_132' title='bbox 777 1858 819 1923; x_wconf 89' lang='lat' dir='ltr'><strong>ab</strong></span> <span class='ocrx_word' id='word_1_133' title='bbox 837 1858 955 1938; x_wconf 88' lang='lat' dir='ltr'><strong>officio,</strong></span> <span class='ocrx_word' id='word_1_134' title='bbox 980 1858 1147 1944; x_wconf 80' lang='lat' dir='ltr'><strong>dignitate,</strong></span> <span class='ocrx_word' id='word_1_135' title='bbox 1171 1858 1294 1923; x_wconf 91' lang='lat' dir='ltr'><strong>honore</strong></span> <span class='ocrx_word' id='word_1_136' title='bbox 1318 1880 1356 1923; x_wconf 89' lang='lat' dir='ltr'><strong>ac</strong></span> <span class='ocrx_word' id='word_1_137' title='bbox 1374 1859 1533 1924; x_wconf 89' lang='lat' dir='ltr'><strong>beneficio</strong></span> <span class='ocrx_word' id='word_1_138' title='bbox 1551 1857 1758 1937; x_wconf 88' lang='lat' dir='ltr'><strong>seutentiam,</strong></span> <span class='ocrx_word' id='word_1_139' title='bbox 1781 1857 1928 1941; x_wconf 88' lang='lat' dir='ltr'><strong>prefatos</strong></span> 
     </span>
     <span class='ocr_line' id='line_1_15' title="bbox 272 1956 1928 2048; baseline 0.007 -34"><span class='ocrx_word' id='word_1_140' title='bbox 272 1973 350 2016; x_wconf 79' lang='lat' dir='ltr'><strong>vcro</strong></span> <span class='ocrx_word' id='word_1_141' title='bbox 382 1956 547 2042; x_wconf 86' lang='lat' dir='ltr'><strong>principes</strong></span> <span class='ocrx_word' id='word_1_142' title='bbox 577 1965 631 2023; x_wconf 81' lang='lat' dir='ltr'><strong>at⁰</strong></span> <span class='ocrx_word' id='word_1_143' title='bbox 661 1960 761 2025; x_wconf 89' lang='lat' dir='ltr'><strong>laicos</strong></span> <span class='ocrx_word' id='word_1_144' title='bbox 793 1983 852 2047; x_wconf 92' lang='lat' dir='ltr'><strong>per</strong></span> <span class='ocrx_word' id='word_1_145' title='bbox 880 1983 999 2048; x_wconf 88' lang='lat' dir='ltr'><strong>penam</strong></span> <span class='ocrx_word' id='word_1_146' title='bbox 1028 1962 1230 2048; x_wconf 90' lang='lat' dir='ltr'><strong>spiritualem</strong></span> <span class='ocrx_word' id='word_1_147' title='bbox 1261 1961 1314 2026; x_wconf 89' lang='lat' dir='ltr'><strong>vel</strong></span> <span class='ocrx_word' id='word_1_148' title='bbox 1338 1962 1568 2047; x_wconf 84' lang='lat' dir='ltr'><strong>temporalem,</strong></span> <span class='ocrx_word' id='word_1_149' title='bbox 1601 1962 1628 2025; x_wconf 91' lang='lat' dir='ltr'><strong>si</strong></span> <span class='ocrx_word' id='word_1_150' title='bbox 1657 1960 1756 2024; x_wconf 88' lang='lat' dir='ltr'><strong>fuerit</strong></span> <span class='ocrx_word' id='word_1_151' title='bbox 1779 1981 1928 2038; x_wconf 89' lang='lat' dir='ltr'><strong>necesso,</strong></span> 
     </span>
    </p>

    <p class='ocr_par' dir='ltr' id='par_1_8' title="bbox 219 2059 1928 2567">
     <span class='ocr_line' id='line_1_16' title="bbox 219 2059 1928 2151; baseline 0.005 -32"><span class='ocrx_word' id='word_1_152' title='bbox 219 2088 227 2119; x_wconf 70' lang='lat' dir='ltr'><strong>r.</strong></span> <span class='ocrx_word' id='word_1_153' title='bbox 274 2059 466 2146; x_wconf 89' lang='lat' dir='ltr'><strong>compellas.</strong></span> <span class='ocrx_word' id='word_1_154' title='bbox 517 2062 588 2128; x_wconf 91' lang='lat' dir='ltr'><strong>Illis</strong></span> <span class='ocrx_word' id='word_1_155' title='bbox 617 2071 727 2129; x_wconf 89' lang='lat' dir='ltr'><strong>autem</strong></span> <span class='ocrx_word' id='word_1_156' title='bbox 760 2064 893 2151; x_wconf 86' lang='lat' dir='ltr'><strong>prelatis</strong></span> <span class='ocrx_word' id='word_1_157' title='bbox 927 2072 961 2129; x_wconf 92' lang='lat' dir='ltr'><strong>et</strong></span> <span class='ocrx_word' id='word_1_158' title='bbox 983 2065 1126 2143; x_wconf 83' lang='lat' dir='ltr'><strong>clericis,</strong></span> <span class='ocrx_word' id='word_1_159' title='bbox 1160 2086 1241 2149; x_wconf 90' lang='lat' dir='ltr'><strong>quos</strong></span> <span class='ocrx_word' id='word_1_160' title='bbox 1272 2071 1407 2151; x_wconf 91' lang='lat' dir='ltr'><strong>propter</strong></span> <span class='ocrx_word' id='word_1_161' title='bbox 1434 2065 1496 2129; x_wconf 92' lang='lat' dir='ltr'><strong>hoc</strong></span> <span class='ocrx_word' id='word_1_162' title='bbox 1526 2063 1752 2150; x_wconf 87' lang='lat' dir='ltr'><strong>suspenderis,</strong></span> <span class='ocrx_word' id='word_1_163' title='bbox 1781 2062 1928 2128; x_wconf 89' lang='lat' dir='ltr'><strong>districtc</strong></span> 
     </span>
     <span class='ocr_line' id='line_1_17' title="bbox 274 2161 1928 2254; baseline 0.004 -30"><span class='ocrx_word' id='word_1_164' title='bbox 274 2161 443 2248; x_wconf 85' lang='lat' dir='ltr'><strong>iniungas,</strong></span> <span class='ocrx_word' id='word_1_165' title='bbox 470 2171 507 2230; x_wconf 92' lang='lat' dir='ltr'><strong>ut</strong></span> <span class='ocrx_word' id='word_1_166' title='bbox 533 2166 619 2231; x_wconf 85' lang='lat' dir='ltr'><strong>infra</strong></span> <span class='ocrx_word' id='word_1_167' title='bbox 648 2175 773 2233; x_wconf 91' lang='lat' dir='ltr'><strong>eertum</strong></span> <span class='ocrx_word' id='word_1_168' title='bbox 802 2167 976 2234; x_wconf 90' lang='lat' dir='ltr'><strong>terminum</strong></span> <span class='ocrx_word' id='word_1_169' title='bbox 999 2168 1270 2254; x_wconf 90' lang='lat' dir='ltr'><strong>peremptorium,</strong></span> <span class='ocrx_word' id='word_1_170' title='bbox 1300 2189 1397 2252; x_wconf 90' lang='lat' dir='ltr'><strong>quam</strong></span> <span class='ocrx_word' id='word_1_171' title='bbox 1428 2167 1503 2233; x_wconf 82' lang='lat' dir='ltr'><strong>eisd</strong></span> <span class='ocrx_word' id='word_1_172' title='bbox 1526 2167 1714 2254; x_wconf 85' lang='lat' dir='ltr'><strong>prefixeris,</strong></span> <span class='ocrx_word' id='word_1_173' title='bbox 1745 2166 1928 2252; x_wconf 88' lang='lat' dir='ltr'><strong>apostolico</strong></span> 
     </span>
     <span class='ocr_line' id='line_1_18' title="bbox 273 2268 1928 2358; baseline 0.003 -30"><span class='ocrx_word' id='word_1_174' title='bbox 273 2286 308 2329; x_wconf 87' lang='lat' dir='ltr'><strong>se</strong></span> <span class='ocrx_word' id='word_1_175' title='bbox 340 2270 532 2355; x_wconf 89' lang='lat' dir='ltr'><strong>conspectui</strong></span> <span class='ocrx_word' id='word_1_176' title='bbox 564 2272 782 2358; x_wconf 87' lang='lat' dir='ltr'><strong>personaliter</strong></span> <span class='ocrx_word' id='word_1_177' title='bbox 808 2278 1054 2358; x_wconf 89' lang='lat' dir='ltr'><strong>representeut,</strong></span> <span class='ocrx_word' id='word_1_178' title='bbox 1078 2271 1294 2357; x_wconf 89' lang='lat' dir='ltr'><strong>depositionis</strong></span> <span class='ocrx_word' id='word_1_179' title='bbox 1318 2273 1371 2336; x_wconf 90' lang='lat' dir='ltr'><strong>vel</strong></span> <span class='ocrx_word' id='word_1_180' title='bbox 1393 2272 1507 2352; x_wconf 86' lang='lat' dir='ltr'><strong>aliam,</strong></span> <span class='ocrx_word' id='word_1_181' title='bbox 1531 2278 1629 2358; x_wconf 94' lang='lat' dir='ltr'><strong>prout</strong></span> <span class='ocrx_word' id='word_1_182' title='bbox 1651 2270 1792 2356; x_wconf 88' lang='lat' dir='ltr'><strong>qualitas</strong></span> <span class='ocrx_word' id='word_1_183' title='bbox 1816 2268 1928 2334; x_wconf 88' lang='lat' dir='ltr'><strong>delicti</strong></span> 
     </span>
     <span class='ocr_line' id='line_1_19' title="bbox 274 2372 1927 2462; baseline 0.001 -28"><span class='ocrx_word' id='word_1_184' title='bbox 274 2373 436 2455; x_wconf 79' lang='lat' dir='ltr'><strong>exegerit,</strong></span> <span class='ocrx_word' id='word_1_185' title='bbox 460 2375 660 2441; x_wconf 88' lang='lat' dir='ltr'><strong>sententiam</strong></span> <span class='ocrx_word' id='word_1_186' title='bbox 675 2377 867 2462; x_wconf 75' lang='lat' dir='ltr'><strong>recepturi0,</strong></span> <span class='ocrx_word' id='word_1_187' title='bbox 885 2376 1080 2441; x_wconf 87' lang='lat' dir='ltr'><strong>denuntians</strong></span> <span class='ocrx_word' id='word_1_188' title='bbox 1103 2376 1182 2462; x_wconf 91' lang='lat' dir='ltr'><strong>ipsis</strong></span> <span class='ocrx_word' id='word_1_189' title='bbox 1190 2375 1209 2456; x_wconf 74' lang='lat'><strong>¹,</strong></span> <span class='ocrx_word' id='word_1_190' title='bbox 1234 2376 1321 2462; x_wconf 92' lang='lat' dir='ltr'><strong>quod</strong></span> <span class='ocrx_word' id='word_1_191' title='bbox 1344 2377 1372 2441; x_wconf 92' lang='lat' dir='ltr'><strong>si</strong></span> <span class='ocrx_word' id='word_1_192' title='bbox 1387 2377 1471 2441; x_wconf 87' lang='lat' dir='ltr'><strong>forte</strong></span> <span class='ocrx_word' id='word_1_193' title='bbox 1495 2377 1528 2441; x_wconf 92' lang='lat' dir='ltr'><strong>in</strong></span> <span class='ocrx_word' id='word_1_194' title='bbox 1544 2375 1670 2462; x_wconf 81' lang='lat' dir='ltr'><strong>profixo</strong></span> <span class='ocrx_word' id='word_1_195' title='bbox 1687 2374 1772 2438; x_wconf 71' lang='lat' dir='ltr'><strong>sibig</strong></span> <span class='ocrx_word' id='word_1_196' title='bbox 1788 2372 1927 2438; x_wconf 91' lang='lat' dir='ltr'><strong>termino</strong></span> 
     </span>
     <span class='ocr_line' id='line_1_20' title="bbox 273 2476 1928 2567; baseline 0.002 -30"><span class='ocrx_word' id='word_1_197' title='bbox 273 2494 338 2539; x_wconf 90' lang='lat' dir='ltr'><strong>uon</strong></span> <span class='ocrx_word' id='word_1_198' title='bbox 360 2478 547 2543; x_wconf 85' lang='lat' dir='ltr'><strong>curaverint</strong></span> <span class='ocrx_word' id='word_1_199' title='bbox 563 2499 765 2567; x_wconf 85' lang='lat' dir='ltr'><strong>comparere,</strong></span> <span class='ocrx_word' id='word_1_200' title='bbox 789 2503 848 2546; x_wconf 91' lang='lat' dir='ltr'><strong>nos</strong></span> <span class='ocrx_word' id='word_1_201' title='bbox 863 2481 1093 2546; x_wconf 87' lang='lat' dir='ltr'><strong>nichilominus</strong></span> <span class='ocrx_word' id='word_1_202' title='bbox 1118 2487 1232 2545; x_wconf 89' lang='lat' dir='ltr'><strong>eontra</strong></span> <span class='ocrx_word' id='word_1_203' title='bbox 1249 2502 1304 2546; x_wconf 91' lang='lat' dir='ltr'><strong>eos</strong></span> <span class='ocrx_word' id='word_1_204' title='bbox 1321 2480 1363 2544; x_wconf 92' lang='lat' dir='ltr'><strong>ad</strong></span> <span class='ocrx_word' id='word_1_205' title='bbox 1379 2480 1618 2566; x_wconf 85' lang='lat' dir='ltr'><strong>depositionem</strong></span> <span class='ocrx_word' id='word_1_206' title='bbox 1635 2478 1687 2543; x_wconf 85' lang='lat' dir='ltr'><strong>vel</strong></span> <span class='ocrx_word' id='word_1_207' title='bbox 1704 2478 1786 2542; x_wconf 89' lang='lat' dir='ltr'><strong>alias</strong></span> <span class='ocrx_word' id='word_1_208' title='bbox 1802 2476 1928 2562; x_wconf 78' lang='lat' dir='ltr'><strong>penash</strong></span> 
     </span>
    </p>

    <p class='ocr_par' dir='ltr' id='par_1_9' title="bbox 215 2577 1927 2672">
     <span class='ocr_line' id='line_1_21' title="bbox 215 2577 1927 2672; baseline 0.001 -31"><span class='ocrx_word' id='word_1_209' title='bbox 215 2608 233 2641; x_wconf 72' lang='lat' dir='ltr'><strong>a·</strong></span> <span class='ocrx_word' id='word_1_210' title='bbox 275 2599 395 2644; x_wconf 87' lang='lat' dir='ltr'><strong>—non</strong></span> <span class='ocrx_word' id='word_1_211' title='bbox 410 2579 564 2648; x_wconf 87' lang='lat' dir='ltr'><strong>obstante</strong></span> <span class='ocrx_word' id='word_1_212' title='bbox 580 2584 740 2670; x_wconf 80' lang='lat' dir='ltr'><strong>ipsorum¹</strong></span> <span class='ocrx_word' id='word_1_213' title='bbox 762 2586 913 2651; x_wconf 88' lang='lat' dir='ltr'><strong>absentia</strong></span> <span class='ocrx_word' id='word_1_214' title='bbox 929 2587 1090 2672; x_wconf 90' lang='lat' dir='ltr'><strong>corporali</strong></span> <span class='ocrx_word' id='word_1_215' title='bbox 1107 2625 1158 2667; x_wconf 92' lang='lat'><strong>—,</strong></span> <span class='ocrx_word' id='word_1_216' title='bbox 1184 2588 1268 2651; x_wconf 90' lang='lat' dir='ltr'><strong>sieut</strong></span> <span class='ocrx_word' id='word_1_217' title='bbox 1288 2585 1445 2672; x_wconf 87' lang='lat' dir='ltr'><strong>expedire</strong></span> <span class='ocrx_word' id='word_1_218' title='bbox 1462 2583 1656 2662; x_wconf 83' lang='lat' dir='ltr'><strong>videbimus,</strong></span> <span class='ocrx_word' id='word_1_219' title='bbox 1680 2577 1927 2667; x_wconf 80' lang='lat' dir='ltr'><strong>procedemus².</strong></span> 
     </span>
    </p>
   </div>
   <div class='ocr_carea' id='block_1_6' title="bbox 381 2696 1213 2790">
    <p class='ocr_par' dir='ltr' id='par_1_10' title="bbox 381 2696 1213 2790">
     <span class='ocr_line' id='line_1_22' title="bbox 381 2696 1213 2790; baseline 0.008 -29"><span class='ocrx_word' id='word_1_220' title='bbox 381 2696 459 2763; x_wconf 87' lang='lat' dir='ltr'><strong>Dat.</strong></span> <span class='ocrx_word' id='word_1_221' title='bbox 482 2699 646 2787; x_wconf 82' lang='lat' dir='ltr'><strong>Lugduni,</strong></span> <span class='ocrx_word' id='word_1_222' title='bbox 669 2703 738 2768; x_wconf 90' lang='lat'><em>1111</em></span> <span class='ocrx_word' id='word_1_223' title='bbox 760 2704 845 2770; x_wconf 89' lang='lat' dir='ltr'><strong>Non.</strong></span> <span class='ocrx_word' id='word_1_224' title='bbox 869 2704 955 2786; x_wconf 92' lang='lat' dir='ltr'><strong>Iulii,</strong></span> <span class='ocrx_word' id='word_1_225' title='bbox 977 2726 1063 2769; x_wconf 89' lang='lat' dir='ltr'><strong>anno</strong></span> <span class='ocrx_word' id='word_1_226' title='bbox 1086 2711 1213 2790; x_wconf 88' lang='lat' dir='ltr'><strong>quarto.</strong></span> 
     </span>
    </p>
   </div>
   <div class='ocr_carea' id='block_1_7' title="bbox 896 2985 1306 2993">
    <p class='ocr_par' dir='ltr' id='par_1_11' title="bbox 896 2985 1306 2993">
     <span class='ocr_line' id='line_1_23' title="bbox 896 2985 1306 2993; baseline 0 -2"><span class='ocrx_word' id='word_1_227' title='bbox 896 2985 1306 2993; x_wconf 58' lang='grc' dir='ltr'><strong>Ἦ</strong></span> 
     </span>
    </p>
   </div>
   <div class='ocr_carea' id='block_1_8' title="bbox 941 3261 1147 3333">
    <p class='ocr_par' dir='ltr' id='par_1_12' title="bbox 941 3261 1147 3333">
     <span class='ocr_line' id='line_1_24' title="bbox 941 3261 1147 3333; baseline 0.019 -4"><span class='ocrx_word' id='word_1_228' title='bbox 941 3323 944 3329; x_wconf 93' lang='grc'><strong>.</strong></span> <span class='ocrx_word' id='word_1_229' title='bbox 1061 3261 1147 3333; x_wconf 66' lang='lat'><strong>202.</strong></span> 
     </span>
    </p>
   </div>
   <div class='ocr_carea' id='block_1_9' title="bbox 224 3372 1931 3968">
    <p class='ocr_par' dir='ltr' id='par_1_13' title="bbox 224 3372 1931 3968">
     <span class='ocr_line' id='line_1_25' title="bbox 380 3372 1930 3481; baseline -0.001 -19"><span class='ocrx_word' id='word_1_230' title='bbox 380 3372 598 3463; x_wconf 67' lang='lat' dir='ltr'><strong>Ismarius</strong></span> <span class='ocrx_word' id='word_1_231' title='bbox 613 3399 670 3464; x_wconf 90' lang='lat' dir='ltr'><strong>IV</strong></span> <span class='ocrx_word' id='word_1_232' title='bbox 684 3422 774 3481; x_wconf 74' lang='lat' dir='ltr'><strong>papa</strong></span> <span class='ocrx_word' id='word_1_233' title='bbox 795 3400 892 3465; x_wconf 78' lang='lat' dir='ltr'><strong>aidan</strong></span> <span class='ocrx_word' id='word_1_234' title='bbox 915 3399 1053 3477; x_wconf 81' lang='lat' dir='ltr'><strong>rrrarralat,</strong></span> <span class='ocrx_word' id='word_1_235' title='bbox 1075 3403 1111 3462; x_wconf 87' lang='lat' dir='ltr'><strong>at</strong></span> <span class='ocrx_word' id='word_1_236' title='bbox 1133 3418 1178 3476; x_wconf 85' lang='lat' dir='ltr'><strong>aa,</strong></span> <span class='ocrx_word' id='word_1_237' title='bbox 1201 3420 1282 3480; x_wconf 80' lang='lat' dir='ltr'><strong>qaae</strong></span> <span class='ocrx_word' id='word_1_238' title='bbox 1302 3399 1410 3480; x_wconf 61' lang='lat' dir='ltr'><strong>fideles·</strong></span> <span class='ocrx_word' id='word_1_239' title='bbox 1428 3399 1596 3464; x_wconf 78' lang='lat' dir='ltr'><strong>Teutorriae</strong></span> <span class='ocrx_word' id='word_1_240' title='bbox 1613 3420 1676 3479; x_wconf 81' lang='lat' dir='ltr'><strong>pro</strong></span> <span class='ocrx_word' id='word_1_241' title='bbox 1692 3399 1812 3480; x_wconf 75' lang='lat' dir='ltr'><strong>trapetis</strong></span> <span class='ocrx_word' id='word_1_242' title='bbox 1827 3399 1930 3461; x_wconf 75' lang='lat' dir='ltr'><strong>creas</strong></span> 
     </span>
     <span class='ocr_line' id='line_1_26' title="bbox 280 3501 1928 3585; baseline -0.002 -18"><span class='ocrx_word' id='word_1_243' title='bbox 280 3501 594 3570; x_wconf 79' lang='lat' dir='ltr'><strong>coatraFridsrieum</strong></span> <span class='ocrx_word' id='word_1_244' title='bbox 608 3503 766 3585; x_wconf 82' lang='lat' dir='ltr'><strong>quondam</strong></span> <span class='ocrx_word' id='word_1_245' title='bbox 780 3504 998 3584; x_wconf 82' lang='lat' dir='ltr'><strong>imperatorem</strong></span> <span class='ocrx_word' id='word_1_246' title='bbox 1016 3502 1206 3567; x_wconf 73' lang='lat' dir='ltr'><strong>aaozaadac</strong></span> <span class='ocrx_word' id='word_1_247' title='bbox 1227 3503 1431 3584; x_wconf 71' lang='lat' dir='ltr'><strong>erogaverint,</strong></span> <span class='ocrx_word' id='word_1_248' title='bbox 1451 3502 1556 3585; x_wconf 75' lang='lat' dir='ltr'><strong>collipi</strong></span> <span class='ocrx_word' id='word_1_249' title='bbox 1575 3504 1604 3566; x_wconf 91' lang='lat' dir='ltr'><strong>ct</strong></span> <span class='ocrx_word' id='word_1_250' title='bbox 1618 3501 1798 3566; x_wconf 79' lang='lat' dir='ltr'><strong>conseruari</strong></span> <span class='ocrx_word' id='word_1_251' title='bbox 1812 3501 1928 3584; x_wconf 71' lang='lat' dir='ltr'><strong>saciat.</strong></span> 
     </span>
     <span class='ocr_line' id='line_1_27' title="bbox 1613 3604 1842 3684; baseline 0 -16"><span class='ocrx_word' id='word_1_252' title='bbox 1613 3608 1707 3684; x_wconf 80' lang='lat'><strong>1246,</strong></span> <span class='ocrx_word' id='word_1_253' title='bbox 1730 3604 1795 3669; x_wconf 82' lang='lat' dir='ltr'><strong>Iul.</strong></span> <span class='ocrx_word' id='word_1_254' title='bbox 1811 3608 1842 3668; x_wconf 82' lang='lat'><strong>4.</strong></span> 
     </span>
     <span class='ocr_line' id='line_1_28' title="bbox 224 3723 1931 3796; baseline -0.002 -17"><span class='ocrx_word' id='word_1_255' title='bbox 224 3732 241 3770; x_wconf 77' lang='lat' dir='ltr'><strong>a</strong></span> <span class='ocrx_word' id='word_1_256' title='bbox 381 3726 445 3780; x_wconf 79' lang='lat' dir='ltr'><strong>Ian.</strong></span> <span class='ocrx_word' id='word_1_257' title='bbox 459 3725 507 3780; x_wconf 77' lang='grc' dir='ltr'><em>Ν</em></span> <span class='ocrx_word' id='word_1_258' title='bbox 521 3726 586 3796; x_wconf 73' lang='lat' dir='ltr'><strong>Ray.</strong></span> <span class='ocrx_word' id='word_1_259' title='bbox 606 3726 660 3781; x_wconf 85' lang='lat' dir='ltr'><strong>Vol.</strong></span> <span class='ocrx_word' id='word_1_260' title='bbox 674 3727 700 3796; x_wconf 87' lang='lat' dir='ltr'><strong>I,</strong></span> <span class='ocrx_word' id='word_1_261' title='bbox 712 3735 773 3794; x_wconf 79' lang='lat'><em>417;</em></span> <span class='ocrx_word' id='word_1_262' title='bbox 791 3726 849 3781; x_wconf 73' lang='lat' dir='ltr'><strong>La.</strong></span> <span class='ocrx_word' id='word_1_263' title='bbox 863 3725 916 3795; x_wconf 88' lang='lat' dir='ltr'><strong>IV,</strong></span> <span class='ocrx_word' id='word_1_264' title='bbox 934 3741 991 3781; x_wconf 84' lang='lat' dir='ltr'><strong>cur.</strong></span> <span class='ocrx_word' id='word_1_265' title='bbox 1004 3735 1026 3782; x_wconf 75' lang='lat' dir='ltr'><strong>a.</strong></span> <span class='ocrx_word' id='word_1_266' title='bbox 1058 3727 1104 3780; x_wconf 82' lang='lat' dir='ltr'><strong>Ad</strong></span> <span class='ocrx_word' id='word_1_267' title='bbox 1121 3727 1252 3794; x_wconf 68' lang='lat' dir='ltr'><strong>assahar</strong></span> <span class='ocrx_word' id='word_1_268' title='bbox 1272 3725 1372 3780; x_wconf 69' lang='lat' dir='ltr'><strong>Perea</strong></span> <span class='ocrx_word' id='word_1_269' title='bbox 1388 3725 1558 3780; x_wconf 64' lang='lat' dir='ltr'><strong>satuimus</strong></span> <span class='ocrx_word' id='word_1_270' title='bbox 1570 3729 1679 3792; x_wconf 76' lang='lat' dir='ltr'><strong>praeter</strong></span> <span class='ocrx_word' id='word_1_271' title='bbox 1697 3723 1732 3792; x_wconf 82' lang='lat' dir='ltr'><strong>id,</strong></span> <span class='ocrx_word' id='word_1_272' title='bbox 1752 3723 1824 3793; x_wconf 77' lang='lat' dir='ltr'><strong>quod</strong></span> <span class='ocrx_word' id='word_1_273' title='bbox 1836 3724 1931 3793; x_wconf 76' lang='lat' dir='ltr'><strong>Berper</strong></span> 
     </span>
     <span class='ocr_line' id='line_1_29' title="bbox 280 3810 1049 3882; baseline 0.001 -17"><span class='ocrx_word' id='word_1_274' title='bbox 280 3810 364 3879; x_wconf 79' lang='lat' dir='ltr'><strong>edidit,</strong></span> <span class='ocrx_word' id='word_1_275' title='bbox 381 3812 563 3882; x_wconf 65' lang='lat' dir='ltr'><strong>omaphum</strong></span> <span class='ocrx_word' id='word_1_276' title='bbox 581 3813 637 3869; x_wconf 83' lang='lat' dir='ltr'><strong>eod.</strong></span> <span class='ocrx_word' id='word_1_277' title='bbox 656 3813 780 3868; x_wconf 79' lang='lat' dir='ltr'><strong>Vallicall.</strong></span> <span class='ocrx_word' id='word_1_278' title='bbox 799 3813 884 3882; x_wconf 80' lang='lat' dir='ltr'><strong>J,66,·</strong></span> <span class='ocrx_word' id='word_1_279' title='bbox 901 3813 934 3879; x_wconf 76' lang='lat' dir='ltr'><strong>ef.</strong></span> <span class='ocrx_word' id='word_1_280' title='bbox 953 3830 981 3866; x_wconf 81' lang='lat' dir='ltr'><strong>a.</strong></span> <span class='ocrx_word' id='word_1_281' title='bbox 997 3821 1049 3867; x_wconf 80' lang='lat'><strong><em>170.</em></strong></span> 
     </span>
     <span class='ocr_line' id='line_1_30' title="bbox 379 3898 566 3968; baseline 0 -16"><span class='ocrx_word' id='word_1_282' title='bbox 379 3898 477 3968; x_wconf 65' lang='lat' dir='ltr'><strong>Baras</strong></span> <span class='ocrx_word' id='word_1_283' title='bbox 491 3905 566 3953; x_wconf 80' lang='lat'><strong><em>2921.</em></strong></span> 
     </span>
    </p>
   </div>
   <div class='ocr_carea' id='block_1_10' title="bbox 385 4004 1930 4248">
    <p class='ocr_par' dir='ltr' id='par_1_14' title="bbox 385 4004 1930 4248">
     <span class='ocr_line' id='line_1_31' title="bbox 1011 4004 1201 4085; baseline 0 -1"><span class='ocrx_word' id='word_1_284' title='bbox 1011 4004 1201 4085; x_wconf 85' lang='lat' dir='ltr'><strong>Eidem¹¹.</strong></span> 
     </span>
     <span class='ocr_line' id='line_1_32' title="bbox 385 4158 1930 4248; baseline -0.003 -21"><span class='ocrx_word' id='word_1_285' title='bbox 385 4162 469 4227; x_wconf 84' lang='lat' dir='ltr'><strong>Cum</strong></span> <span class='ocrx_word' id='word_1_286' title='bbox 493 4184 552 4227; x_wconf 93' lang='lat' dir='ltr'><strong>nos</strong></span> <span class='ocrx_word' id='word_1_287' title='bbox 576 4168 689 4227; x_wconf 89' lang='lat' dir='ltr'><strong>eontra</strong></span> <span class='ocrx_word' id='word_1_288' title='bbox 703 4162 741 4226; x_wconf 86' lang='lat' dir='ltr'><strong>F.</strong></span> <span class='ocrx_word' id='word_1_289' title='bbox 758 4160 921 4248; x_wconf 91' lang='lat' dir='ltr'><strong>quondam</strong></span> <span class='ocrx_word' id='word_1_290' title='bbox 936 4161 1159 4226; x_wconf 87' lang='lat' dir='ltr'><strong>Romanorum</strong></span> <span class='ocrx_word' id='word_1_291' title='bbox 1183 4162 1416 4247; x_wconf 88' lang='lat' dir='ltr'><strong>imperatorem</strong></span> <span class='ocrx_word' id='word_1_292' title='bbox 1433 4158 1624 4224; x_wconf 88' lang='lat' dir='ltr'><strong>mandemus</strong></span> <span class='ocrx_word' id='word_1_293' title='bbox 1640 4179 1699 4246; x_wconf 90' lang='lat' dir='ltr'><strong>per</strong></span> <span class='ocrx_word' id='word_1_294' title='bbox 1714 4158 1930 4223; x_wconf 85' lang='lat' dir='ltr'><strong>Theotoniam</strong></span> 
     </span>
    </p>
   </div>
   <div class='ocr_carea' id='block_1_11' title="bbox 230 4261 1930 4456">
    <p class='ocr_par' dir='ltr' id='par_1_15' title="bbox 230 4261 1930 4456">
     <span class='ocr_line' id='line_1_33' title="bbox 230 4261 1930 4349; baseline -0.002 -19"><span class='ocrx_word' id='word_1_295' title='bbox 230 4276 248 4314; x_wconf 80' lang='lat'><strong>²⁰</strong></span> <span class='ocrx_word' id='word_1_296' title='bbox 285 4264 438 4349; x_wconf 85' lang='lat' dir='ltr'><strong>predicari</strong></span> <span class='ocrx_word' id='word_1_297' title='bbox 469 4264 593 4332; x_wconf 81' lang='lat' dir='ltr'><strong>Christi</strong></span> <span class='ocrx_word' id='word_1_298' title='bbox 627 4264 780 4332; x_wconf 86' lang='lat' dir='ltr'><strong>fidelibus</strong></span> <span class='ocrx_word' id='word_1_299' title='bbox 815 4265 953 4330; x_wconf 88' lang='lat' dir='ltr'><strong>verbum</strong></span> <span class='ocrx_word' id='word_1_300' title='bbox 987 4265 1125 4344; x_wconf 83' lang='lat' dir='ltr'><strong>erucis³,</strong></span> <span class='ocrx_word' id='word_1_301' title='bbox 1159 4265 1308 4328; x_wconf 85' lang='lat' dir='ltr'><strong>volumus</strong></span> <span class='ocrx_word' id='word_1_302' title='bbox 1341 4270 1374 4327; x_wconf 86' lang='lat' dir='ltr'><strong>et</strong></span> <span class='ocrx_word' id='word_1_303' title='bbox 1408 4263 1609 4349; x_wconf 88' lang='lat' dir='ltr'><strong>presentium</strong></span> <span class='ocrx_word' id='word_1_304' title='bbox 1643 4262 1702 4326; x_wconf 94' lang='lat' dir='ltr'><strong>tibi</strong></span> <span class='ocrx_word' id='word_1_305' title='bbox 1734 4261 1930 4326; x_wconf 87' lang='lat' dir='ltr'><strong>auctoritate</strong></span> 
     </span>
     <span class='ocr_line' id='line_1_34' title="bbox 283 4364 1930 4456; baseline -0.003 -22"><span class='ocrx_word' id='word_1_306' title='bbox 283 4367 481 4450; x_wconf 86' lang='lat' dir='ltr'><strong>mandamus,</strong></span> <span class='ocrx_word' id='word_1_307' title='bbox 516 4371 667 4456; x_wconf 87' lang='lat' dir='ltr'><strong>quatinus</strong></span> <span class='ocrx_word' id='word_1_308' title='bbox 701 4390 757 4450; x_wconf 90' lang='lat' dir='ltr'><strong>ea,</strong></span> <span class='ocrx_word' id='word_1_309' title='bbox 794 4390 858 4455; x_wconf 86' lang='lat' dir='ltr'><strong>que</strong></span> <span class='ocrx_word' id='word_1_310' title='bbox 898 4368 996 4434; x_wconf 89' lang='lat' dir='ltr'><strong>iidem</strong></span> <span class='ocrx_word' id='word_1_311' title='bbox 1029 4368 1143 4434; x_wconf 88' lang='lat' dir='ltr'><strong>fideles</strong></span> <span class='ocrx_word' id='word_1_312' title='bbox 1183 4367 1224 4433; x_wconf 91' lang='lat' dir='ltr'><strong>de</strong></span> <span class='ocrx_word' id='word_1_313' title='bbox 1259 4368 1353 4432; x_wconf 89' lang='lat' dir='ltr'><strong>honis</strong></span> <span class='ocrx_word' id='word_1_314' title='bbox 1386 4367 1453 4431; x_wconf 88' lang='lat' dir='ltr'><strong>suis</strong></span> <span class='ocrx_word' id='word_1_315' title='bbox 1487 4387 1545 4451; x_wconf 91' lang='lat' dir='ltr'><strong>pro</strong></span> <span class='ocrx_word' id='word_1_316' title='bbox 1578 4364 1764 4430; x_wconf 90' lang='lat' dir='ltr'><strong>huiusmodi</strong></span> <span class='ocrx_word' id='word_1_317' title='bbox 1797 4366 1930 4450; x_wconf 92' lang='lat' dir='ltr'><strong>negotio</strong></span> 
     </span>
    </p>
   </div>
   <div class='ocr_carea' id='block_1_12' title="bbox 282 4622 1931 4786">
    <p class='ocr_par' dir='ltr' id='par_1_16' title="bbox 282 4622 1931 4786">
     <span class='ocr_line' id='line_1_35' title="bbox 378 4622 1931 4696; baseline -0.005 -12"><span class='ocrx_word' id='word_1_318' title='bbox 378 4632 404 4695; x_wconf 78' lang='lat'><strong>⁸)</strong></span> <span class='ocrx_word' id='word_1_319' title='bbox 422 4633 534 4684; x_wconf 85' lang='lat' dir='ltr'><strong>Henrieo</strong></span> <span class='ocrx_word' id='word_1_320' title='bbox 547 4631 580 4684; x_wconf 74' lang='lat' dir='ltr'><strong>A.</strong></span> <span class='ocrx_word' id='word_1_321' title='bbox 654 4629 680 4696; x_wconf 84' lang='lat' dir='ltr'><strong>b)</strong></span> <span class='ocrx_word' id='word_1_322' title='bbox 699 4631 745 4692; x_wconf 74' lang='lat' dir='ltr'><strong>A.,·</strong></span> <span class='ocrx_word' id='word_1_323' title='bbox 766 4633 887 4684; x_wconf 85' lang='lat' dir='ltr'><strong>Romanis</strong></span> <span class='ocrx_word' id='word_1_324' title='bbox 899 4630 983 4695; x_wconf 88' lang='lat' dir='ltr'><strong><em>P.,B.</em></strong></span> <span class='ocrx_word' id='word_1_325' title='bbox 1055 4631 1078 4696; x_wconf 76' lang='lat'><strong>⁰)</strong></span> <span class='ocrx_word' id='word_1_326' title='bbox 1096 4640 1122 4684; x_wconf 85' lang='lat' dir='ltr'><strong>et</strong></span> <span class='ocrx_word' id='word_1_327' title='bbox 1140 4630 1252 4681; x_wconf 57' lang='lat' dir='ltr'><strong>deceta</strong></span> <span class='ocrx_word' id='word_1_328' title='bbox 1323 4625 1348 4690; x_wconf 69' lang='lat' dir='ltr'><strong>d)</strong></span> <span class='ocrx_word' id='word_1_329' title='bbox 1367 4628 1435 4681; x_wconf 81' lang='lat' dir='ltr'><strong>sill.</strong></span> <span class='ocrx_word' id='word_1_330' title='bbox 1510 4627 1533 4691; x_wconf 70' lang='grc' dir='ltr'><strong>θ)</strong></span> <span class='ocrx_word' id='word_1_331' title='bbox 1552 4628 1681 4695; x_wconf 86' lang='lat' dir='ltr'><strong>accepturi</strong></span> <span class='ocrx_word' id='word_1_332' title='bbox 1696 4627 1730 4678; x_wconf 77' lang='lat' dir='ltr'><strong>A.</strong></span> <span class='ocrx_word' id='word_1_333' title='bbox 1809 4622 1886 4689; x_wconf 67' lang='lat' dir='ltr'><strong>l&gt;eis</strong></span> <span class='ocrx_word' id='word_1_334' title='bbox 1899 4626 1931 4676; x_wconf 88' lang='lat' dir='ltr'><strong>B.</strong></span> 
     </span>
     <span class='ocr_line' id='line_1_36' title="bbox 282 4715 1403 4786; baseline -0.007 -13"><span class='ocrx_word' id='word_1_335' title='bbox 282 4726 301 4775; x_wconf 73' lang='lat' dir='ltr'><strong>a)</strong></span> <span class='ocrx_word' id='word_1_336' title='bbox 318 4720 366 4771; x_wconf 80' lang='lat' dir='ltr'><strong>sibi</strong></span> <span class='ocrx_word' id='word_1_337' title='bbox 384 4719 453 4771; x_wconf 75' lang='lat' dir='ltr'><strong>deest</strong></span> <span class='ocrx_word' id='word_1_338' title='bbox 465 4718 498 4770; x_wconf 92' lang='lat' dir='ltr'><strong>B.</strong></span> <span class='ocrx_word' id='word_1_339' title='bbox 587 4717 613 4783; x_wconf 84' lang='lat'><strong>¹¹)</strong></span> <span class='ocrx_word' id='word_1_340' title='bbox 631 4735 671 4786; x_wconf 89' lang='lat' dir='ltr'><strong>pe.</strong></span> <span class='ocrx_word' id='word_1_341' title='bbox 689 4719 721 4769; x_wconf 84' lang='lat' dir='ltr'><strong>ul.</strong></span> <span class='ocrx_word' id='word_1_342' title='bbox 736 4719 767 4769; x_wconf 77' lang='lat' dir='ltr'><strong>A.</strong></span> <span class='ocrx_word' id='word_1_343' title='bbox 855 4716 873 4783; x_wconf 91' lang='lat' dir='ltr'><strong>i)</strong></span> <span class='ocrx_word' id='word_1_344' title='bbox 891 4736 980 4770; x_wconf 86' lang='lat' dir='ltr'><strong>eorum</strong></span> <span class='ocrx_word' id='word_1_345' title='bbox 992 4718 1024 4769; x_wconf 87' lang='grc' dir='ltr'><strong>Β.</strong></span> <span class='ocrx_word' id='word_1_346' title='bbox 1112 4715 1138 4781; x_wconf 83' lang='lat'><strong>¹¹)</strong></span> <span class='ocrx_word' id='word_1_347' title='bbox 1158 4716 1288 4768; x_wconf 41' lang='lat' dir='ltr'><strong>avatecadit.</strong></span> <span class='ocrx_word' id='word_1_348' title='bbox 1308 4734 1334 4765; x_wconf 86' lang='lat' dir='ltr'><strong>n.</strong></span> <span class='ocrx_word' id='word_1_349' title='bbox 1349 4718 1403 4766; x_wconf 80' lang='lat'><strong><em>217.</em></strong></span> 
     </span>
    </p>
   </div>
   <div class='ocr_carea' id='block_1_13' title="bbox 234 4866 1987 5801">
    <p class='ocr_par' dir='ltr' id='par_1_17' title="bbox 234 4866 1987 5801">
     <span class='ocr_line' id='line_1_37' title="bbox 380 4866 1932 4940; baseline -0.003 -18"><span class='ocrx_word' id='word_1_350' title='bbox 380 4871 405 4936; x_wconf 92' lang='lat' dir='ltr'><strong>l)</strong></span> <span class='ocrx_word' id='word_1_351' title='bbox 425 4868 557 4937; x_wconf 70' lang='lat' dir='ltr'><strong>Epistola</strong></span> <span class='ocrx_word' id='word_1_352' title='bbox 575 4887 631 4937; x_wconf 75' lang='lat' dir='ltr'><strong>aaa</strong></span> <span class='ocrx_word' id='word_1_353' title='bbox 649 4871 673 4924; x_wconf 82' lang='lat' dir='ltr'><strong>ei</strong></span> <span class='ocrx_word' id='word_1_354' title='bbox 690 4872 830 4940; x_wconf 65' lang='lat' dir='ltr'><strong>legationis</strong></span> <span class='ocrx_word' id='word_1_355' title='bbox 846 4872 967 4938; x_wconf 71' lang='lat' dir='ltr'><strong>officiam</strong></span> <span class='ocrx_word' id='word_1_356' title='bbox 983 4873 1147 4925; x_wconf 78' lang='lat' dir='ltr'><strong>aomrrrissum</strong></span> <span class='ocrx_word' id='word_1_357' title='bbox 1165 4875 1215 4936; x_wconf 83' lang='lat' dir='ltr'><strong>ast,</strong></span> <span class='ocrx_word' id='word_1_358' title='bbox 1233 4869 1283 4921; x_wconf 75' lang='lat' dir='ltr'><strong>arth</strong></span> <span class='ocrx_word' id='word_1_359' title='bbox 1302 4869 1382 4922; x_wconf 75' lang='lat' dir='ltr'><strong>laha</strong></span> <span class='ocrx_word' id='word_1_360' title='bbox 1399 4869 1440 4936; x_wconf 83' lang='lat' dir='ltr'><strong>[a.</strong></span> <span class='ocrx_word' id='word_1_361' title='bbox 1456 4871 1519 4939; x_wconf 80' lang='lat'><em>203]</em></span> <span class='ocrx_word' id='word_1_362' title='bbox 1538 4868 1604 4922; x_wconf 84' lang='lat' dir='ltr'><strong>data</strong></span> <span class='ocrx_word' id='word_1_363' title='bbox 1622 4873 1657 4922; x_wconf 80' lang='lat' dir='ltr'><strong>ast</strong></span> <span class='ocrx_word' id='word_1_364' title='bbox 1666 4909 1674 4935; x_wconf 96' lang='lat'><strong>,</strong></span> <span class='ocrx_word' id='word_1_365' title='bbox 1697 4866 1745 4921; x_wconf 79' lang='lat' dir='ltr'><strong>aad</strong></span> <span class='ocrx_word' id='word_1_366' title='bbox 1769 4882 1830 4920; x_wconf 82' lang='lat' dir='ltr'><strong>carn</strong></span> <span class='ocrx_word' id='word_1_367' title='bbox 1852 4870 1932 4918; x_wconf 80' lang='lat' dir='ltr'><strong>aetas</strong></span> 
     </span>
     <span class='ocr_line' id='line_1_38' title="bbox 234 4950 1933 5026; baseline -0.003 -17"><span class='ocrx_word' id='word_1_368' title='bbox 234 4958 250 4995; x_wconf 75' lang='lat'><strong>³³</strong></span> <span class='ocrx_word' id='word_1_369' title='bbox 286 4953 393 5009; x_wconf 60' lang='lat' dir='ltr'><strong>aanor</strong></span> <span class='ocrx_word' id='word_1_370' title='bbox 413 4971 474 5009; x_wconf 76' lang='lat' dir='ltr'><strong>cum</strong></span> <span class='ocrx_word' id='word_1_371' title='bbox 491 4954 559 5008; x_wconf 78' lang='lat' dir='ltr'><strong>dian</strong></span> <span class='ocrx_word' id='word_1_372' title='bbox 577 4955 705 5025; x_wconf 78' lang='lat' dir='ltr'><strong>indicarat,</strong></span> <span class='ocrx_word' id='word_1_373' title='bbox 723 4974 778 5025; x_wconf 75' lang='lat' dir='ltr'><strong>qao</strong></span> <span class='ocrx_word' id='word_1_374' title='bbox 795 4958 918 5026; x_wconf 79' lang='lat' dir='ltr'><strong>epistolas</strong></span> <span class='ocrx_word' id='word_1_375' title='bbox 935 4974 1024 5011; x_wconf 87' lang='lat' dir='ltr'><strong>eoram</strong></span> <span class='ocrx_word' id='word_1_376' title='bbox 1037 4974 1115 5026; x_wconf 78' lang='lat' dir='ltr'><strong>papa</strong></span> <span class='ocrx_word' id='word_1_377' title='bbox 1132 4955 1284 5024; x_wconf 69' lang='lat' dir='ltr'><strong>legebantur</strong></span> <span class='ocrx_word' id='word_1_378' title='bbox 1302 4954 1349 5022; x_wconf 78' lang='lat' dir='ltr'><strong>[ef.</strong></span> <span class='ocrx_word' id='word_1_379' title='bbox 1366 4959 1382 5007; x_wconf 87' lang='lat' dir='ltr'><strong>t.</strong></span> <span class='ocrx_word' id='word_1_380' title='bbox 1401 4953 1470 5022; x_wconf 71' lang='lat' dir='ltr'><strong>Lp.</strong></span> <span class='ocrx_word' id='word_1_381' title='bbox 1486 4955 1538 5025; x_wconf 85' lang='lat' dir='ltr'><strong>XJ,</strong></span> <span class='ocrx_word' id='word_1_382' title='bbox 1561 4955 1621 5024; x_wconf 84' lang='lat' dir='ltr'><strong>ipsa</strong></span> <span class='ocrx_word' id='word_1_383' title='bbox 1638 4953 1771 5022; x_wconf 72' lang='lat' dir='ltr'><strong>lapatioma</strong></span> <span class='ocrx_word' id='word_1_384' title='bbox 1789 4950 1933 5006; x_wconf 69' lang='lat' dir='ltr'><strong>wmmasre</strong></span> 
     </span>
     <span class='ocr_line' id='line_1_39' title="bbox 285 5037 1932 5110; baseline -0.002 -16"><span class='ocrx_word' id='word_1_385' title='bbox 285 5040 418 5094; x_wconf 63' lang='lat' dir='ltr'><strong>malla</strong></span> <span class='ocrx_word' id='word_1_386' title='bbox 439 5040 531 5096; x_wconf 82' lang='lat' dir='ltr'><strong>diebus</strong></span> <span class='ocrx_word' id='word_1_387' title='bbox 552 5047 614 5096; x_wconf 73' lang='lat' dir='ltr'><strong>ante</strong></span> <span class='ocrx_word' id='word_1_388' title='bbox 632 5043 707 5110; x_wconf 71' lang='lat' dir='ltr'><strong>sacia</strong></span> <span class='ocrx_word' id='word_1_389' title='bbox 729 5059 784 5097; x_wconf 74' lang='lat' dir='ltr'><strong>assa</strong></span> <span class='ocrx_word' id='word_1_390' title='bbox 806 5048 912 5097; x_wconf 74' lang='lat' dir='ltr'><strong>streete</strong></span> <span class='ocrx_word' id='word_1_391' title='bbox 929 5043 972 5096; x_wconf 76' lang='lat' dir='ltr'><strong>aa</strong></span> <span class='ocrx_word' id='word_1_392' title='bbox 993 5044 1047 5096; x_wconf 84' lang='lat' dir='ltr'><strong>iam</strong></span> <span class='ocrx_word' id='word_1_393' title='bbox 1065 5042 1148 5095; x_wconf 72' lang='lat' dir='ltr'><strong>luas</strong></span> <span class='ocrx_word' id='word_1_394' title='bbox 1165 5041 1284 5110; x_wconf 65' lang='lat' dir='ltr'><strong>‘legatas’</strong></span> <span class='ocrx_word' id='word_1_395' title='bbox 1307 5041 1437 5108; x_wconf 78' lang='lat' dir='ltr'><strong>appellari</strong></span> <span class='ocrx_word' id='word_1_396' title='bbox 1453 5041 1552 5109; x_wconf 81' lang='lat' dir='ltr'><strong>potuit.</strong></span> <span class='ocrx_word' id='word_1_397' title='bbox 1603 5040 1677 5095; x_wconf 80' lang='lat' dir='ltr'><strong>Uada</strong></span> <span class='ocrx_word' id='word_1_398' title='bbox 1698 5044 1786 5107; x_wconf 65' lang='lat' dir='ltr'><strong>aparte</strong></span> <span class='ocrx_word' id='word_1_399' title='bbox 1804 5037 1932 5106; x_wconf 68' lang='lat' dir='ltr'><strong>saeuitia,</strong></span> 
     </span>
     <span class='ocr_line' id='line_1_40' title="bbox 286 5124 1934 5199; baseline -0.002 -18"><span class='ocrx_word' id='word_1_400' title='bbox 286 5126 323 5181; x_wconf 77' lang='lat' dir='ltr'><strong>iar</strong></span> <span class='ocrx_word' id='word_1_401' title='bbox 341 5144 399 5182; x_wconf 75' lang='lat' dir='ltr'><strong>nea</strong></span> <span class='ocrx_word' id='word_1_402' title='bbox 414 5143 465 5197; x_wconf 79' lang='lat' dir='ltr'><strong>par</strong></span> <span class='ocrx_word' id='word_1_403' title='bbox 482 5130 585 5185; x_wconf 77' lang='lat' dir='ltr'><strong>litteras</strong></span> <span class='ocrx_word' id='word_1_404' title='bbox 607 5130 655 5185; x_wconf 78' lang='lat' dir='ltr'><strong>sad</strong></span> <span class='ocrx_word' id='word_1_405' title='bbox 677 5131 731 5184; x_wconf 83' lang='lat' dir='ltr'><strong>iam</strong></span> <span class='ocrx_word' id='word_1_406' title='bbox 744 5147 793 5199; x_wconf 83' lang='lat' dir='ltr'><strong>per</strong></span> <span class='ocrx_word' id='word_1_407' title='bbox 810 5130 1000 5199; x_wconf 74' lang='lat' dir='ltr'><strong>beneplacitum</strong></span> <span class='ocrx_word' id='word_1_408' title='bbox 1013 5145 1103 5197; x_wconf 78' lang='lat' dir='ltr'><strong>papae</strong></span> <span class='ocrx_word' id='word_1_409' title='bbox 1123 5133 1239 5182; x_wconf 67' lang='lat' dir='ltr'><strong>eausam</strong></span> <span class='ocrx_word' id='word_1_410' title='bbox 1255 5142 1318 5195; x_wconf 80' lang='lat' dir='ltr'><strong>assa,</strong></span> <span class='ocrx_word' id='word_1_411' title='bbox 1345 5132 1368 5180; x_wconf 84' lang='lat' dir='ltr'><strong>et</strong></span> <span class='ocrx_word' id='word_1_412' title='bbox 1385 5127 1488 5181; x_wconf 82' lang='lat' dir='ltr'><strong>litteras</strong></span> <span class='ocrx_word' id='word_1_413' title='bbox 1504 5128 1615 5196; x_wconf 59' lang='lat' dir='ltr'><strong>aarum</strong></span> <span class='ocrx_word' id='word_1_414' title='bbox 1632 5142 1698 5194; x_wconf 83' lang='lat' dir='ltr'><strong>essa,</strong></span> <span class='ocrx_word' id='word_1_415' title='bbox 1725 5131 1756 5178; x_wconf 83' lang='lat' dir='ltr'><strong>at</strong></span> <span class='ocrx_word' id='word_1_416' title='bbox 1773 5124 1830 5177; x_wconf 80' lang='lat' dir='ltr'><strong>iwri</strong></span> <span class='ocrx_word' id='word_1_417' title='bbox 1847 5128 1934 5178; x_wconf 79' lang='lat' dir='ltr'><strong>create</strong></span> 
     </span>
     <span class='ocr_line' id='line_1_41' title="bbox 286 5211 1932 5286; baseline -0.004 -16"><span class='ocrx_word' id='word_1_418' title='bbox 286 5215 424 5271; x_wconf 56' lang='lat' dir='ltr'><strong>martie</strong></span> <span class='ocrx_word' id='word_1_419' title='bbox 440 5222 538 5277; x_wconf 67' lang='lat' dir='ltr'><strong>metir</strong></span> <span class='ocrx_word' id='word_1_420' title='bbox 557 5217 594 5283; x_wconf 57' lang='grc' dir='ltr'><strong>οἶ.</strong></span> <span class='ocrx_word' id='word_1_421' title='bbox 608 5234 638 5286; x_wconf 77' lang='lat' dir='ltr'><strong>p.</strong></span> <span class='ocrx_word' id='word_1_422' title='bbox 653 5225 693 5284; x_wconf 79' lang='lat'><strong>26,</strong></span> <span class='ocrx_word' id='word_1_423' title='bbox 714 5223 770 5271; x_wconf 80' lang='lat' dir='ltr'><strong>aot.</strong></span> <span class='ocrx_word' id='word_1_424' title='bbox 784 5225 805 5272; x_wconf 83' lang='lat'><strong>7.</strong></span> <span class='ocrx_word' id='word_1_425' title='bbox 875 5217 903 5285; x_wconf 79' lang='lat'><strong>2)</strong></span> <span class='ocrx_word' id='word_1_426' title='bbox 927 5216 1046 5284; x_wconf 66' lang='lat' dir='ltr'><strong>hepatia</strong></span> <span class='ocrx_word' id='word_1_427' title='bbox 1063 5215 1221 5269; x_wconf 73' lang='lat' dir='ltr'><strong>aeaeritata</strong></span> <span class='ocrx_word' id='word_1_428' title='bbox 1243 5214 1326 5267; x_wconf 84' lang='lat' dir='ltr'><strong>haias</strong></span> <span class='ocrx_word' id='word_1_429' title='bbox 1347 5214 1470 5282; x_wconf 65' lang='lat' dir='ltr'><strong>cautelae</strong></span> <span class='ocrx_word' id='word_1_430' title='bbox 1488 5214 1541 5267; x_wconf 87' lang='lat' dir='ltr'><strong>Ial.</strong></span> <span class='ocrx_word' id='word_1_431' title='bbox 1553 5220 1587 5268; x_wconf 78' lang='lat'><strong>25</strong></span> <span class='ocrx_word' id='word_1_432' title='bbox 1611 5212 1657 5266; x_wconf 76' lang='lat' dir='ltr'><strong>aas</strong></span> <span class='ocrx_word' id='word_1_433' title='bbox 1674 5211 1810 5280; x_wconf 71' lang='lat' dir='ltr'><strong>praeeras</strong></span> <span class='ocrx_word' id='word_1_434' title='bbox 1832 5225 1932 5264; x_wconf 66' lang='lat' dir='ltr'><strong>waere</strong></span> 
     </span>
     <span class='ocr_line' id='line_1_42' title="bbox 287 5296 1932 5373; baseline -0.005 -15"><span class='ocrx_word' id='word_1_435' title='bbox 287 5303 426 5358; x_wconf 60' lang='lat' dir='ltr'><strong>mames</strong></span> <span class='ocrx_word' id='word_1_436' title='bbox 446 5309 471 5357; x_wconf 82' lang='lat' dir='ltr'><strong>at</strong></span> <span class='ocrx_word' id='word_1_437' title='bbox 491 5319 631 5372; x_wconf 69' lang='lat' dir='ltr'><strong>maranes</strong></span> <span class='ocrx_word' id='word_1_438' title='bbox 652 5304 756 5358; x_wconf 63' lang='lat' dir='ltr'><strong>aava:</strong></span> <span class='ocrx_word' id='word_1_439' title='bbox 777 5304 1000 5373; x_wconf 72' lang='lat' dir='ltr'><strong>Salahaperaaa</strong></span> <span class='ocrx_word' id='word_1_440' title='bbox 1023 5309 1047 5358; x_wconf 81' lang='lat' dir='ltr'><strong>et</strong></span> <span class='ocrx_word' id='word_1_441' title='bbox 1065 5303 1232 5357; x_wconf 77' lang='lat' dir='ltr'><strong>Bramcaaam</strong></span> <span class='ocrx_word' id='word_1_442' title='bbox 1254 5301 1474 5369; x_wconf 75' lang='lat' dir='ltr'><strong>archiepiscopos,</strong></span> <span class='ocrx_word' id='word_1_443' title='bbox 1501 5299 1700 5364; x_wconf 70' lang='lat' dir='ltr'><strong>Paeoniam,</strong></span> <span class='ocrx_word' id='word_1_444' title='bbox 1725 5296 1932 5365; x_wconf 58' lang='lat' dir='ltr'><strong>massan,</strong></span> 
     </span>
     <span class='ocr_line' id='line_1_43' title="bbox 234 5383 1987 5460; baseline -0.005 -16"><span class='ocrx_word' id='word_1_445' title='bbox 234 5391 253 5430; x_wconf 57' lang='grc' dir='ltr'><strong>*Ἰ</strong></span> <span class='ocrx_word' id='word_1_446' title='bbox 288 5386 511 5459; x_wconf 73' lang='lat' dir='ltr'><strong>BriaiIaJeaaaa,</strong></span> <span class='ocrx_word' id='word_1_447' title='bbox 536 5388 698 5459; x_wconf 57' lang='lat' dir='ltr'><strong>Pramnos</strong></span> <span class='ocrx_word' id='word_1_448' title='bbox 722 5391 863 5460; x_wconf 77' lang='lat' dir='ltr'><strong>episcopos,</strong></span> <span class='ocrx_word' id='word_1_449' title='bbox 894 5397 925 5445; x_wconf 84' lang='lat' dir='ltr'><strong>at</strong></span> <span class='ocrx_word' id='word_1_450' title='bbox 948 5390 1025 5457; x_wconf 72' lang='lat' dir='ltr'><strong>iufra</strong></span> <span class='ocrx_word' id='word_1_451' title='bbox 1051 5405 1174 5457; x_wconf 76' lang='lat' dir='ltr'><strong>maruan,</strong></span> <span class='ocrx_word' id='word_1_452' title='bbox 1207 5387 1406 5454; x_wconf 78' lang='lat' dir='ltr'><strong>Traiaetensaa,</strong></span> <span class='ocrx_word' id='word_1_453' title='bbox 1441 5386 1670 5452; x_wconf 82' lang='lat' dir='ltr'><strong>Wormatieascm,</strong></span> <span class='ocrx_word' id='word_1_454' title='bbox 1699 5383 1932 5449; x_wconf 64' lang='lat' dir='ltr'><strong>memsam,</strong></span> <span class='ocrx_word' id='word_1_455' title='bbox 1979 5418 1987 5427; x_wconf 91' lang='lat'><em>-</em></span> 
     </span>
     <span class='ocr_line' id='line_1_44' title="bbox 289 5469 1933 5545; baseline -0.005 -14"><span class='ocrx_word' id='word_1_456' title='bbox 289 5473 481 5543; x_wconf 58' lang='lat' dir='ltr'><strong>meam,</strong></span> <span class='ocrx_word' id='word_1_457' title='bbox 500 5474 739 5545; x_wconf 75' lang='lat' dir='ltr'><strong>Pudebaraeasan,</strong></span> <span class='ocrx_word' id='word_1_458' title='bbox 757 5477 994 5532; x_wconf 72' lang='lat' dir='ltr'><strong>Hildcslrcmemaa</strong></span> <span class='ocrx_word' id='word_1_459' title='bbox 1010 5477 1150 5545; x_wconf 76' lang='lat' dir='ltr'><strong>episcopm,</strong></span> <span class='ocrx_word' id='word_1_460' title='bbox 1172 5475 1265 5530; x_wconf 80' lang='lat' dir='ltr'><strong>Sancti</strong></span> <span class='ocrx_word' id='word_1_461' title='bbox 1283 5474 1366 5542; x_wconf 79' lang='lat' dir='ltr'><strong>Galli,</strong></span> <span class='ocrx_word' id='word_1_462' title='bbox 1384 5474 1587 5539; x_wconf 80' lang='lat' dir='ltr'><strong>Elewaeaasaa,</strong></span> <span class='ocrx_word' id='word_1_463' title='bbox 1604 5471 1773 5540; x_wconf 74' lang='lat' dir='ltr'><strong>Auaieassm,</strong></span> <span class='ocrx_word' id='word_1_464' title='bbox 1793 5469 1933 5539; x_wconf 69' lang='lat' dir='ltr'><strong>Ceruario</strong></span> 
     </span>
     <span class='ocr_line' id='line_1_45' title="bbox 288 5556 1933 5633; baseline -0.004 -15"><span class='ocrx_word' id='word_1_465' title='bbox 288 5574 393 5633; x_wconf 68' lang='lat' dir='ltr'><strong>uuna,</strong></span> <span class='ocrx_word' id='word_1_466' title='bbox 410 5561 656 5632; x_wconf 64' lang='lat' dir='ltr'><strong>W&#39;mburatma</strong></span> <span class='ocrx_word' id='word_1_467' title='bbox 666 5562 780 5633; x_wconf 63' lang='lat' dir='ltr'><strong>aalma,</strong></span> <span class='ocrx_word' id='word_1_468' title='bbox 797 5568 830 5618; x_wconf 84' lang='lat' dir='ltr'><strong>at</strong></span> <span class='ocrx_word' id='word_1_469' title='bbox 847 5563 924 5631; x_wconf 74' lang='lat' dir='ltr'><strong>infra</strong></span> <span class='ocrx_word' id='word_1_470' title='bbox 940 5563 1034 5632; x_wconf 58' lang='lat' dir='ltr'><strong>afflati</strong></span> <span class='ocrx_word' id='word_1_471' title='bbox 1045 5561 1100 5616; x_wconf 80' lang='lat' dir='ltr'><strong>dics</strong></span> <span class='ocrx_word' id='word_1_472' title='bbox 1111 5578 1199 5616; x_wconf 86' lang='lat' dir='ltr'><strong>eoram</strong></span> <span class='ocrx_word' id='word_1_473' title='bbox 1206 5577 1282 5629; x_wconf 78' lang='lat' dir='ltr'><strong>papa</strong></span> <span class='ocrx_word' id='word_1_474' title='bbox 1293 5565 1487 5629; x_wconf 55' lang='lat' dir='ltr'><strong>comparem</strong></span> <span class='ocrx_word' id='word_1_475' title='bbox 1504 5559 1604 5628; x_wconf 65' lang='lat' dir='ltr'><strong>Halia,</strong></span> <span class='ocrx_word' id='word_1_476' title='bbox 1623 5557 1683 5613; x_wconf 80' lang='lat' dir='ltr'><strong>Alb.</strong></span> <span class='ocrx_word' id='word_1_477' title='bbox 1694 5573 1717 5611; x_wconf 86' lang='lat' dir='ltr'><strong>e.</strong></span> <span class='ocrx_word' id='word_1_478' title='bbox 1730 5556 1833 5611; x_wconf 69' lang='lat' dir='ltr'><strong>Beiram</strong></span> <span class='ocrx_word' id='word_1_479' title='bbox 1839 5573 1869 5625; x_wconf 78' lang='lat' dir='ltr'><strong>p.</strong></span> <span class='ocrx_word' id='word_1_480' title='bbox 1880 5563 1933 5612; x_wconf 76' lang='lat' dir='ltr'><strong>m.</strong></span> 
     </span>
     <span class='ocr_line' id='line_1_46' title="bbox 290 5642 1833 5719; baseline 0.005 -17"><span class='ocrx_word' id='word_1_481' title='bbox 290 5642 586 5719; x_wconf 62' lang='lat' dir='ltr'><strong>amaneum.</strong></span> <span class='ocrx_word' id='word_1_482' title='bbox 1828 5698 1833 5710; x_wconf 92' lang='lat'><strong><em>.</em></strong></span> 
     </span>
     <span class='ocr_line' id='line_1_47' title="bbox 382 5737 1729 5801; baseline -0.006 0"><span class='ocrx_word' id='word_1_483' title='bbox 382 5738 579 5801; x_wconf 58' lang='lat' dir='ltr'><strong>wall.</strong></span> <span class='ocrx_word' id='word_1_484' title='bbox 1692 5737 1729 5793; x_wconf 78' lang='lat'><strong>20</strong></span> 
     </span>
    </p>
   </div>
   <div class='ocr_carea' id='block_1_14' title="bbox 0 0 2177 6228">
    <p class='ocr_par' dir='ltr' id='par_1_18' title="bbox 0 0 2177 6228">
     <span class='ocr_line' id='line_1_48' title="bbox 0 0 2177 6228; baseline 0 0"><span class='ocrx_word' id='word_1_485' title='bbox 0 0 2177 6228; x_wconf 95' lang='lat' dir='ltr'><strong> </strong></span> 
     </span>
    </p>
   </div>
  </div>
 </body>
</html>
