4328 6232
825 369 1025 431 trr1s'r0usu
1042 376 1232 435 SELEC'I’AE.
1273 371 1349 434 1945.

455 556 675 650 Magistro
703 556 756 629 de
784 557 827 631 la
856 555 1000 632 Curre
1028 560 1453 653 archipresbytero
1479 561 1714 639 Paduaao,

366 706 613 793 Campatientes
641 709 803 794 angustiis
832 716 866 773 et
895 711 1074 795 pressuris,
1107 733 1189 797 quas
1219 712 1327 778 dilecti
1352 712 1408 777 filii
1432 714 1521 778 cives
1544 713 1708 780 Tarvisiui
1731 736 1751 779 a
1774 718 1913 782 circurn-

262 812 422 879 stantibus
448 812 598 878 hostibus
625 814 803 900 patiuntur,
833 813 1076 878 venerabilibus
1098 815 1255 880 fratribus
1278 818 1398 881 uostris
1422 869 1456 884 ..
1479 817 1663 904 patriarche
1686 819 1914 905 Aquilegensi,

263 969 291 982 ..
315 918 474 1004 episcopo
497 916 660 982 Feltrensi
691 925 724 982 et
746 917 949 982 Belunensi⁸
978 939 1106 983 necnon
1137 929 1171 984 et
1199 921 1301 985 nobili
1329 923 1398 986 viro
1423 973 1456 989 ..
1478 922 1553 988 duci
1583 930 1618 988 et
1640 924 1777 989 consilio
1801 923 1913 988 Vene-

261 1030 363 1085 torum
394 1041 510 1106 preces
541 1021 746 1106 porreximus
774 1028 808 1086 et
841 1021 1009 1102 mandata,
1045 1029 1082 1087 ut
1111 1023 1210 1089 iidem
1243 1025 1429 1111 patriarcha
1458 1034 1492 1089 et
1523 1027 1696 1112 episeopus
1728 1026 1770 1091 ab
1801 1046 1914 1091 eorum

261 1123 416 1188 nolestiis
444 1123 644 1189 desistentes
657 1124 678 1204 ¹,
708 1123 792 1209 ipsib
819 1145 858 1188 ac
887 1125 1024 1211 predicti
1040 1125 1161 1193 Veneti
1191 1128 1295 1193 eisin
1319 1129 1572 1194 necessitatibus
1597 1131 1680 1211 suis,
1712 1137 1745 1195 et
1771 1130 1914 1194 maxime

260 1230 288 1293 in
313 1227 510 1293 victualibus
533 1234 567 1294 et
589 1229 739 1314 pecunia,
769 1227 922 1293 studeant
945 1229 1130 1308 subvenire,
1161 1253 1198 1295 ac
1222 1233 1305 1297 alias
1328 1233 1407 1318 ipsis
1431 1253 1466 1297 se
1489 1233 1686 1298 favorabiles
1709 1233 1881 1299 exibentes
1891 1243 1914 1310 ⁶,

260 1334 448 1418 permittant
477 1332 557 1398 eos‘¹
586 1332 718 1397 aliunde
748 1333 901 1397 victualia
933 1355 992 1420 per
1024 1335 1192 1399 districtus
1225 1357 1301 1401 suos
1325 1337 1366 1402 ad
1391 1338 1557 1403 civitatem
1581 1337 1785 1403 Terrisinam
1810 1336 1914 1402 libere

262 1442 437 1522 asportare.
482 1435 627 1522 Ideoque
660 1437 848 1501 discretioni
877 1444 932 1502 tue
962 1439 1170 1517 mandamus,
1202 1442 1355 1526 quatinus
1386 1442 1606 1528 personaliter
1635 1441 1677 1506 ad
1706 1449 1816 1527 partes
1840 1441 1914 1504 illas

215 1570 225 1599 ι»
263 1539 420 1604 accedens
444 1540 588 1627 prefatos
611 1541 830 1627 patriarcham
854 1551 888 1606 et
911 1543 1101 1630 episcopum
1124 1544 1318 1610 etVenetos
1343 1545 1383 1609 ad
1408 1548 1565 1633 premissa
1584 1546 1763 1610 efficaciter
1778 1566 1914 1609 moneas
1998 1594 2008 1616 .

264 1649 292 1708 et
319 1644 472 1726 inducas,
502 1645 591 1732 ipsos
621 1645 663 1708 ad
692 1645 770 1725 heo,
804 1646 832 1709 si
860 1645 1018 1733 expedire
1048 1647 1182 1721 videris,
1215 1649 1419 1714 districtione
1449 1671 1513 1736 qua
1543 1651 1697 1714 convenit
1720 1649 1915 1713 auctoritate

264 1758 371 1813 nostra
393 1748 523 1814 sublato
547 1749 777 1836 appellationis
802 1749 972 1815 obstaculo
997 1752 1234 1837 compellendo.

372 1870 449 1937 Dat.
472 1869 635 1956 Lugduni,
651 1870 716 1935 VII
739 1869 787 1937 Id.
811 1871 941 1936 Ianuar.
965 1893 1049 1936 auno
1073 1873 1226 1940 secundo.

1060 2504 1121 2578 82.

362 2612 581 2708 Iaaoossrtias
595 2640 653 2708 IV
666 2663 755 2724 popa
775 2641 962 2729 [corrado]
982 2643 1211 2729 archiepiscopo
1237 2643 1416 2710 Coloniensi
1438 2641 1577 2721 moarht,
1600 2649 1636 2708 at
1656 2643 1918 2731 [Enpelbcrtum]

216 2756 223 2787 '¹
261 2750 431 2833 episcopum
456 2746 738 2829 Ossoburpcascra,
768 2747 824 2827 qui
847 2747 983 2812 intercisis
1005 2748 1148 2812 ecclcsiae
1169 2747 1356 2825 addace-cns,
1382 2748 1416 2810 ia
1439 2748 1501 2812 loco
1523 2747 1567 2811 od
1588 2749 1640 2811 icas
1661 2748 1803 2812 ecclesiae
1828 2746 1917 2814 Colo

261 2853 378 2917 amens
401 2851 578 2933 pertinente
610 2853 748 2913 emtam
774 2849 818 2913 od
847 2870 924 2932 opus
955 2850 1170 2936 Ih[codrrici]
1198 2852 1320 2933 arpotis
1348 2851 1413 2928 sui,
1449 2851 1519 2914 noti
1545 2851 1706 2914 Fridcrici
1733 2852 1853 2915 corrsitis
1880 2850 1917 2914 dc

261 2956 411 3038 Ismshcrp
439 2951 648 3033 iratersccimis
669 2953 852 3036 Eapclbcrti
882 2955 1106 3038 orclricpismpi
1131 2955 1339 3032 Coloniensis,
1371 2958 1548 3019 construere
1576 2975 1641 3018 sion
1669 2954 1843 3038 expaverit,
1875 2953 1919 3017 acl

261 3060 358 3123 ariam
380 3057 581 3142 apostolicam
603 3056 717 3121 mittat.
1592 3059 1684 3136 1245,
1708 3058 1782 3122 Ion.
1799 3062 1830 3128 8.

362 3178 425 3231 Isis.
439 3176 486 3230 IV
503 3176 569 3246 Περ.
585 3176 639 3230 Vol.
655 3176 676 3242 l,
692 3183 747 3238 rath
767 3176 827 3230 lsib.
842 3176 931 3241 [1,95.

362 3264 466 3332 Bsrper
476 3269 534 3317 845.

707 3391 1143 3484 ..archiepiscopo
1176 3391 1466 3466 Coloniensi.

365 3542 438 3609 Tua
469 3542 564 3607 nobis
592 3541 781 3605 fraternitas
808 3539 984 3613 intimavit,
1019 3539 1105 3624 quod
1129 3588 1163 3605 ..
1188 3538 1454 3624 osnaburgensis
1485 3540 1659 3626 episcopus
1690 3541 1918 3625 suffraganeus

259 3656 331 3713 tuus
359 3655 506 3731 tergum,
538 3666 602 3710 uon
634 3644 770 3722 faciem,
802 3643 952 3708 Romane
980 3652 1112 3707 vertens
1144 3643 1302 3717 ecclesie,
1334 3644 1490 3709 bonorum
1524 3645 1693 3708 immemor
1723 3665 1786 3730 que
1810 3644 1852 3708 ab
1876 3663 2071 3716 carnonam

260 3759 373 3815 contra
405 3749 594 3835 opinionem
626 3749 769 3812 omnium
801 3745 978 3811 dinoscitur
1002 3746 1200 3833 recepisse²,
1231 3767 1470 3832 assumensque
1493 3746 1535 3813 ab
1559 3747 1636 3811 olim
1662 3747 1850 3813 rebellionis
1873 3770 1916 3813 ex

209 3871 217 3903 ¹·
260 3874 299 3919 eo
330 3873 468 3930 cornua,
505 3849 590 3937 quod
620 3856 656 3915 tu
688 3856 766 3914 tunc
796 3849 828 3913 in
859 3850 997 3913 vinculis
1029 3849 1196 3915 tenebaris
1207 3849 1230 3929 ³,
1262 3849 1449 3915 adherendo
1482 3858 1559 3915 tunc
1591 3852 1746 3936 temporis
1779 3851 1916 3915 inimicis

260 3956 405 4022 eiusdem
437 3955 591 4034 ecclesie,
629 3953 746 4039 quibus
775 3952 881 4018 adhuc
910 3954 1019 4018 favere
1053 3975 1117 4018 non
1149 3953 1284 4033 desinit,
1322 3955 1408 4018 bona
1437 3952 1643 4020 Coloniensis
1676 3955 1834 4032 ecclesie,
1864 3954 1916 4019 oui

259 4069 424 4145 tamquam
447 4058 542 4123 matri
565 4078 624 4123 sue
647 4057 822 4122 tenebatur
843 4056 961 4122 adesse
984 4057 1139 4136 subsidio,
1163 4057 1286 4144 rapinis
1311 4064 1344 4123 et
1367 4057 1526 4123 incendiis
1550 4058 1745 4133 devastarit,
1768 4079 1829 4124 nec
1853 4058 1916 4122 hiis

259 4170 431 4229 contentus
455 4161 513 4226 sed
536 4161 684 4249 aspirans
708 4161 749 4224 ad
772 4161 842 4225 eius
866 4161 971 4225 latera
994 4183 1085 4227 more
1103 4163 1238 4248 vipereo
1262 4161 1449 4240 laceranda,
1474 4163 1638 4227 iuventte
1660 4163 1772 4248 ipsius.
1797 4163 1829 4226 in
1846 4163 1916 4225 loco

260 4267 299 4332 ad
326 4269 377 4332 ius
407 4273 441 4331 et
466 4264 702 4352 proprietatem
726 4263 874 4331 eiusdem
899 4263 1105 4331 Coloniensis
1129 4266 1268 4331 eoeleste
1292 4267 1494 4352 pertinente,
1524 4265 1685 4350 quoddam
1710 4272 1852 4330 castrum
1876 4263 1915 4328 ad

259 4392 338 4459 opus
362 4369 423 4435 Th.
447 4369 578 4457 nepotis
607 4369 673 4449 sui,
704 4369 771 4433 nati
794 4367 959 4433 Proderici
992 4369 1120 4434 comitis
1147 4369 1188 4434 de
1213 4369 1387 4454 Isemburg
1410 4368 1629 4433 interfectoris
1653 4369 1737 4434 bone
1761 4368 1915 4434 memorie

259 4473 473 4561 Ilnghelberti
497 4472 741 4561 predecessoris
766 4471 813 4537 tui
836 4470 1042 4537 Coloniensis
1066 4472 1317 4559 archiepiscopi,
1348 4480 1538 4538 construere
1562 4473 1735 4558 ipsumque
1760 4473 1915 4537 adversus

258 4577 396 4644 eandem
419 4577 596 4642 ecelesiam
620 4576 744 4642 munire
768 4576 809 4640 de
834 4575 928 4640 bonis
953 4575 1187 4641 ecelesiasticis
1210 4598 1274 4641 uon
1299 4577 1435 4663 expavit
1446 4577 1468 4641 ⁴.
1509 4575 1596 4650 Quia
1612 4596 1689 4641 vero
1706 4575 1786 4640 talia
1803 4578 1914 4640 couni-

258 4681 408 4747 veutibus
431 4681 537 4746 oculis
559 4680 759 4766 pertransire
782 4700 843 4744 nee
867 4679 1017 4744 volumus
1040 4698 1101 4743 uec
1124 4678 1293 4759 debemus,
1324 4701 1375 4759 ne,
1405 4680 1431 4743 si
1455 4679 1561 4744 dictus
1583 4680 1760 4767 episcopus
1783 4680 1916 4766 impuno

260 4784 360 4851 ferret
382 4806 540 4851 excessus
564 4783 762 4862 huiusmodi,
786 4790 820 4847 et
843 4783 913 4869 ipse
936 4783 1134 4868 gloriaretur
1149 4783 1268 4849 exinde
1285 4804 1323 4848 ac
1340 4784 1413 4848 aliis
1430 4783 1538 4848 aditus
1555 4782 1779 4849 committendi
1798 4784 1916 4848 similia

195 4902 215 4938 ³³
261 4889 463 4976 preberetur,
487 4889 690 4964 mandamus,
714 4888 867 4975 quatinus
889 4889 994 4973 ipsum
1017 4888 1059 4951 ob
1082 4889 1245 4975 premissa
1267 4887 1308 4953 ad
1331 4890 1531 4974 presentiam
1555 4895 1701 4954 nostram
1724 4889 1835 4953 mittas
1856 4908 1915 4975 pro

261 4993 385 5058 meritis
408 5000 628 5081 recepturum.

366 5114 444 5180 Dat.
466 5114 631 5200 Lugduni,
647 5112 697 5180 VI
720 5114 798 5180 Idus
821 5113 977 5195 Ianuarii,
1001 5134 1086 5179 anno
1110 5113 1265 5179 secundo.

361 5374 386 5439 ⁸)
405 5385 431 5427 et
449 5413 476 5426 ..
495 5374 634 5426 Beluuensi
649 5375 695 5438 lr.,·
718 5375 860 5429 Feltrsasis
881 5385 904 5429 st
927 5375 1091 5428 Britonensis
1115 5358 1187 5426 sedes
1211 5376 1243 5425 ab
1262 5392 1287 5425 s.
1303 5379 1362 5426 1197
1380 5375 1468 5426 irritae
1492 5381 1574 5425 erant
1680 5371 1705 5438 ¹³)
1725 5374 1825 5440 ipsique
1839 5372 1869 5424 Ρ,
1883 5372 1914 5425 B.

263 5460 285 5524 ε)
302 5463 442 5515 existentes
453 5462 486 5514 B.
575 5460 602 5528 a)
615 5461 661 5527 P.,·
678 5463 716 5515 eis
728 5462 760 5514 B.

191 5602 216 5639 ⁴⁰
367 5598 391 5664 1)
405 5596 446 5664 (l-
457 5598 551 5653 issa
564 5604 636 5666 tm,
654 5597 721 5653 Nos.
736 5606 756 5666 7,
774 5615 802 5652 a.
816 5604 855 5654 tto.
906 5600 935 5667 2)
948 5600 985 5654 Δ.
999 5604 1061 5653 1226
1076 5595 1165 5651 assde
1182 5613 1233 5650 sara
1253 5601 1367 5663 mess,
1386 5612 1412 5649 a.
1426 5601 1489 5650 1289
1498 5595 1639 5649 ruamus
1649 5599 1714 5650 erat.
1767 5595 1796 5663 3)
1809 5596 1835 5648 Α
1851 5594 1916 5649 Wil-

264 5682 347 5737 terso
358 5684 378 5737 I
382 5683 405 5735 l'
420 5684 512 5738 sends
528 5684 676 5739 Iuliooeasv'
692 5702 717 5738 a
731 5692 804 5754 1242,
822 5685 1005 5740 Palm—Nor.
1020 5691 1051 5753 2,·
1069 5683 1222 5751 carmem,
1241 5681 1359 5737 Koarod
1376 5699 1398 5735 r.
1410 5681 1550 5735 Hassis·
1563 5699 1593 5750 p.
1608 5690 1645 5736 n.
1707 5680 1735 5748 4)
1750 5680 1821 5737 iord.
1836 5699 1865 5750 p.
1880 5690 1915 5737 76.

1672 5776 1710 5830 80
