4328 6232
196 343 261 407 412
755 333 802 392 ux
820 331 1039 391 innocnurn
1056 330 1095 390 iv
1113 329 1295 391 nsulsuso

200 514 424 582 Wonnatiensi
438 513 476 577 de
490 511 646 577 Riemrdo
660 510 845 592 providerit,
868 510 1042 591 capitulum
1057 512 1160 574 antem
1179 509 1355 576 &uadum
1364 507 1625 597 [Eberhardnm]
1635 509 1863 595 praepositum

198 636 290 681 sunm
312 618 347 681 in
370 617 546 700 episcopum
567 615 700 697 elegerit,
717 617 829 694 portes
850 614 894 678 od
915 614 1015 678 sedem
1038 614 1240 698 apostoticam
1262 613 1341 679 citet.
1517 617 1611 694 1248,
1633 617 1719 698 Any.
1738 620 1770 681 4.

302 737 368 791 Inn.
381 738 402 790 Ι
406 735 432 790 V
443 735 507 804 ileo.
521 735 581 789 Inb.
598 734 645 802 VI,
657 733 678 800 f.
688 742 728 800 11,
741 749 770 788 n.
780 740 837 786 249.
867 733 1017 800 Exemplar
1027 732 1148 800 Balneii,
1168 731 1245 785 Min.
1258 737 1275 786 t.
1291 731 1355 794 VII.
1369 747 1397 800 p.
1411 739 1463 788 437
1477 734 1640 787 nutatim
1655 750 1717 788 m
1730 734 1860 803 Repetit.

301 822 433 891 Pontou,
454 822 517 890 neq.
530 827 630 888 12994,·
648 821 835 887 senneser.

555 1072 598 1091 ..
626 1015 781 1091 abbati
810 1015 962 1089 Sancti
988 1014 1166 1089 Martini
1192 1014 1501 1090 Treverensis
1921 1055 1935 1093 s

308 1167 361 1231 Ex
383 1174 475 1255 parte
498 1167 610 1233 dilecti
633 1167 692 1230 filii
715 1165 754 1231 R.
779 1166 875 1231 electi
891 1165 1149 1230 Warmaciensis
1172 1166 1235 1230 iuit
1257 1165 1351 1231 nobis
1375 1166 1542 1232 humiliter
1564 1168 1800 1255 supplicatum,
1824 1174 1862 1232 ut

200 1294 273 1336 curn
304 1272 442 1336 dilectus
472 1272 558 1335 iilius
588 1278 700 1335 noster
729 1270 765 1335 P.
790 1271 903 1336 Sancti
928 1269 1062 1354 Georgii
1091 1268 1132 1333 ad
1153 1267 1273 1333 Velum
1302 1269 1449 1335 Aureum
1481 1272 1638 1336 diaconus
1669 1271 1860 1350 cardinalis,

200 1376 380 1462 apostolice
405 1374 491 1439 sedis
513 1375 655 1460 legatus,
678 1375 848 1456 electione,
872 1395 969 1459 quam
985 1374 1163 1459 capitulum
1178 1372 1429 1441 Warmacieuse
1446 1374 1487 1440 de
1504 1375 1671 1455 Corrodo¹
1687 1377 1859 1463 preposito

200 1479 461 1544 Warmaciensis
486 1480 627 1544 ecclesie
650 1479 691 1544 de
714 1479 800 1543 iacto
824 1479 1084 1557 celebraverant,
1112 1477 1174 1542 rite
1198 1484 1338 1558 cassata,
1369 1477 1410 1543 de
1433 1479 1582 1565 predicto
1604 1480 1768 1546 Riocardo
1793 1479 1857 1566 ipsi

201 1583 339 1648 ecclesie
363 1583 495 1647 duxerit
517 1584 550 1647 in
574 1583 763 1669 episcopum
779 1581 1027 1668 providendum,
1051 1581 1269 1666 provisionem
1286 1581 1424 1646 eandem
1441 1584 1632 1649 confirmare
1649 1582 1688 1647 de
1704 1583 1856 1668 benigni·
1910 1609 1934 1645 ιο

205 1693 273 1751 tate
297 1687 384 1752 sedis
407 1688 589 1773 apostolice
614 1707 812 1751 curaremus.
858 1683 953 1749 Licet
976 1690 1086 1749 autem
1110 1684 1323 1750 vehementer
1345 1707 1573 1772 presumamus
1596 1708 1654 1773 pro
1680 1686 1764 1766 hiis,
1795 1707 1858 1772 que

201 1791 353 1875 alegate
378 1799 451 1855 acta
474 1790 606 1855 suntin
629 1789 690 1853 bac
714 1795 818 1875 parte,
842 1789 972 1875 plenius
994 1794 1104 1852 tamen
1128 1787 1169 1852 de
1193 1789 1373 1874 premissis,
1404 1809 1445 1853 an
1469 1791 1625 1855 canonice
1647 1790 1757 1854 omnia
1782 1811 1857 1875 pro-

202 1895 378 1974 cesserint,
409 1894 583 1959 certificari
607 1892 769 1973 volentes,
799 1891 1006 1973 mandamus,
1036 1892 1189 1977 quatinus
1212 1892 1376 1978 prefatum
1401 1893 1542 1958 electum
1565 1900 1599 1959 et
1621 1894 1719 1974 alios,
1752 1895 1781 1957 si
1804 1895 1859 1980 qui

201 1997 323 2061 fuerint
346 1998 400 2083 qui
425 2019 461 2062 se
484 1999 662 2083 provisioni
686 1998 771 2061 facte
794 1998 835 2062 de
859 1996 947 2062 dicto
963 1996 1002 2060 n.
1020 1997 1123 2061 velint
1139 2017 1317 2082 opponere,
1341 2003 1493 2084 exparte
1510 2004 1623 2062 nostra
1639 1999 1858 2084 peremptorie

202 2102 303 2166 citare
341 2123 513 2187 procures,
554 2108 591 2165 ut
622 2102 706 2165 infra
740 2108 979 2187 competentem
1014 2103 1187 2166 terminum
1223 2122 1244 2164 a
1273 2108 1328 2166 te·
1360 2101 1586 2187 prefigendum
1622 2101 1748 2166 eisdem
1784 2123 1856 2165 cum
1907 2129 1929 2168 s

201 2205 351 2269 omnibus
375 2204 554 2269 rationibus
578 2210 612 2269 et
634 2206 846 2270 munimentis
871 2205 938 2268 suis
961 2225 1021 2288 per
1044 2225 1079 2268 se
1103 2206 1155 2269 vel
1180 2204 1383 2269 sufficientes
1406 2212 1441 2269 et
1466 2204 1600 2269 idoneos
1628 2213 1858 2290 procuratores

201 2315 313 2372 nostro
338 2329 374 2372 se
398 2307 590 2394 conspectui
613 2313 853 2393 representent,
877 2306 994 2371 facturi
1018 2313 1052 2370 et
1075 2307 1238 2393 recepturi
1260 2307 1347 2392 quod
1370 2308 1495 2371 iustitia
1518 2307 1680 2374 suadebit.

310 2429 388 2495 Dat.
412 2427 577 2514 Lugduni,
600 2427 633 2491 II
657 2428 741 2493 Non.
765 2428 916 2513 Augusti,
938 2448 1023 2491 anuo
1039 2426 1112 2494 VI⁰.

823 2709 1232 2717 ———.—-—-

982 2984 1070 3060 584.

307 3099 526 3192 Innocentius
547 3126 572 3191 Ι
575 3124 604 3189 V
622 3147 712 3210 popu
733 3127 851 3209 Apneti
878 3126 1011 3191 moniali
1038 3125 1175 3191 Sanctae
1204 3124 1399 3192 Petronillne
1422 3125 1584 3205 Senensis,
1614 3129 1718 3192 sorori
1742 3128 1859 3209 fratris

207 3228 366 3314 Grifonis,
387 3229 537 3312 indulget,
564 3234 599 3294 ut
620 3231 650 3294 si
671 3232 727 3313 qui
748 3231 893 3295 usurarii
915 3231 963 3296 vel
984 3231 1045 3296 ulii
1066 3231 1203 3296 civitatis
1225 3231 1274 3294 uel
1294 3230 1423 3296 diocesis
1444 3230 1642 3313 Eugubinoe,
1663 3232 1720 3313 qni
1740 3232 1859 3296 Mune
1903 3252 1963 3293 a

203 3334 280 3398 otiis
311 3334 492 3413 intulerint,
526 3333 710 3420 satisfecere
744 3336 806 3419 apsi
839 3338 946 3415 sponte
979 3335 1148 3412 noluerint,
1181 3333 1219 3398 de
1245 3334 1516 3414 satisfactionibus
1541 3353 1640 3415 usqne
1666 3334 1712 3399 od
1741 3340 1860 3401 centurn

206 3436 307 3501 libras
328 3438 469 3522 recipiet.
1503 3440 1598 3517 1248,
1620 3440 1705 3522 Aren.
1720 3442 1775 3505 21.

308 3556 372 3610 ren.
386 3554 435 3608 11
452 3554 515 3624 na.
534 3556 595 3609 cta
611 3556 658 3623 vr,
675 3555 747 3623 nn,
766 3573 794 3610 u.
808 3563 865 3612 roo.
901 3557 1027 3626 ennon
1044 3573 1101 3610 non
1118 3562 1181 3610 anu
1197 3557 1310 3611 mntem
1327 3572 1440 3611 mmm
1459 3557 1521 3612 run.
1539 3575 1565 3612 a.
1579 3565 1644 3613 nu
1659 3560 1803 3629 merua
1818 3565 1861 3616 ar.

309 3640 438 3709 ronan,
459 3641 522 3709 na.
536 3648 630 3705 rnre·
648 3641 746 3711 nene
764 3649 835 3697 ere.

339 3837 501 3928 Agneti
528 3839 712 3913 moniali
739 3840 999 3915 monasterii
1027 3847 1178 3915 sancte
1205 3842 1456 3916 Petronille
1483 3842 1725 3934 Senensis,

749 3963 897 4036 sorori
923 3963 1079 4037 fratris
1107 3961 1317 4036 Griionis

314 4106 397 4171 Cum
431 4107 490 4172 tibi
524 4109 564 4173 de
600 4111 814 4189 monasterio,
850 4110 882 4173 in
912 4128 975 4193 quo
1006 4108 1115 4194 degis,
1149 4106 1191 4172 ad
1223 4108 1397 4172 ecclesiam
1427 4110 1533 4175 sancti
1563 4110 1684 4197 Angeli
1714 4112 1757 4178 de
1786 4113 1862 4179 (luti

205 4210 380 4297 Eugubine
418 4211 559 4278 diocesis
598 4221 631 4278 te
672 4236 745 4278 cum
785 4213 913 4278 duabus
952 4213 1149 4277 monialibus
1188 4211 1336 4277 eiusdem
1375 4215 1567 4280 monasterii
1601 4219 1861 4283 concesserimus

205 4315 371 4380 licentiam
401 4317 653 4399 transferendib,
686 4325 723 4381 ut
749 4317 872 4382 ibidem
906 4315 966 4379 sub
999 4316 1142 4400 regulari
1175 4316 1384 4381 observantia
1416 4337 1482 4381 una
1516 4340 1590 4383 curn
1623 4319 1689 4384 illis
1719 4319 1861 4386 Domino

204 4419 388 4484 famuleris:
422 4422 486 4485 tuis
514 4421 660 4485 inclinati
683 4422 852 4506 precibus,
885 4421 931 4484 si⁰
954 4420 1009 4504 qui
1033 4419 1073 4484 de
1097 4421 1228 4484 civitate
1252 4441 1290 4485 ao
1313 4419 1436 4485 diocesi
1459 4419 1637 4507 Eugubiua
1658 4426 1801 4489 usurarii
1821 4425 1862 4488 dc

205 4525 313 4588 usuris
337 4545 357 4588 a
379 4525 639 4610 quibuscumque
669 4526 806 4591 extortis
837 4545 876 4588 ac
906 4523 1006 4608 aliqui
1037 4524 1185 4589 ciusdem
1215 4524 1358 4588 civitatis
1386 4531 1420 4589 et
1448 4524 1605 4607 diocesis,
1635 4529 1691 4612 qui
1721 4527 1865 4616 dampna

205 4627 279 4691 aliia
308 4628 486 4692 intulerunt
496 4628 519 4708 ²,
552 4628 594 4693 de
622 4628 772 4715 dampnis
804 4627 990 4693 huiusmodi
1026 4636 1092 4692 tarn
1131 4650 1189 4694 suo
1224 4650 1320 4714 quem
1355 4631 1602 4716 progenitomm
1635 4653 1770 4697 suorum
1805 4654 1864 4699 seu

310 4785 564 4794 ————.——-
582 4789 665 4795 ——
696 4790 794 4795 ——..-
811 4790 1217 4796 ——.-.-—..-——.-.-.
1230 4790 1360 4796 ——-
1377 4790 1381 4795 ·

309 4889 334 4952 ⁸)
352 4889 426 4939 vobis
445 4887 476 4940 12.
509 4888 632 4940 Fortasse
649 4890 677 4940 in
695 4907 735 4957 ep.
753 4889 785 4940 rie
803 4889 852 4939 bac
869 4907 898 4941 re
916 4891 1027 4957 captato
1047 4890 1139 4941 llbenr.
1158 4891 1269 4952 directo,
1292 4907 1359 4954 qnae
1375 4907 1406 4941 et
1423 4891 1471 4942 boe
1487 4892 1576 4943 eodem
1592 4894 1709 4960 mepte
1726 4895 1863 4946 scribendo

200 4974 265 5041 suit,
283 4975 357 5025 vobis
375 4975 553 5041 proiigendum
571 4977 710 5028 abeodem
728 4977 768 5028 uel
785 4977 880 5027 riutilio
895 4977 1019 5042 perterada
1029 4979 1149 5044 ficerunt.
1254 4974 1281 5041 n)
1299 4979 1449 5029 buamundi
1466 4979 1498 5031 R.
1603 4979 1626 5043 e)
1644 4988 1676 5030 ut
1692 4980 1715 5030 ni
1734 4979 1768 5030 R.

310 5109 335 5174 1)
349 5107 454 5161 Nenen
463 5108 535 5173 salso
546 5109 673 5177 comptum
688 5107 797 5163 uiderer.
825 5109 900 5163 Nom
913 5108 1062 5178 Gennadius,
1080 5111 1128 5179 qut
1139 5109 1256 5164 maniis
1267 5112 1447 5180 Mapuntinus
1455 5112 1555 5181 fiand,
1574 5130 1593 5165 a
1599 5131 1678 5182 papo
1688 5115 1862 5182 confinem

205 5193 254 5264 [cs.
273 5210 301 5247 n.
314 5193 379 5264 429]
395 5199 419 5247 et
436 5212 454 5246 a
472 5196 554 5262 lepnto
570 5201 736 5250 wnseenatus
753 5202 818 5264 erut,
836 5196 883 5250 sed
899 5203 1010 5263 111247,
1031 5196 1169 5251 0117121
1184 5203 1220 5251 30
1236 5215 1250 5251 e
1266 5199 1321 5252 rita
1337 5199 1496 5263 deeeaoerm
1514 5200 1589 5253 Anu
1605 5199 1736 5256 Wm.
1753 5218 1779 5255 a
1792 5210 1860 5269 1217,

207 5279 255 5334 SS.
273 5286 290 5336 t.
307 5281 406 5348 XVII,
419 5298 449 5350 p.
463 5288 503 5348 51,
521 5286 544 5333 et
562 5282 644 5349 Zone,
667 5281 801 5336 Worrnser
820 5282 917 5336 Cicron.
934 5283 966 5335 in
983 5283 1055 5337 Btbl.
1073 5282 1098 5336 d.
1118 5283 1185 5337 Litt.
1202 5284 1259 5339 Ver.
1277 5285 1309 5338 in
1327 5285 1473 5355 Stuttqort,
1488 5302 1515 5354 p.
1527 5293 1570 5340 88.
1600 5286 1697 5341 Postea
1713 5302 1774 5342 ono
1788 5289 1859 5358 eupi-
1902 5326 1963 5338 ,-

204 5367 292 5421 tulum
309 5367 500 5421 Wonnotienne
519 5367 713 5422 Ebertardunr
727 5370 908 5437 praepositum
929 5386 1009 5423 sunm
1031 5371 1063 5422 in
1083 5371 1231 5439 qnooopum
1253 5372 1373 5441 degam,
1397 5372 1445 5439 qni
1461 5378 1573 5439 (1.1247,
1592 5371 1658 5427 Dec.
1670 5378 1704 5428 18
1723 5372 1760 5427 ab
1777 5372 1963 5427 nott—-

204 5454 322 5521 episcopo
342 5454 508 5523 ilinpuntino
524 5454 700 5521 confirmatus
716 5461 781 5524 unt,
799 5460 824 5508 et
840 5454 904 5509 nuic
920 5455 1021 5523 mats
1040 5454 1193 5510 Ricardum
1210 5463 1382 5526 opposueram
1403 5460 1479 5512 Anu
1503 5456 1600 5514 nm
1617 5458 1636 5515 l.
1652 5472 1686 5529 e,
1701 5458 1787 5527 Ζαι,
1801 5458 1820 5514 l.
1832 5472 1963 5519 Q

200 5556 231 5606 p.
247 5546 288 5594 89.
376 5539 623 5609 rinocurura,
647 5541 717 5595 uus
739 5541 883 5610 bnpumor
905 5542 1041 5595 muntani
1059 5542 1193 5611 Eanubii,
1216 5543 1338 5610 findunt
1359 5544 1432 5611 suis,
1452 5548 1665 5615 panop*
1682 5542 1787 5599 *ἢ
1805 5542 1963 5609 h

201 5626 330 5695 prounde
348 5631 468 5680 castum
487 5626 568 5680 (uns
587 5627 718 5697 Perputne
734 5627 765 5680 in
779 5632 939 5697 papatuum
955 5635 1138 5695 memnon·
1155 5629 1389 5700 unm-sucta,
1406 5629 1424 5683 l.
1434 5644 1456 5684 c.
1473 5634 1551 5687 3104,
