4328 6232
936 349 982 403 llll
1002 346 1219 402 lNNOCEN'I'll
1237 345 1276 399 iv
1295 343 1477 399 REGISTRO

1168 630 1251 703 194.

483 750 702 842 Innocentius
719 773 743 838 I
747 772 774 836 V
790 793 879 855 popa
900 770 1076 855 [Henrieo]
1097 771 1238 851 episcopo
1256 769 1490 836 Oooistentiensi
1511 768 1555 832 ad
1573 786 1679 848 preces
1698 766 1867 834 Wernlieri
1887 770 1926 834 de
1945 770 2036 834 Bon·

381 880 504 957 lendin,
522 877 698 961 imperialis
712 876 806 939 oniae
818 873 968 959 dapiferi,
984 873 1125 952 mandet,
1141 877 1176 936 nt
1187 872 1329 938 Iolrenni
1343 873 1452 938 elerico
1460 871 1608 953 Spirensi
1622 870 1659 934 dc
1674 870 1820 952 beneficio
1833 872 2039 938 monastico

382 984 565 1064 competenti
587 983 622 1044 in
645 980 771 1044 civitate
792 978 840 1042 vel
861 976 974 1042 diocesi
996 997 1055 1041 sna
1071 976 1247 1058 qnonideet.
1687 976 1781 1053 1246,
1803 973 1881 1042 Iun.
1898 977 1950 1040 15.

484 1103 546 1155 lnn.
557 1100 607 1154 IV
615 1099 678 1168 Ray.
699 1098 859 1164 vnisse
877 1096 938 1150 La.
949 1096 1010 1165 III,
1025 1103 1082 1151 615.
1117 1096 1270 1164 Epinoion
1287 1110 1320 1151 en
1338 1094 1456 1162 nasta
1472 1093 1611 1163 descripsit
1636 1092 1665 1150 V.
1675 1092 1713 1152 Gi.
1725 1096 1761 1150 A.
1774 1096 1854 1152 Man.

487 1189 583 1256 Beryae
601 1193 669 1242 1963.

855 1349 895 1368 ..
923 1293 1139 1386 episcopo
1167 1285 1555 1367 Constantiensi¹.

490 1447 572 1512 Cum
597 1469 640 1512 ox
663 1444 795 1532 pietatis
819 1442 930 1508 debito
954 1443 1155 1528 pauperibus
1172 1441 1314 1527 compati
1330 1448 1512 1536 teneamur,
1536 1442 1578 1507 da
1594 1442 1724 1507 illorum
1740 1445 1926 1532 provisione
1942 1448 2037 1532 quasi

381 1572 422 1615 ex
446 1553 643 1616 necessitate
668 1547 894 1634 compellimur
917 1547 1072 1632 cogitare,
1096 1547 1151 1633 qui
1167 1546 1326 1632 assumpti
1349 1546 1382 1609 in
1399 1551 1522 1611 sortem
1536 1544 1670 1612 Domini
1694 1548 1818 1612 nullum
1840 1556 1918 1613 sunt
1933 1549 2036 1615 bene-

380 1655 489 1718 ficium
505 1654 765 1719 ecclesiasticum
782 1650 933 1727 assecuti,
950 1657 986 1714 ut
1002 1651 1073 1716 eius
1091 1656 1315 1715 sustententur
1330 1649 1511 1735 stipendiis,
1528 1651 1619 1715 ouius
1635 1650 1801 1738 obsequiis
1816 1652 2034 1719 ascribuntur.

380 1758 462 1823 Cum
494 1759 606 1843 igitur.
637 1759 722 1820 sieut
749 1754 887 1818 dilectus
916 1755 1001 1818 iilius
1031 1754 1192 1818 lohannes
1223 1753 1361 1817 clericus
1393 1753 1558 1838 Spirensis
1585 1756 1758 1840 proposuit
1787 1776 1898 1820 eoram
1928 1757 2033 1827 nobis,
2102 1782 2106 1805 ·

382 1863 505 1926 nullum
523 1862 567 1923 sit
584 1859 777 1923 beneficium
794 1857 1056 1922 ecclesiasticum
1073 1863 1256 1935 assecutus,
1275 1857 1353 1921 licet
1366 1857 1399 1919 in
1415 1857 1557 1921 eeclesia
1572 1858 1678 1921 saneti
1694 1856 1853 1924 Gnidonis
1870 1860 2035 1945 Spirensis

380 1972 531 2050 receptus
562 1965 604 2028 sit
631 1965 663 2027 in
689 1963 882 2027 canonicum
912 1967 946 2026 et
974 1962 1008 2025 iu
1031 1962 1180 2039 fratrem,
1212 1981 1289 2041 nos,
1319 1958 1580 2025 consideratione
1608 1960 1720 2026 dilecti
1747 1962 1805 2026 filii
1828 1964 1952 2028 nobilis
1976 1965 2036 2029 viri

381 2067 557 2131 Wernhcri
581 2066 621 2130 de
644 2066 860 2145 Bonlandia²,
889 2066 1067 2152 imperialis
1090 2067 1164 2130 aule
1188 2064 1338 2151 dapiferi,
1360 2084 1420 2150 pro
1443 2064 1515 2150 ipso
1539 2064 1632 2129 nobis
1655 2066 1872 2153 supplicantis
1895 2070 2034 2154 gratiam

381 2171 442 2234 sibi
458 2170 568 2235 faeere
584 2169 803 2248 intendentes,
828 2169 1025 2233 fraternitati
1040 2176 1096 2233 tue
1112 2167 1317 2248 mandamus,
1341 2167 1495 2252 quatinus
1517 2167 1624 2234 eidem
1644 2168 1677 2232 in
1693 2168 1804 2255 aliqua
1819 2172 2033 2236 eeclesiarum

380 2274 520 2338 civitatis
545 2273 599 2337 vel
622 2273 762 2337 diocesis
786 2279 841 2338 tue
864 2273 1060 2338 auctoritate
1090 2280 1202 2336 nostra
1230 2272 1404 2358 provideas
1429 2271 1481 2335 vel
1505 2272 1669 2356 provideri
1691 2271 1795 2339 iacias
1817 2275 1851 2340 in
1874 2276 2034 2341 beneficio

378 2376 607 2440 eeclesiastico
631 2378 847 2461 competenti,
882 2377 908 2440 si
940 2375 1026 2461 quod
1055 2375 1178 2441 ibidem
1201 2383 1297 2440 vacat
1325 2374 1506 2461 adpresens
1530 2377 1582 2440 vel
1610 2379 1848 2464 quamprimum
1877 2380 2035 2445 obtulerit

379 2502 415 2543 se
439 2480 589 2557 facultas,
614 2518 653 2526 —
677 2503 741 2545 non
765 2482 939 2545 obstante·
961 2481 988 2544 si
1012 2482 1043 2544 in
1067 2481 1217 2559 ecelesia,
1242 2481 1274 2544 in
1298 2500 1361 2564 qua
1385 2481 1416 2544 ei
1439 2480 1674 2565 providendum
1696 2482 1831 2547 (lucris
1847 2483 1899 2547 vel
1923 2483 2034 2569 provi·

379 2582 448 2646 deri
480 2583 617 2648 soceris.
654 2585 696 2647 sit
728 2592 837 2648 certus
871 2584 1100 2648 canonicorum
1132 2605 1287 2648 numerus
1317 2585 1500 2647 iuramento
1530 2584 1582 2648 vel
1610 2584 1677 2648 alia
1704 2584 1851 2670 qualibet
1880 2587 2034 2651 firmitate

379 2687 531 2753 vallatus.
556 2708 615 2750 seu
640 2687 666 2749 si
689 2709 748 2772 pro
771 2688 844 2750 aliis
861 2687 982 2752 ibidem
999 2686 1177 2751 direximus
1195 2687 1320 2772 scripta
1335 2692 1457 2761 nostra,
1481 2685 1598 2770 quibus
1615 2690 1811 2753 auctoritate
1831 2692 2033 2774 presentium

378 2789 529 2853 uolumus
553 2789 767 2875 prciudicium
791 2791 941 2874 generari
966 2815 1021 2861 —;
1045 2789 1304 2853 contradictores
1328 2796 1390 2854 ete.
2083 2822 2106 2853 a

489 2906 564 2974 llat.
589 2908 750 2994 Lugduni,
774 2908 875 2972 XVII
898 2907 973 2973 Kal.
997 2909 1085 2989 Iulii,
1109 2929 1195 2973 anno
1219 2909 1328 2973 tertio.

1009 3189 1419 3199 ——-—-——

1168 3449 1251 3521 195.

483 3560 700 3651 Innocentius
716 3584 771 3648 IV
786 3605 876 3667 ana
888 3585 1068 3670 [Arnoldo]
1082 3585 1312 3669 archiepiscopo
1330 3586 1512 3651 Trerermsi
1531 3587 1672 3665 nraadut,
1694 3594 1730 3652 nt
1751 3591 1872 3657 Werico
1886 3599 2037 3659 crissoniro

382 3690 572 3767 Treuerensi,
594 3691 704 3754 clerico
724 3690 836 3770 isesias,
858 3690 895 3751 in
916 3691 1048 3771 neqotiis
1070 3691 1155 3754 sedis
1175 3693 1363 3775 apostoliam
1377 3692 1562 3772 obseqnioso,
1584 3693 1621 3755 in
1641 3694 1769 3758 eaesae
1793 3696 1978 3762 Treverensi
2000 3701 2037 3762 dr

378 3793 639 3856 areliirlinconata
661 3793 708 3857 ael
730 3793 885 3875 dionitate
905 3798 1037 3857 enceinte
1054 3795 1229 3874 qnotideet.
1687 3800 1780 3875 1246,
1803 3799 1880 3863 Ian.
1897 3804 1950 3866 19.

483 3913 546 3966 inst.
560 3913 607 3966 IV
623 3913 686 3982 Rea.
704 3913 799 3980 Voti,
821 3919 885 3979 2943
902 3913 962 3968 La.
976 3915 1035 3981 HI,
1046 3922 1103 3970 601.

482 4000 581 4068 Respa
599 4006 668 4054 itit.

832 4165 870 4180 ..
898 4110 1250 4202 archiepiscopo
1285 4111 1585 4186 Treverensi.

488 4256 572 4332 Quia
594 4257 709 4322 honori
732 4256 894 4321 Altissimi
917 4258 1116 4324 intendimus
1140 4266 1173 4323 et
1196 4267 1387 4344 augmento,
1416 4261 1490 4326 illos
1517 4262 1675 4348 precipue
1696 4267 1849 4351 prosequi
1873 4266 2035 4336 debemus

378 4364 484 4447 gratia
507 4363 654 4448 speciali.
678 4383 737 4448 per
760 4384 843 4447 quos
866 4372 900 4426 et
924 4362 1025 4427 decus
1048 4371 1209 4448 augeatur
1232 4364 1334 4450 ipsius
1357 4371 1390 4427 et
1412 4364 1537 4428 utilitas
1560 4367 1785 4451 procureturl’.
1831 4369 1916 4436 Cum
1937 4374 2036 4458 igitur

379 4465 519 4530 dilectus
542 4467 628 4530 lilius
645 4465 799 4531 Werirus
823 4468 999 4531 canonicus
1016 4467 1241 4532 Treverensis.
1265 4467 1404 4531 clericus
1426 4474 1514 4535 tuus.
1537 4469 1569 4532 in
1585 4468 1764 4555 apostoliae
1785 4471 1874 4536 aedis
1890 4479 2033 4562 negotiis
2085 4505 2109 4541 a·

378 4592 414 4631 so
438 4570 669 4655 obsequiosum
693 4570 880 4635 exhibuerit
904 4579 938 4636 et
962 4570 1130 4639 devotum.
1161 4592 1240 4649 nos,
1271 4570 1480 4636 intendentes
1508 4573 1615 4658 ipsum
1639 4573 1682 4637 ob
1704 4573 1765 4637 hoe
1789 4575 1903 4642 lavore
1926 4584 2035 4664 gratie

380 4675 531 4760 prosequi
557 4674 719 4759 specialis.
745 4674 948 4739 mandamus.
973 4676 1126 4761 quatinus
1150 4673 1257 4738 eidem
1281 4675 1314 4737 in
1337 4676 1478 4739 eeclesia
1493 4675 1688 4742 Treverensi
1711 4677 1743 4740 in
1767 4679 2034 4750 archidiaconatu

380 4776 431 4839 vel
454 4775 623 4860 dignitate,
648 4778 675 4841 si
698 4798 762 4863 que
785 4778 829 4840 ibi
855 4787 948 4840 vacat
971 4777 1011 4842 ad
1035 4799 1171 4864 presens
1194 4777 1247 4843 vol
1267 4780 1506 4865 quamprimum
1528 4778 1569 4843 ad
1590 4778 1623 4843 id
1644 4779 1841 4846 se·iaeultas
1867 4785 2035 4856 obtulerit.

484 5068 509 5125 *l
527 5087 563 5119 en
582 5088 633 5121 non
651 5071 716 5122 abst.
736 5092 769 5114 =
787 5090 840 5122 non
858 5071 1036 5124 iilnstsntibus?
1122 5072 1148 5127 bl
1167 5084 1319 5140 passurutur
1336 5074 1382 5126 a„-
1398 5077 1432 5141 cj.
1447 5093 1475 5141 p.
1497 5081 1548 5138 m,
1566 5085 1618 5126 not.
1636 5077 1663 5128 d.

486 5207 511 5267 1)
532 5204 611 5272 Papia
628 5204 693 5259 baie
711 5206 830 5274 mitraque
847 5207 896 5258 snb
913 5215 1023 5265 111211,
1044 5208 1112 5262 liiii.
1134 5219 1160 5263 11
1178 5209 1220 5278 [n.
1237 5212 1292 5280 119]
1311 5226 1371 5263 crans
1397 5211 1476 5263 rubis
1498 5211 1628 5280 spiritum
1652 5213 1762 5266 consilii
1778 5215 1898 5269 sanioris
1916 5219 2036 5286 ssime.-
2084 5223 2108 5262 ³⁵

381 5291 437 5341 itit.
447 5295 480 5342 tr·
490 5288 640 5359 (quue,
659 5290 723 5344 Cori.
733 5291 797 5359 dipl.
810 5292 994 5351 Alamanniae.
1013 5300 1030 5348 t.
1047 5294 1088 5353 11.
1100 5311 1130 5362 n
1145 5302 1198 5351 181.
1219 5312 1244 5348 n.
1257 5302 1313 5353 ant
1327 5295 1448 5348 emnia
1461 5297 1566 5366 tratti,
1583 5304 1691 5365 112111,
1706 5298 1786 5354 Febr.
1798 5309 1816 5353 6
1826 5301 1941 5371 {Rsycr
1952 5305 2037 5374 titel,

378 5374 428 5428 berc
453 5376 510 5427 ἱυα)
530 5381 553 5428 a
574 5376 636 5430 inn
656 5384 689 5430 tu
711 5378 825 5446 [aava
845 5377 922 5446 19⁴8]
946 5395 1005 5431 enar
1029 5396 1083 5431 min
1107 5381 1360 5434 rmmnnninitunr
1377 5382 1534 5449 murinas,
1560 5383 1607 5437 eal
1622 5402 1648 5438 a.
1666 5391 1736 5452 1216,
1751 5384 1814 5441 ’Μ
1829 5394 1865 5442 25
1889 5389 2037 5459 Pitaium

378 5462 473 5514 electas
488 5460 681 5531 venenosa,
699 5464 859 5533 nimicitias(
869 5464 940 5517 ardis
957 5466 1066 5533 lipsana
1084 5484 1143 5519 euru
1161 5472 1289 5534 ternqirara
1306 5469 1558 5521 emanantium
1576 5475 1603 5522 et
1619 5485 1777 5539 mm
1791 5473 1893 5541 duait,
1909 5479 1944 5529 ist
1959 5476 2036 5543 insta

380 5547 473 5613 mp'nti
484 5547 540 5599 dies
556 5565 645 5602 marra
654 5566 730 5619 propa
741 5544 914 5619 «infirmis
933 5550 1033 5615 Hritlrr.
1055 5552 1141 5605 Anien
1155 5569 1176 5604 r.
1192 5552 1290 5605 Brinta·
1300 5569 1328 5620 μ
1342 5562 1397 5608 111.
1466 5557 1494 5608 ‘il
1514 5554 1656 5609 amunia
1673 5556 1704 5609 in
1715 5556 1878 5613 m
1889 5558 2037 5631 mmm,

377 5646 412 5684 es
428 5647 465 5683 or.
484 5634 581 5686 noma
597 5633 792 5705 Ιλιηκηιὸοῃ,
2081 5660 2108 5703 0
