4790 6340
229 1287 241 1325 5

217 1927 245 1968 10

234 5417 259 5460 bt

850 414 1050 474 uelsnouan
1068 415 1260 472 autuman.
1296 417 1371 472 124⁷.

1074 716 1162 790 411.

394 822 613 919 Innocentiam
629 853 684 918 IV
697 874 789 938 popo
803 853 978 940 [Heorioo]
999 856 1067 937 regi
1092 855 1204 940 Cypri,
1226 856 1350 921 domiuo
1372 859 1463 942 regni
1483 857 1774 946 Hierosolymitooi,
1796 861 1935 940 mandat,

291 961 327 1022 at
354 959 389 1022 io
415 955 625 1022 consonando
658 957 735 1021 bono
769 960 856 1021 stota
887 958 978 1040 regni
1013 958 1160 1036 eiusdem,
1191 959 1273 1022 sicot
1299 959 1449 1026 meones
1472 959 1598 1046 fecerit,
1625 963 1776 1042 elaboret,
1798 963 1934 1030 soltertia

292 1062 450 1126 maestam
471 1060 576 1142 speum
596 1059 728 1142 topace
744 1061 923 1142 posituram
945 1080 1017 1140 esse,
1039 1063 1069 1126 ai
1090 1083 1155 1126 eom
1179 1061 1350 1148 reformari
1371 1065 1541 1148 omoporio.
1614 1067 1708 1145 1247,
1731 1065 1795 1134 Iol.
1819 1069 1849 1133 6.

398 1181 463 1236 lon.
476 1181 498 1234 I
499 1179 525 1234 V
540 1180 602 1250 aa.
621 1180 675 1236 Vol.
694 1182 796 1249 Ι,440;
814 1181 873 1236 mo.
898 1182 978 1252 V,19.
1016 1183 1170 1252 Enocplor,
1188 1182 1258 1252 meod
1277 1184 1376 1252 Bergae
1393 1183 1486 1253 edidit,
1504 1200 1564 1238 aem
1584 1184 1704 1254 Repertis
1720 1186 1831 1240 montald
1856 1185 1887 1241 V.
1901 1186 1940 1244 01.

293 1269 325 1380 0·
344 1267 376 1322 ὼ
396 1267 499 1423 m
515 1359 590 1409 a.

448 1591 457 1607 .
487 1591 496 1609 .
523 1533 616 1626 regi
643 1532 764 1625 Cipri
790 1533 982 1623 illustri,
1009 1533 1192 1608 domino
1220 1536 1353 1627 regni
1379 1536 1794 1614 lerosolimitani²¹.

403 1684 455 1750 De
478 1683 626 1770 diligenti
650 1684 887 1767 sollicitudine,
916 1706 1012 1771 quam
1042 1685 1075 1750 in
1105 1686 1352 1750 conservatione
1381 1687 1474 1772 regni
1501 1685 1754 1754 lerosolimitani
1784 1688 1941 1758 hactenus

296 1790 449 1856 habuisse
473 1789 670 1871 dinosceris,
703 1789 846 1855 studium
876 1796 968 1856 tuum
996 1789 1101 1874 dignis
1129 1791 1162 1854 in
1186 1788 1327 1854 Domino
1358 1790 1510 1856 laudibus
1540 1792 1815 1858 commandamus.
1860 1790 1944 1865 Quia

297 1915 375 1960 vero
399 1893 506 1960 eidem
528 1915 629 1980 regno
653 1900 702 1958 est
724 1900 781 1958 tua
803 1894 963 1960 industria
984 1896 1158 1980 plurimum
1187 1901 1365 1981 oportuna,
1401 1894 1629 1961 celsitudinem
1663 1904 1752 1961 tuam
1782 1917 1943 1982 rogemus,

295 2018 466 2062 monemus
490 2003 524 2062 st
545 1996 712 2063 hortamur
735 2004 871 2080 attente,
895 1999 1047 2083 quatinus
1069 1999 1103 2062 in
1127 1996 1352 2064 conservando
1376 1998 1461 2062 bono
1485 2005 1573 2064 statu
1594 2000 1698 2087 ipsius
1721 2001 1824 2087 regni,
1847 2007 1945 2088 prout

295 2100 380 2166 bene
403 2101 512 2166 fecisti
534 2100 701 2180 hactenus,
724 2101 919 2166 inconcussa
941 2101 1127 2166 constantia
1148 2101 1262 2167 taliter
1283 2101 1443 2183 elabores,
1460 2101 1545 2186 quod
1567 2102 1703 2188 proinde
1727 2104 1833 2190 possis
1857 2102 1944 2189 apud

295 2205 405 2271 Deum
428 2211 461 2270 et
483 2204 632 2272 homines
656 2206 771 2270 merito
795 2205 1028 2286 commendari,
1053 2205 1194 2270 sciturus
1216 2224 1275 2289 pro
1299 2209 1389 2269 certo
1413 2204 1522 2290 quod,
1557 2205 1585 2268 si
1607 2205 1693 2272 inter
1716 2206 1889 2272 ecclesiam
1913 2212 1946 2271 et

297 2309 368 2373 eius
392 2308 608 2390 adversarios,
632 2309 687 2395 qui
710 2309 759 2373 tui
781 2315 858 2373 sunt
881 2309 1019 2386 inimici,
1042 2329 1157 2396 pacem
1181 2307 1355 2394 contigerit
1378 2308 1563 2388 reformari,
1593 2315 1626 2374 te
1650 2331 1689 2375 ao
1712 2317 1785 2375 tuos
1808 2310 1841 2374 in
1864 2331 1945 2396 pace

298 2434 458 2498 ponemus
482 2412 608 2496 eedem,
632 2413 805 2479 dummodo
829 2413 871 2479 ad
894 2421 1038 2480 nostram
1059 2414 1251 2480 memoriam
1275 2412 1480 2480 reducatur².

406 2533 482 2600 Dat.
509 2533 684 2623 [Lugduni]
694 2536 719 2617 ⁵,
742 2535 776 2600 Π
798 2535 883 2604 Non.
906 2535 991 2618 Iulii,
1016 2557 1100 2602 anno
1125 2536 1248 2622 quinto.

406 2660 446 2725 In
469 2659 609 2726 eundem
630 2655 763 2724 modurn
784 2656 883 2722 nobili
906 2657 975 2721 viro
1001 2705 1007 2719 .
1029 2708 1036 2722 .
1061 2656 1189 2721 domino
1213 2653 1254 2719 de
1276 2653 1401 2731 Berith,
1423 2655 1531 2720 balivo
1547 2655 1639 2742 regni
1656 2655 1942 2724 Ierosolimitani³.

920 2935 1328 2945 -—--——-—————--—-

1080 3198 1167 3276 mu.

378 3316 625 3412 ,Innocentius
648 3338 704 3405 IV
720 3359 810 3424 popa
838 3338 1000 3404 uniuersos
1029 3337 1149 3404 Obriati
1169 3338 1280 3420 fidelos
1313 3339 1403 3424 regni
1423 3337 1705 3426 Hierosolymitooi
1729 3339 1891 3421 bortatur,
1913 3347 1949 3406 ot

302 3471 323 3517 a
341 3447 482 3516 solatori
498 3446 659 3530 proposito
681 3443 787 3509 dolosa
810 3442 982 3507 calliditate
997 3442 1157 3507 Fridorioi
1178 3442 1334 3525 amodum
1349 3443 1548 3524 imperatoris
1561 3443 1746 3510 nallatenus
1760 3445 1947 3526 cedantur,

301 3573 341 3617 oo
357 3552 472 3634 pro-oola
486 3548 647 3632 colloquiis
669 3547 849 3612 moritorum
870 3565 998 3610 sumam
1020 3546 1185 3611 thesauram
1207 3547 1284 3611 bello
1306 3546 1430 3612 diutino
1451 3551 1653 3630 congregatas
1673 3547 1775 3615 audito
1796 3546 1948 3630 depereat.

406 3672 469 3726 Ion.
488 3669 537 3726 IV
552 3669 616 3738 Ra.
635 3668 688 3724 Vol.
708 3668 810 3738 Lem,
827 3668 888 3723 nio.
913 3668 943 3736 V,
959 3683 1014 3722 ao.
1033 3676 1055 3722 1.
1607 3653 1700 3731 1247,
1723 3651 1787 3719 Iol.
1812 3656 1864 3720 17.

407 3760 507 3827 Beryae
525 3765 600 3813 4060.

301 3936 538 4012 Universis
569 3935 750 4010 Christi
777 3933 1001 4007 fidelibus
1036 3931 1081 4006 in
1108 3955 1251 4026 regno
1278 3932 1656 4009 lerosolimitano
1684 3932 1951 4026 constitutis

302 4072 305 4080 ’
680 4119 683 4124 .
726 4060 977 4150 presentes
1004 4055 1197 4128 litteras
1223 4055 1529 4166 inspecturis

412 4207 452 4274 In
486 4207 580 4272 buius
612 4203 723 4272 mundi
751 4203 906 4288 voragine
940 4203 1159 4268 tribulationis
1192 4205 1383 4289 insurgente
1409 4204 1572 4290 procella,
1600 4204 1740 4270 validam
1773 4205 1951 4274 anchoram

303 4319 418 4383 sancte
452 4312 542 4399 apsi,
575 4329 633 4396 per
665 4327 762 4394 quam
796 4308 830 4372 in
867 4305 958 4372 illum
990 4312 1081 4372 certe
1111 4305 1280 4392 dirigimus
1313 4308 1551 4394 expectationis
1584 4308 1736 4389 intuitur,
1766 4308 1822 4394 qui
1848 4309 1953 4372 salvat

304 4419 497 4486 invocantes
520 4411 724 4480 ammirabile
747 4431 868 4476 nomen
891 4430 995 4491 auum,
1019 4409 1189 4496 precidere
1213 4411 1327 4476 nititur
1354 4411 1487 4476 humani
1514 4413 1643 4498 generis
1671 4412 1839 4492 inimicus,
1861 4411 1948 4476 infir·¹

304 4545 376 4592 moa
398 4540 543 4607 quasque
565 4517 697 4604 spiritus
721 4513 989 4602 pusillanimitate
1012 4512 1180 4594 deiciens,
1215 4515 1269 4600 qui
1300 4535 1374 4580 cum
1401 4517 1567 4603 expetitur
1595 4515 1713 4580 adesse
1746 4515 1855 4579 atatim
1890 4514 1952 4579 sibi

304 4648 371 4695 non
402 4624 547 4692 sentiunt
581 4620 739 4686 auxilium
771 4623 993 4704 expectatum.
1050 4615 1116 4682 Sed
1149 4618 1210 4684 viri
1246 4619 1367 4701 fortae,
1401 4640 1480 4705 quos
1509 4620 1663 4684 virtutum
1691 4620 1791 4684 armis
1822 4618 1954 4684 decorat

307 4731 539 4816 Omnipotens,
572 4723 828 4811 longanimitatis
863 4721 1095 4808 expectatione
1118 4721 1253 4805 firmati,
1287 4721 1364 4788 dum
1401 4723 1610 4805 occiduntur,
1646 4729 1780 4809 sperant
1807 4721 1840 4786 in
1870 4721 1953 4807 ipsc,

307 4854 366 4922 pro
389 4852 453 4919 quo
475 4852 552 4896 suas
576 4829 674 4894 morti
688 4829 814 4894 animas
828 4847 997 4912 exponere
1014 4825 1239 4909 decreverunt,
1254 4826 1344 4914 ipsae
1366 4828 1398 4892 in
1414 4837 1563 4893 eternum
1580 4826 1760 4893 custoditae
1774 4827 1953 4913 recepturi,

308 4958 383 5004 cum
406 4935 556 5001 Christus
592 4933 800 5020 apparuerit,
835 4932 904 4996 vita
925 4937 1059 5012 mostra.
1104 4929 1172 4996 Vos
1208 4929 1366 5015 siquidem
1401 4931 1481 4998 satis
1519 4931 1651 4997 celestis
1683 4930 1858 5016 plantatio,
1892 4950 1955 5016 que

308 5049 428 5106 terram
460 5036 592 5118 incolit,
631 5057 728 5123 quem
759 5034 945 5122 redemptor
975 5034 1117 5099 omnium
1148 5034 1306 5100 effusione
1332 5035 1455 5122 proprii
1479 5035 1650 5122 sanguinis
1678 5035 1898 5115 consecravit,
1923 5039 1956 5098 et

308 5144 382 5211 ideo
405 5143 531 5209 radices
554 5147 664 5206 vestre
687 5138 872 5205 devotionis
897 5143 930 5203 et
952 5136 1038 5220 fidei,
1063 5137 1180 5223 quibus
1204 5139 1391 5204 reverentia
1407 5139 1521 5204 humili
1546 5147 1578 5205 et
1600 5144 1751 5226 prompta
1767 5136 1956 5203 obedientia

1473 5301 1523 5307 --
1527 5300 1607 5308 -ι-..
1613 5299 1637 5306 n.

413 5407 441 5472 ¹)
458 5406 548 5458 Itidem
566 5403 598 5456 R.
702 5399 729 5469 ¹²)
747 5401 870 5470 Lugduni
886 5399 955 5454 decet
974 5397 1007 5452 R.

415 5551 728 5624 molestatam.
848 5530 1957 5616 2)Eidaoreoiaeblul.⁰.iadaieit,atioaaopermoiamomaiww

310 5641 553 5698 mantuanam
568 5639 606 5692 ool
624 5635 758 5692 bonomi
774 5633 918 5690 comatae
935 5632 1033 5702 abactae
1050 5630 1158 5702 aporiati
1173 5629 1301 5686 mmadnto
1316 5647 1366 5686 aco
1379 5626 1544 5700 promulgari
1561 5639 1618 5678 ooo
1632 5623 1752 5692 quaeum
1769 5621 1863 5691 aerea
1874 5627 1958 5692 8067,⁸

310 5731 438 5800 mamm
454 5735 517 5784 aare
535 5733 559 5782 o
576 5733 645 5782 erre.
749 5727 777 5792 3)
796 5724 838 5779 De
860 5723 907 5776 boo
927 5721 960 5790 ef.
978 5721 1057 5776 aba
1074 5719 1169 5788 Borea
1185 5725 1359 5776 ame—eron
1697 5795 1753 5851 38.
