<?xml version="1.0" encoding="UTF-8"?>
<!DOCTYPE html PUBLIC "-//W3C//DTD XHTML 1.0 Transitional//EN"
    "http://www.w3.org/TR/xhtml1/DTD/xhtml1-transitional.dtd">
<html xmlns="http://www.w3.org/1999/xhtml" xml:lang="en" lang="en">
 <head>
  <title>
</title>
<meta http-equiv="Content-Type" content="text/html;charset=utf-8" />
  <meta name='ocr-system' content='tesseract 3.04.00' />
  <meta name='ocr-capabilities' content='ocr_page ocr_carea ocr_par ocr_line ocrx_word'/>
</head>
<body>
  <div class='ocr_page' id='page_1' title='image "./monumentagerman00popegoog_0030.png"; bbox 0 0 4328 6232; ppageno 0'>
   <div class='ocr_carea' id='block_1_1' title="bbox 685 331 1775 422">
    <p class='ocr_par' dir='ltr' id='par_1_1' title="bbox 685 331 1775 422">
     <span class='ocr_line' id='line_1_1' title="bbox 685 331 1775 422; baseline 0.014 -24"><span class='ocrx_word' id='word_1_1' title='bbox 685 331 885 402; x_wconf 66' lang='lat' dir='ltr'>tristetur,</span> <span class='ocrx_word' id='word_1_2' title='bbox 902 340 1093 405; x_wconf 63' lang='lat' dir='ltr'>sensurus.</span> <span class='ocrx_word' id='word_1_3' title='bbox 1130 347 1206 405; x_wconf 77' lang='lat'>1243.</span> <span class='ocrx_word' id='word_1_4' title='bbox 1755 359 1775 422; x_wconf 80' lang='grc'>5</span> 
     </span>
    </p>
   </div>
   <div class='ocr_carea' id='block_1_2' title="bbox 213 522 1685 743">
    <p class='ocr_par' dir='ltr' id='par_1_2' title="bbox 213 522 1685 743">
     <span class='ocr_line' id='line_1_2' title="bbox 213 522 1685 625; baseline 0.006 -25"><span class='ocrx_word' id='word_1_5' title='bbox 213 522 519 617; x_wconf 86' lang='lat' dir='ltr'>..episcopo</span> <span class='ocrx_word' id='word_1_6' title='bbox 553 526 792 617; x_wconf 86' lang='lat' dir='ltr'>quondam</span> <span class='ocrx_word' id='word_1_7' title='bbox 828 527 1083 602; x_wconf 80' lang='lat' dir='ltr'>Mutinensi</span> <span class='ocrx_word' id='word_1_8' title='bbox 1116 530 1461 621; x_wconf 89' lang='lat' dir='ltr'>penitentiario</span> <span class='ocrx_word' id='word_1_9' title='bbox 1497 540 1685 625; x_wconf 88' lang='lat' dir='ltr'>nostro,</span> 
     </span>
     <span class='ocr_line' id='line_1_3' title="bbox 636 648 1268 743; baseline 0.011 -25"><span class='ocrx_word' id='word_1_10' title='bbox 636 648 904 737; x_wconf 87' lang='lat' dir='ltr'>apostolice</span> <span class='ocrx_word' id='word_1_11' title='bbox 936 649 1063 723; x_wconf 90' lang='lat' dir='ltr'>sedis</span> <span class='ocrx_word' id='word_1_12' title='bbox 1095 650 1268 743; x_wconf 83' lang='lat' dir='ltr'>legato.</span> 
     </span>
    </p>
   </div>
   <div class='ocr_carea' id='block_1_3' title="bbox 77 775 1777 1386">
    <p class='ocr_par' dir='ltr' id='par_1_3' title="bbox 230 775 1775 866">
     <span class='ocr_line' id='line_1_4' title="bbox 230 775 1775 866; baseline 0.005 -23"><span class='ocrx_word' id='word_1_13' title='bbox 230 777 317 858; x_wconf 78' lang='lat' dir='ltr'>niis,</span> <span class='ocrx_word' id='word_1_14' title='bbox 340 798 404 863; x_wconf 92' lang='lat' dir='ltr'>qne</span> <span class='ocrx_word' id='word_1_15' title='bbox 426 797 487 863; x_wconf 90' lang='lat' dir='ltr'>per</span> <span class='ocrx_word' id='word_1_16' title='bbox 509 775 648 842; x_wconf 90' lang='lat' dir='ltr'>dilectos</span> <span class='ocrx_word' id='word_1_17' title='bbox 670 777 754 841; x_wconf 87' lang='lat' dir='ltr'>filios</span> <span class='ocrx_word' id='word_1_18' title='bbox 778 777 897 843; x_wconf 89' lang='lat' dir='ltr'>fratres</span> <span class='ocrx_word' id='word_1_19' title='bbox 917 779 1090 866; x_wconf 85' lang='lat' dir='ltr'>hospitalis</span> <span class='ocrx_word' id='word_1_20' title='bbox 1107 788 1219 846; x_wconf 83' lang='lat' dir='ltr'>sancte</span> <span class='ocrx_word' id='word_1_21' title='bbox 1235 781 1339 848; x_wconf 89' lang='lat' dir='ltr'>Marie</span> <span class='ocrx_word' id='word_1_22' title='bbox 1356 782 1611 851; x_wconf 64' lang='lat' dir='ltr'>&#39;teutonicorum</span> <span class='ocrx_word' id='word_1_23' title='bbox 1635 793 1669 852; x_wconf 91' lang='lat' dir='ltr'>et</span> <span class='ocrx_word' id='word_1_24' title='bbox 1690 787 1775 851; x_wconf 90' lang='lat' dir='ltr'>alios</span> 
     </span>
    </p>

    <p class='ocr_par' dir='ltr' id='par_1_4' title="bbox 127 880 1775 974">
     <span class='ocr_line' id='line_1_5' title="bbox 127 880 1775 974; baseline 0.004 -26"><span class='ocrx_word' id='word_1_25' title='bbox 127 883 246 948; x_wconf 80' lang='lat' dir='ltr'>Christi</span> <span class='ocrx_word' id='word_1_26' title='bbox 267 881 383 946; x_wconf 85' lang='lat' dir='ltr'>fideles</span> <span class='ocrx_word' id='word_1_27' title='bbox 406 880 494 946; x_wconf 85' lang='lat' dir='ltr'>laeta</span> <span class='ocrx_word' id='word_1_28' title='bbox 517 888 592 946; x_wconf 89' lang='lat' dir='ltr'>sunt</span> <span class='ocrx_word' id='word_1_29' title='bbox 615 881 648 945; x_wconf 93' lang='lat' dir='ltr'>in</span> <span class='ocrx_word' id='word_1_30' title='bbox 671 880 807 947; x_wconf 90' lang='lat' dir='ltr'>Pruscie</span> <span class='ocrx_word' id='word_1_31' title='bbox 836 882 986 969; x_wconf 89' lang='lat' dir='ltr'>pertibus</span> <span class='ocrx_word' id='word_1_32' title='bbox 1015 882 1125 948; x_wconf 85' lang='lat' dir='ltr'>divina</span> <span class='ocrx_word' id='word_1_33' title='bbox 1153 885 1353 971; x_wconf 78' lang='lat' dir='ltr'><strong>propitiante</strong></span> <span class='ocrx_word' id='word_1_34' title='bbox 1383 888 1545 974; x_wconf 85' lang='lat' dir='ltr'>potentia,</span> <span class='ocrx_word' id='word_1_35' title='bbox 1578 911 1652 955; x_wconf 90' lang='lat' dir='ltr'>eum</span> <span class='ocrx_word' id='word_1_36' title='bbox 1680 891 1775 954; x_wconf 80' lang='lat' dir='ltr'>exul·</span> 
     </span>
    </p>

    <p class='ocr_par' dir='ltr' id='par_1_5' title="bbox 77 983 1777 1386">
     <span class='ocr_line' id='line_1_6' title="bbox 77 983 1775 1079; baseline 0.002 -25"><span class='ocrx_word' id='word_1_37' title='bbox 77 1019 85 1054; x_wconf 72' lang='lat' dir='ltr'>s</span> <span class='ocrx_word' id='word_1_38' title='bbox 125 987 247 1052; x_wconf 87' lang='lat' dir='ltr'>tatione</span> <span class='ocrx_word' id='word_1_39' title='bbox 270 987 405 1072; x_wconf 84' lang='lat' dir='ltr'>spiritus</span> <span class='ocrx_word' id='word_1_40' title='bbox 426 984 615 1067; x_wconf 79' lang='lat' dir='ltr'><strong>intellectis,</strong></span> <span class='ocrx_word' id='word_1_41' title='bbox 639 990 673 1049; x_wconf 92' lang='lat' dir='ltr'>et</span> <span class='ocrx_word' id='word_1_42' title='bbox 695 983 902 1050; x_wconf 85' lang='lat' dir='ltr'>considerata</span> <span class='ocrx_word' id='word_1_43' title='bbox 925 992 1012 1051; x_wconf 91' lang='lat' dir='ltr'>terre</span> <span class='ocrx_word' id='word_1_44' title='bbox 1037 987 1208 1053; x_wconf 90' lang='lat' dir='ltr'>latitudine</span> <span class='ocrx_word' id='word_1_45' title='bbox 1224 989 1270 1054; x_wconf 92' lang='lat' dir='ltr'>ibi</span> <span class='ocrx_word' id='word_1_46' title='bbox 1286 1011 1346 1075; x_wconf 91' lang='lat' dir='ltr'>per</span> <span class='ocrx_word' id='word_1_47' title='bbox 1361 991 1425 1056; x_wconf 90' lang='lat' dir='ltr'>Dei</span> <span class='ocrx_word' id='word_1_48' title='bbox 1440 993 1580 1077; x_wconf 85' lang='lat' dir='ltr'>gretiam</span> <span class='ocrx_word' id='word_1_49' title='bbox 1603 993 1775 1079; x_wconf 81' lang='lat' dir='ltr'>acquisito,</span> 
     </span>
     <span class='ocr_line' id='line_1_7' title="bbox 124 1087 1777 1177; baseline 0.002 -22"><span class='ocrx_word' id='word_1_50' title='bbox 124 1090 179 1155; x_wconf 91' lang='lat' dir='ltr'>tibi</span> <span class='ocrx_word' id='word_1_51' title='bbox 202 1088 290 1176; x_wconf 74' lang='lat' dir='ltr'>apud</span> <span class='ocrx_word' id='word_1_52' title='bbox 317 1087 431 1154; x_wconf 83' lang='lat' dir='ltr'>sedem</span> <span class='ocrx_word' id='word_1_53' title='bbox 462 1089 678 1175; x_wconf 86' lang='lat' dir='ltr'>apostolicam</span> <span class='ocrx_word' id='word_1_54' title='bbox 709 1090 899 1170; x_wconf 87' lang='lat' dir='ltr'>constituto,</span> <span class='ocrx_word' id='word_1_55' title='bbox 935 1097 971 1155; x_wconf 92' lang='lat' dir='ltr'>ut</span> <span class='ocrx_word' id='word_1_56' title='bbox 1000 1091 1033 1155; x_wconf 94' lang='lat' dir='ltr'>in</span> <span class='ocrx_word' id='word_1_57' title='bbox 1065 1092 1136 1177; x_wconf 90' lang='lat' dir='ltr'>ipsa</span> <span class='ocrx_word' id='word_1_58' title='bbox 1157 1093 1296 1158; x_wconf 89' lang='lat' dir='ltr'>Pruscia</span> <span class='ocrx_word' id='word_1_59' title='bbox 1326 1101 1360 1160; x_wconf 89' lang='lat' dir='ltr'>et</span> <span class='ocrx_word' id='word_1_60' title='bbox 1389 1096 1564 1160; x_wconf 85' lang='lat' dir='ltr'>coniuncta</span> <span class='ocrx_word' id='word_1_61' title='bbox 1596 1094 1658 1161; x_wconf 88' lang='lat' dir='ltr'>sibi</span> <span class='ocrx_word' id='word_1_62' title='bbox 1689 1102 1777 1161; x_wconf 90' lang='lat' dir='ltr'>terra</span> 
     </span>
     <span class='ocr_line' id='line_1_8' title="bbox 125 1192 1775 1285; baseline 0.004 -27"><span class='ocrx_word' id='word_1_63' title='bbox 125 1192 290 1258; x_wconf 80' lang='lat' dir='ltr'>Onlmensi</span> <span class='ocrx_word' id='word_1_64' title='bbox 313 1193 420 1279; x_wconf 86' lang='lat' dir='ltr'>possis</span> <span class='ocrx_word' id='word_1_65' title='bbox 443 1192 584 1257; x_wconf 77' lang='lat' dir='ltr'>limitare</span> <span class='ocrx_word' id='word_1_66' title='bbox 608 1192 759 1260; x_wconf 78' lang='lat' dir='ltr'>dioceses</span> <span class='ocrx_word' id='word_1_67' title='bbox 782 1215 820 1258; x_wconf 87' lang='lat' dir='ltr'>ae</span> <span class='ocrx_word' id='word_1_68' title='bbox 844 1194 990 1260; x_wconf 87' lang='lat' dir='ltr'>eiusdem</span> <span class='ocrx_word' id='word_1_69' title='bbox 1015 1195 1151 1262; x_wconf 88' lang='lat' dir='ltr'>Pruscie</span> <span class='ocrx_word' id='word_1_70' title='bbox 1175 1204 1297 1262; x_wconf 90' lang='lat' dir='ltr'>terram</span> <span class='ocrx_word' id='word_1_71' title='bbox 1321 1220 1381 1285; x_wconf 89' lang='lat' dir='ltr'>per</span> <span class='ocrx_word' id='word_1_72' title='bbox 1407 1205 1519 1285; x_wconf 86' lang='lat' dir='ltr'>partes</span> <span class='ocrx_word' id='word_1_73' title='bbox 1541 1198 1703 1281; x_wconf 84' lang='lat' dir='ltr'>dividere,</span> <span class='ocrx_word' id='word_1_74' title='bbox 1734 1199 1775 1265; x_wconf 95' lang='lat' dir='ltr'>ab</span> 
     </span>
     <span class='ocr_line' id='line_1_9' title="bbox 124 1295 1776 1386; baseline 0.002 -23"><span class='ocrx_word' id='word_1_75' title='bbox 124 1295 246 1363; x_wconf 87' lang='lat' dir='ltr'>eisdem</span> <span class='ocrx_word' id='word_1_76' title='bbox 266 1295 423 1360; x_wconf 85' lang='lat' dir='ltr'>fratribus</span> <span class='ocrx_word' id='word_1_77' title='bbox 446 1302 480 1360; x_wconf 90' lang='lat' dir='ltr'>et</span> <span class='ocrx_word' id='word_1_78' title='bbox 503 1296 658 1382; x_wconf 88' lang='lat' dir='ltr'>episcopo</span> <span class='ocrx_word' id='word_1_79' title='bbox 675 1298 729 1362; x_wconf 83' lang='lat' dir='ltr'>vel</span> <span class='ocrx_word' id='word_1_80' title='bbox 746 1297 922 1384; x_wconf 79' lang='lat' dir='ltr'>episcopis,</span> <span class='ocrx_word' id='word_1_81' title='bbox 947 1300 1002 1384; x_wconf 91' lang='lat' dir='ltr'>qui</span> <span class='ocrx_word' id='word_1_82' title='bbox 1025 1320 1082 1385; x_wconf 92' lang='lat' dir='ltr'>pro</span> <span class='ocrx_word' id='word_1_83' title='bbox 1107 1305 1255 1386; x_wconf 89' lang='lat' dir='ltr'>ternpore</span> <span class='ocrx_word' id='word_1_84' title='bbox 1279 1301 1312 1366; x_wconf 92' lang='lat' dir='ltr'>in</span> <span class='ocrx_word' id='word_1_85' title='bbox 1333 1301 1469 1368; x_wconf 85' lang='lat' dir='ltr'>Pruscie</span> <span class='ocrx_word' id='word_1_86' title='bbox 1491 1309 1526 1368; x_wconf 89' lang='lat' dir='ltr'>et</span> <span class='ocrx_word' id='word_1_87' title='bbox 1548 1301 1664 1368; x_wconf 90' lang='lat' dir='ltr'>eadem</span> <span class='ocrx_word' id='word_1_88' title='bbox 1687 1311 1776 1369; x_wconf 89' lang='lat' dir='ltr'>terre</span> 
     </span>
    </p>
   </div>
   <div class='ocr_carea' id='block_1_4' title="bbox 63 1398 1774 1590">
    <p class='ocr_par' dir='ltr' id='par_1_6' title="bbox 63 1398 1774 1590">
     <span class='ocr_line' id='line_1_10' title="bbox 124 1398 1774 1489; baseline 0.004 -24"><span class='ocrx_word' id='word_1_89' title='bbox 124 1399 293 1465; x_wconf 83' lang='lat' dir='ltr'>Gnlmensi</span> <span class='ocrx_word' id='word_1_90' title='bbox 315 1399 449 1480; x_wconf 86' lang='lat' dir='ltr'>fuerint,</span> <span class='ocrx_word' id='word_1_91' title='bbox 473 1398 677 1481; x_wconf 88' lang='lat' dir='ltr'>obtinendas,</span> <span class='ocrx_word' id='word_1_92' title='bbox 701 1407 799 1487; x_wconf 92' lang='lat' dir='ltr'>prout</span> <span class='ocrx_word' id='word_1_93' title='bbox 821 1406 879 1466; x_wconf 89' lang='lat' dir='ltr'>tua</span> <span class='ocrx_word' id='word_1_94' title='bbox 901 1403 1149 1489; x_wconf 80' lang='lat' dir='ltr'>circumspectio</span> <span class='ocrx_word' id='word_1_95' title='bbox 1170 1404 1302 1470; x_wconf 81' lang='lat' dir='ltr'>duxerit</span> <span class='ocrx_word' id='word_1_96' title='bbox 1324 1405 1550 1486; x_wconf 83' lang='lat' dir='ltr'>ordinandum,</span> <span class='ocrx_word' id='word_1_97' title='bbox 1574 1406 1616 1471; x_wconf 89' lang='lat' dir='ltr'>de</span> <span class='ocrx_word' id='word_1_98' title='bbox 1639 1407 1774 1471; x_wconf 79' lang='lat' dir='ltr'><strong>fratrum</strong></span> 
     </span>
     <span class='ocr_line' id='line_1_11' title="bbox 63 1503 1391 1590; baseline 0.005 -22"><span class='ocrx_word' id='word_1_99' title='bbox 63 1531 82 1569; x_wconf 81' lang='lat' dir='ltr'>n</span> <span class='ocrx_word' id='word_1_100' title='bbox 124 1510 309 1568; x_wconf 89' lang='lat' dir='ltr'>nostrorum</span> <span class='ocrx_word' id='word_1_101' title='bbox 332 1504 467 1567; x_wconf 90' lang='lat' dir='ltr'>consilio</span> <span class='ocrx_word' id='word_1_102' title='bbox 491 1503 686 1569; x_wconf 88' lang='lat' dir='ltr'>auctoritate</span> <span class='ocrx_word' id='word_1_103' title='bbox 710 1505 912 1590; x_wconf 91' lang='lat' dir='ltr'>presentium</span> <span class='ocrx_word' id='word_1_104' title='bbox 936 1506 1143 1572; x_wconf 87' lang='lat' dir='ltr'>concedimus</span> <span class='ocrx_word' id='word_1_105' title='bbox 1167 1508 1359 1574; x_wconf 89' lang='lat' dir='ltr'>facultatem</span> <span class='ocrx_word' id='word_1_106' title='bbox 1371 1511 1391 1573; x_wconf 89' lang='lat'>¹.</span> 
     </span>
    </p>
   </div>
   <div class='ocr_carea' id='block_1_5' title="bbox 229 1622 1016 1712">
    <p class='ocr_par' dir='ltr' id='par_1_7' title="bbox 229 1622 1016 1712">
     <span class='ocr_line' id='line_1_12' title="bbox 229 1622 1016 1712; baseline 0.008 -25"><span class='ocrx_word' id='word_1_107' title='bbox 229 1622 307 1690; x_wconf 85' lang='lat' dir='ltr'>Dat.</span> <span class='ocrx_word' id='word_1_108' title='bbox 328 1624 492 1710; x_wconf 83' lang='lat' dir='ltr'>Anagnis,</span> <span class='ocrx_word' id='word_1_109' title='bbox 514 1624 585 1689; x_wconf 94' lang='lat' dir='ltr'>IIIl</span> <span class='ocrx_word' id='word_1_110' title='bbox 608 1624 684 1690; x_wconf 89' lang='lat' dir='ltr'>Kal.</span> <span class='ocrx_word' id='word_1_111' title='bbox 707 1626 859 1712; x_wconf 78' lang='lat' dir='ltr'>Augusti,</span> <span class='ocrx_word' id='word_1_112' title='bbox 882 1647 967 1691; x_wconf 85' lang='lat' dir='ltr'>enno</span> <span class='ocrx_word' id='word_1_113' title='bbox 989 1628 1016 1694; x_wconf 92' lang='lat'>1.</span> 
     </span>
    </p>
   </div>
   <div class='ocr_carea' id='block_1_6' title="bbox 740 1871 1150 1879">
    <p class='ocr_par' dir='ltr' id='par_1_8' title="bbox 740 1871 1150 1879">
     <span class='ocr_line' id='line_1_13' title="bbox 740 1871 1150 1879; baseline 0.005 -2"><span class='ocrx_word' id='word_1_114' title='bbox 740 1871 1124 1879; x_wconf 63' lang='lat' dir='ltr'><em>—-n———-—-—-—--</em></span> <span class='ocrx_word' id='word_1_115' title='bbox 1143 1874 1150 1879; x_wconf 47' lang='lat' dir='ltr'>r-</span> 
     </span>
    </p>
   </div>
   <div class='ocr_carea' id='block_1_7' title="bbox 932 2099 967 2174">
    <p class='ocr_par' dir='ltr' id='par_1_9' title="bbox 932 2099 967 2174">
     <span class='ocr_line' id='line_1_14' title="bbox 932 2099 967 2174; baseline 0.086 -3"><span class='ocrx_word' id='word_1_116' title='bbox 932 2099 967 2174; x_wconf 88' lang='lat'>5.</span> 
     </span>
    </p>
   </div>
   <div class='ocr_carea' id='block_1_8' title="bbox 39 2191 1776 2820">
    <p class='ocr_par' dir='ltr' id='par_1_10' title="bbox 119 2191 1776 2511">
     <span class='ocr_line' id='line_1_15' title="bbox 224 2191 1774 2310; baseline 0.001 -24"><span class='ocrx_word' id='word_1_117' title='bbox 224 2191 858 2306; x_wconf 52' lang='lat' dir='ltr'>[innocentissumus]</span> <span class='ocrx_word' id='word_1_118' title='bbox 880 2222 1019 2303; x_wconf 65' lang='lat' dir='ltr'>escape</span> <span class='ocrx_word' id='word_1_119' title='bbox 1034 2221 1188 2288; x_wconf 67' lang='lat' dir='ltr'>Preciae</span> <span class='ocrx_word' id='word_1_120' title='bbox 1208 2223 1318 2289; x_wconf 73' lang='lat' dir='ltr'>seem</span> <span class='ocrx_word' id='word_1_121' title='bbox 1335 2224 1579 2310; x_wconf 62' lang='lat' dir='ltr'>willermum]</span> <span class='ocrx_word' id='word_1_122' title='bbox 1599 2225 1774 2306; x_wconf 55' lang='lat' dir='ltr'>europem</span> 
     </span>
     <span class='ocr_line' id='line_1_16' title="bbox 119 2322 1774 2408; baseline 0 -19"><span class='ocrx_word' id='word_1_123' title='bbox 119 2325 278 2407; x_wconf 67' lang='lat' dir='ltr'>ostendam</span> <span class='ocrx_word' id='word_1_124' title='bbox 300 2324 529 2403; x_wconf 67' lang='lat' dir='ltr'>distamen,</span> <span class='ocrx_word' id='word_1_125' title='bbox 552 2326 589 2388; x_wconf 81' lang='lat' dir='ltr'>io</span> <span class='ocrx_word' id='word_1_126' title='bbox 610 2322 747 2389; x_wconf 75' lang='lat' dir='ltr'>Pmeseio</span> <span class='ocrx_word' id='word_1_127' title='bbox 767 2329 797 2388; x_wconf 90' lang='lat' dir='ltr'>ct</span> <span class='ocrx_word' id='word_1_128' title='bbox 818 2324 955 2389; x_wconf 79' lang='lat' dir='ltr'>Livooio</span> <span class='ocrx_word' id='word_1_129' title='bbox 978 2325 1129 2407; x_wconf 67' lang='lat' dir='ltr'>legatum,</span> <span class='ocrx_word' id='word_1_130' title='bbox 1153 2327 1339 2392; x_wconf 69' lang='lat' dir='ltr'>auderitote</span> <span class='ocrx_word' id='word_1_131' title='bbox 1363 2328 1535 2408; x_wconf 81' lang='lat' dir='ltr'>apostolico</span> <span class='ocrx_word' id='word_1_132' title='bbox 1557 2333 1619 2392; x_wconf 85' lang='lat' dir='ltr'>tres</span> <span class='ocrx_word' id='word_1_133' title='bbox 1640 2327 1774 2392; x_wconf 80' lang='lat' dir='ltr'>dioceses</span> 
     </span>
     <span class='ocr_line' id='line_1_17' title="bbox 120 2427 1776 2511; baseline 0.001 -19"><span class='ocrx_word' id='word_1_134' title='bbox 120 2431 156 2492; x_wconf 76' lang='lat' dir='ltr'>in</span> <span class='ocrx_word' id='word_1_135' title='bbox 178 2427 316 2492; x_wconf 75' lang='lat' dir='ltr'>Praescia</span> <span class='ocrx_word' id='word_1_136' title='bbox 337 2433 367 2492; x_wconf 92' lang='lat' dir='ltr'>et</span> <span class='ocrx_word' id='word_1_137' title='bbox 387 2448 486 2493; x_wconf 77' lang='lat' dir='ltr'>enom</span> <span class='ocrx_word' id='word_1_138' title='bbox 506 2430 543 2492; x_wconf 81' lang='lat' dir='ltr'>io</span> <span class='ocrx_word' id='word_1_139' title='bbox 565 2431 650 2492; x_wconf 83' lang='lat' dir='ltr'>terro</span> <span class='ocrx_word' id='word_1_140' title='bbox 676 2427 836 2493; x_wconf 78' lang='lat' dir='ltr'>Culmensi</span> <span class='ocrx_word' id='word_1_141' title='bbox 857 2429 1018 2507; x_wconf 83' lang='lat' dir='ltr'>limitasse,</span> <span class='ocrx_word' id='word_1_142' title='bbox 1041 2430 1077 2493; x_wconf 82' lang='lat' dir='ltr'>in</span> <span class='ocrx_word' id='word_1_143' title='bbox 1099 2430 1212 2511; x_wconf 80' lang='lat' dir='ltr'>quitus</span> <span class='ocrx_word' id='word_1_144' title='bbox 1234 2430 1327 2494; x_wconf 77' lang='lat' dir='ltr'>biom</span> <span class='ocrx_word' id='word_1_145' title='bbox 1343 2434 1454 2510; x_wconf 65' lang='lat' dir='ltr'>partes</span> <span class='ocrx_word' id='word_1_146' title='bbox 1475 2434 1578 2496; x_wconf 86' lang='lat' dir='ltr'>terroe</span> <span class='ocrx_word' id='word_1_147' title='bbox 1599 2450 1669 2495; x_wconf 72' lang='lat' dir='ltr'>erem</span> <span class='ocrx_word' id='word_1_148' title='bbox 1691 2429 1776 2495; x_wconf 82' lang='lat' dir='ltr'>omni</span> 
     </span>
    </p>

    <p class='ocr_par' dir='ltr' id='par_1_11' title="bbox 39 2530 1775 2820">
     <span class='ocr_line' id='line_1_18' title="bbox 39 2530 1775 2616; baseline -0.001 -17"><span class='ocrx_word' id='word_1_149' title='bbox 39 2563 65 2600; x_wconf 77' lang='lat' dir='ltr'>a</span> <span class='ocrx_word' id='word_1_150' title='bbox 112 2536 271 2614; x_wconf 68' lang='lat' dir='ltr'>prosecuta</span> <span class='ocrx_word' id='word_1_151' title='bbox 293 2531 442 2613; x_wconf 60' lang='lat' dir='ltr'>domidati</span> <span class='ocrx_word' id='word_1_152' title='bbox 466 2530 716 2611; x_wconf 69' lang='lat' dir='ltr'>Teutonicos-um,</span> <span class='ocrx_word' id='word_1_153' title='bbox 746 2532 870 2597; x_wconf 75' lang='lat' dir='ltr'>tertiam</span> <span class='ocrx_word' id='word_1_154' title='bbox 892 2533 1028 2616; x_wconf 75' lang='lat' dir='ltr'>stupetis</span> <span class='ocrx_word' id='word_1_155' title='bbox 1049 2535 1201 2614; x_wconf 78' lang='lat' dir='ltr'>episeopis</span> <span class='ocrx_word' id='word_1_156' title='bbox 1222 2533 1431 2615; x_wconf 77' lang='lat' dir='ltr'>deputaverit,</span> <span class='ocrx_word' id='word_1_157' title='bbox 1461 2535 1550 2616; x_wconf 80' lang='lat' dir='ltr'>eique</span> <span class='ocrx_word' id='word_1_158' title='bbox 1571 2534 1716 2612; x_wconf 80' lang='lat' dir='ltr'>mandet,</span> <span class='ocrx_word' id='word_1_159' title='bbox 1738 2538 1775 2597; x_wconf 85' lang='lat' dir='ltr'>ut</span> 
     </span>
     <span class='ocr_line' id='line_1_19' title="bbox 117 2636 1493 2720; baseline 0.001 -20"><span class='ocrx_word' id='word_1_160' title='bbox 117 2657 216 2701; x_wconf 77' lang='lat' dir='ltr'>anam</span> <span class='ocrx_word' id='word_1_161' title='bbox 239 2636 354 2702; x_wconf 75' lang='lat' dir='ltr'>domm</span> <span class='ocrx_word' id='word_1_162' title='bbox 376 2636 530 2702; x_wconf 77' lang='lat' dir='ltr'>diocesem</span> <span class='ocrx_word' id='word_1_163' title='bbox 552 2637 613 2701; x_wconf 74' lang='lat' dir='ltr'>etei</span> <span class='ocrx_word' id='word_1_164' title='bbox 635 2637 760 2720; x_wconf 66' lang='lat' dir='ltr'>eligens,</span> <span class='ocrx_word' id='word_1_165' title='bbox 783 2638 877 2701; x_wconf 82' lang='lat' dir='ltr'>tertio</span> <span class='ocrx_word' id='word_1_166' title='bbox 894 2640 988 2717; x_wconf 77' lang='lat' dir='ltr'>porte</span> <span class='ocrx_word' id='word_1_167' title='bbox 1011 2640 1114 2702; x_wconf 68' lang='lat' dir='ltr'>terrae</span> <span class='ocrx_word' id='word_1_168' title='bbox 1135 2638 1238 2719; x_wconf 80' lang='lat' dir='ltr'>ipsius</span> <span class='ocrx_word' id='word_1_169' title='bbox 1259 2641 1420 2702; x_wconf 79' lang='lat' dir='ltr'>contentus</span> <span class='ocrx_word' id='word_1_170' title='bbox 1442 2638 1493 2702; x_wconf 84' lang='lat' dir='ltr'>sit.</span> 
     </span>
     <span class='ocr_line' id='line_1_20' title="bbox 1437 2741 1686 2820; baseline 0 -14"><span class='ocrx_word' id='word_1_171' title='bbox 1437 2743 1530 2820; x_wconf 69' lang='lat'><strong><em>2243,</em></strong></span> <span class='ocrx_word' id='word_1_172' title='bbox 1556 2741 1618 2808; x_wconf 80' lang='lat' dir='ltr'>let.</span> <span class='ocrx_word' id='word_1_173' title='bbox 1634 2744 1686 2806; x_wconf 84' lang='lat'>30.</span> 
     </span>
    </p>
   </div>
   <div class='ocr_carea' id='block_1_9' title="bbox 34 2858 1773 3185">
    <p class='ocr_par' dir='ltr' id='par_1_12' title="bbox 223 2858 1771 2929">
     <span class='ocr_line' id='line_1_21' title="bbox 223 2858 1771 2929; baseline 0.001 -18"><span class='ocrx_word' id='word_1_174' title='bbox 223 2858 287 2912; x_wconf 73' lang='lat' dir='ltr'>Ion.</span> <span class='ocrx_word' id='word_1_175' title='bbox 297 2858 345 2911; x_wconf 87' lang='lat' dir='ltr'>IV</span> <span class='ocrx_word' id='word_1_176' title='bbox 353 2858 417 2929; x_wconf 69' lang='lat' dir='ltr'>neq.</span> <span class='ocrx_word' id='word_1_177' title='bbox 434 2858 489 2911; x_wconf 89' lang='lat' dir='ltr'>Vol.</span> <span class='ocrx_word' id='word_1_178' title='bbox 504 2859 584 2926; x_wconf 85' lang='lat' dir='ltr'>l,18,·</span> <span class='ocrx_word' id='word_1_179' title='bbox 602 2858 662 2913; x_wconf 74' lang='lat' dir='ltr'>Deir.</span> <span class='ocrx_word' id='word_1_180' title='bbox 677 2858 699 2927; x_wconf 90' lang='lat' dir='ltr'>I,</span> <span class='ocrx_word' id='word_1_181' title='bbox 714 2867 764 2913; x_wconf 80' lang='lat'><strong><em>115.</em></strong></span> <span class='ocrx_word' id='word_1_182' title='bbox 796 2858 903 2912; x_wconf 81' lang='lat' dir='ltr'>Domus</span> <span class='ocrx_word' id='word_1_183' title='bbox 915 2859 1053 2928; x_wconf 74' lang='lat' dir='ltr'>epistolem</span> <span class='ocrx_word' id='word_1_184' title='bbox 1065 2875 1099 2912; x_wconf 75' lang='lat' dir='ltr'>ere</span> <span class='ocrx_word' id='word_1_185' title='bbox 1111 2859 1202 2928; x_wconf 68' lang='lat' dir='ltr'>Rapo.</span> <span class='ocrx_word' id='word_1_186' title='bbox 1212 2859 1286 2912; x_wconf 77' lang='lat' dir='ltr'>Ama</span> <span class='ocrx_word' id='word_1_187' title='bbox 1300 2860 1360 2914; x_wconf 82' lang='lat' dir='ltr'>ecel.</span> <span class='ocrx_word' id='word_1_188' title='bbox 1373 2877 1398 2912; x_wconf 83' lang='lat' dir='ltr'>a.</span> <span class='ocrx_word' id='word_1_189' title='bbox 1413 2866 1484 2928; x_wconf 72' lang='lat'><em>1243,</em></span> <span class='ocrx_word' id='word_1_190' title='bbox 1495 2863 1629 2928; x_wconf 75' lang='lat' dir='ltr'>§ar-33,</span> <span class='ocrx_word' id='word_1_191' title='bbox 1647 2860 1771 2914; x_wconf 81' lang='lat' dir='ltr'>cellutam</span> 
     </span>
    </p>

    <p class='ocr_par' dir='ltr' id='par_1_13' title="bbox 34 2943 1773 3185">
     <span class='ocr_line' id='line_1_22' title="bbox 117 2943 1773 3013; baseline 0.001 -14"><span class='ocrx_word' id='word_1_192' title='bbox 117 2962 179 2999; x_wconf 75' lang='lat' dir='ltr'>cum</span> <span class='ocrx_word' id='word_1_193' title='bbox 201 2944 326 3012; x_wconf 61' lang='lat' dir='ltr'>muer,</span> <span class='ocrx_word' id='word_1_194' title='bbox 350 2945 427 2999; x_wconf 79' lang='lat' dir='ltr'>Mon.</span> <span class='ocrx_word' id='word_1_195' title='bbox 442 2944 574 2999; x_wconf 80' lang='lat' dir='ltr'>Polonioe</span> <span class='ocrx_word' id='word_1_196' title='bbox 591 2950 608 2998; x_wconf 89' lang='lat' dir='ltr'>t.</span> <span class='ocrx_word' id='word_1_197' title='bbox 625 2946 651 3012; x_wconf 85' lang='lat' dir='ltr'>I,</span> <span class='ocrx_word' id='word_1_198' title='bbox 669 2962 697 3013; x_wconf 78' lang='grc' dir='ltr'>ρ.</span> <span class='ocrx_word' id='word_1_199' title='bbox 714 2951 758 3010; x_wconf 81' lang='grc'><strong><em>36,</em></strong></span> <span class='ocrx_word' id='word_1_200' title='bbox 780 2963 807 2998; x_wconf 83' lang='lat' dir='ltr'>n.</span> <span class='ocrx_word' id='word_1_201' title='bbox 825 2952 865 3012; x_wconf 79' lang='lat'>76,</span> <span class='ocrx_word' id='word_1_202' title='bbox 893 2951 918 2997; x_wconf 87' lang='lat' dir='ltr'>et</span> <span class='ocrx_word' id='word_1_203' title='bbox 940 2961 1001 2997; x_wconf 73' lang='lat' dir='ltr'>mem</span> <span class='ocrx_word' id='word_1_204' title='bbox 1027 2944 1181 2999; x_wconf 74' lang='lat' dir='ltr'>‹ruttentieo</span> <span class='ocrx_word' id='word_1_205' title='bbox 1203 2943 1357 3013; x_wconf 70' lang='lat' dir='ltr'>Repirnouti</span> <span class='ocrx_word' id='word_1_206' title='bbox 1379 2951 1544 3012; x_wconf 73' lang='lat' dir='ltr'>commuto,</span> <span class='ocrx_word' id='word_1_207' title='bbox 1569 2946 1599 2999; x_wconf 77' lang='lat' dir='ltr'>in</span> <span class='ocrx_word' id='word_1_208' title='bbox 1623 2944 1686 3001; x_wconf 78' lang='lat' dir='ltr'>coe.</span> <span class='ocrx_word' id='word_1_209' title='bbox 1708 2945 1773 3013; x_wconf 82' lang='lat' dir='ltr'>dipl.</span> 
     </span>
     <span class='ocr_line' id='line_1_23' title="bbox 34 3029 745 3099; baseline 0.001 -16"><span class='ocrx_word' id='word_1_210' title='bbox 34 3044 63 3083; x_wconf 83' lang='lat' dir='ltr'>ao</span> <span class='ocrx_word' id='word_1_211' title='bbox 125 3030 294 3099; x_wconf 75' lang='lat' dir='ltr'>ll&#39;ormr&#39;enri,</span> <span class='ocrx_word' id='word_1_212' title='bbox 313 3036 330 3084; x_wconf 92' lang='lat' dir='ltr'>t.</span> <span class='ocrx_word' id='word_1_213' title='bbox 346 3030 371 3097; x_wconf 86' lang='lat' dir='ltr'>I,</span> <span class='ocrx_word' id='word_1_214' title='bbox 389 3029 495 3099; x_wconf 70' lang='grc' dir='ltr'><strong><em>ἀὲρὶοω.</em></strong></span> <span class='ocrx_word' id='word_1_215' title='bbox 511 3047 540 3098; x_wconf 81' lang='lat' dir='ltr'>p.</span> <span class='ocrx_word' id='word_1_216' title='bbox 552 3037 578 3098; x_wconf 82' lang='lat'>8,</span> <span class='ocrx_word' id='word_1_217' title='bbox 595 3037 651 3084; x_wconf 72' lang='lat' dir='ltr'>aas</span> <span class='ocrx_word' id='word_1_218' title='bbox 667 3029 745 3084; x_wconf 81' lang='lat' dir='ltr'>edile.</span> 
     </span>
     <span class='ocr_line' id='line_1_24' title="bbox 225 3116 731 3185; baseline -0.004 -14"><span class='ocrx_word' id='word_1_219' title='bbox 225 3117 360 3184; x_wconf 73' lang='lat' dir='ltr'>Poetae,</span> <span class='ocrx_word' id='word_1_220' title='bbox 380 3116 444 3185; x_wconf 75' lang='lat' dir='ltr'>Rey.</span> <span class='ocrx_word' id='word_1_221' title='bbox 459 3121 550 3182; x_wconf 56' lang='lat' dir='ltr'>nto&amp;</span> <span class='ocrx_word' id='word_1_222' title='bbox 567 3116 667 3184; x_wconf 74' lang='lat' dir='ltr'>Berper</span> <span class='ocrx_word' id='word_1_223' title='bbox 679 3124 731 3170; x_wconf 79' lang='lat'><em>116.</em></span> 
     </span>
    </p>
   </div>
   <div class='ocr_carea' id='block_1_10' title="bbox 678 3294 1221 3386">
    <p class='ocr_par' dir='ltr' id='par_1_14' title="bbox 678 3294 1221 3386">
     <span class='ocr_line' id='line_1_25' title="bbox 678 3294 1221 3386; baseline 0.004 -18"><span class='ocrx_word' id='word_1_224' title='bbox 678 3351 687 3368; x_wconf 92' lang='lat'><strong>.</strong></span> <span class='ocrx_word' id='word_1_225' title='bbox 717 3350 726 3369; x_wconf 91' lang='lat'><strong>.</strong></span> <span class='ocrx_word' id='word_1_226' title='bbox 756 3294 977 3386; x_wconf 90' lang='lat' dir='ltr'>episeopo</span> <span class='ocrx_word' id='word_1_227' title='bbox 1013 3295 1221 3370; x_wconf 89' lang='lat' dir='ltr'>Pruseie.</span> 
     </span>
    </p>
   </div>
   <div class='ocr_carea' id='block_1_11' title="bbox 34 3427 1775 5278">
    <p class='ocr_par' dir='ltr' id='par_1_15' title="bbox 227 3427 1773 3516">
     <span class='ocr_line' id='line_1_26' title="bbox 227 3427 1773 3516; baseline 0 -24"><span class='ocrx_word' id='word_1_228' title='bbox 227 3427 313 3508; x_wconf 70' lang='lat' dir='ltr'>Hira,</span> <span class='ocrx_word' id='word_1_229' title='bbox 336 3449 400 3515; x_wconf 90' lang='lat' dir='ltr'>que</span> <span class='ocrx_word' id='word_1_230' title='bbox 422 3449 482 3515; x_wconf 91' lang='lat' dir='ltr'>per</span> <span class='ocrx_word' id='word_1_231' title='bbox 504 3428 641 3494; x_wconf 86' lang='lat' dir='ltr'>dilectos</span> <span class='ocrx_word' id='word_1_232' title='bbox 665 3428 750 3493; x_wconf 89' lang='lat' dir='ltr'>filios</span> <span class='ocrx_word' id='word_1_233' title='bbox 774 3428 893 3494; x_wconf 87' lang='lat' dir='ltr'>fratrea</span> <span class='ocrx_word' id='word_1_234' title='bbox 916 3429 1089 3516; x_wconf 88' lang='lat' dir='ltr'>hospitalis</span> <span class='ocrx_word' id='word_1_235' title='bbox 1111 3437 1224 3495; x_wconf 89' lang='lat' dir='ltr'>sancte</span> <span class='ocrx_word' id='word_1_236' title='bbox 1240 3429 1344 3494; x_wconf 83' lang='lat' dir='ltr'>Mario</span> <span class='ocrx_word' id='word_1_237' title='bbox 1360 3429 1613 3495; x_wconf 85' lang='lat' dir='ltr'>Teutonicorum</span> <span class='ocrx_word' id='word_1_238' title='bbox 1635 3435 1669 3496; x_wconf 91' lang='lat' dir='ltr'>et</span> <span class='ocrx_word' id='word_1_239' title='bbox 1690 3429 1773 3494; x_wconf 85' lang='lat' dir='ltr'>alios</span> 
     </span>
    </p>

    <p class='ocr_par' dir='ltr' id='par_1_16' title="bbox 122 3531 1771 3620">
     <span class='ocr_line' id='line_1_27' title="bbox 122 3531 1771 3620; baseline -0.001 -23"><span class='ocrx_word' id='word_1_240' title='bbox 122 3531 242 3597; x_wconf 82' lang='lat' dir='ltr'>Christi</span> <span class='ocrx_word' id='word_1_241' title='bbox 265 3531 381 3598; x_wconf 85' lang='lat' dir='ltr'>fideles</span> <span class='ocrx_word' id='word_1_242' title='bbox 405 3533 492 3597; x_wconf 86' lang='lat' dir='ltr'>faeta</span> <span class='ocrx_word' id='word_1_243' title='bbox 515 3540 591 3598; x_wconf 92' lang='lat' dir='ltr'>sunt</span> <span class='ocrx_word' id='word_1_244' title='bbox 614 3534 647 3597; x_wconf 88' lang='lat' dir='ltr'>in</span> <span class='ocrx_word' id='word_1_245' title='bbox 669 3533 807 3599; x_wconf 86' lang='lat' dir='ltr'>Pruscie</span> <span class='ocrx_word' id='word_1_246' title='bbox 836 3534 983 3618; x_wconf 89' lang='lat' dir='ltr'>partibus</span> <span class='ocrx_word' id='word_1_247' title='bbox 1016 3533 1127 3598; x_wconf 85' lang='lat' dir='ltr'>divina</span> <span class='ocrx_word' id='word_1_248' title='bbox 1156 3534 1354 3620; x_wconf 81' lang='lat' dir='ltr'>propitiante</span> <span class='ocrx_word' id='word_1_249' title='bbox 1383 3535 1546 3620; x_wconf 86' lang='lat' dir='ltr'>potentia,</span> <span class='ocrx_word' id='word_1_250' title='bbox 1580 3555 1653 3599; x_wconf 91' lang='lat' dir='ltr'>eum</span> <span class='ocrx_word' id='word_1_251' title='bbox 1677 3534 1771 3598; x_wconf 88' lang='lat' dir='ltr'>exul-</span> 
     </span>
    </p>

    <p class='ocr_par' dir='ltr' id='par_1_17' title="bbox 34 3635 1773 4036">
     <span class='ocr_line' id='line_1_28' title="bbox 34 3635 1773 3723; baseline -0.001 -20"><span class='ocrx_word' id='word_1_252' title='bbox 34 3664 64 3703; x_wconf 66' lang='grc' dir='ltr'>ιε,</span> <span class='ocrx_word' id='word_1_253' title='bbox 122 3636 244 3701; x_wconf 83' lang='lat' dir='ltr'>tatione</span> <span class='ocrx_word' id='word_1_254' title='bbox 268 3636 402 3722; x_wconf 86' lang='lat' dir='ltr'>spiritus</span> <span class='ocrx_word' id='word_1_255' title='bbox 424 3637 612 3713; x_wconf 85' lang='lat' dir='ltr'>intellectis,</span> <span class='ocrx_word' id='word_1_256' title='bbox 636 3645 671 3702; x_wconf 91' lang='lat' dir='ltr'>et</span> <span class='ocrx_word' id='word_1_257' title='bbox 693 3636 903 3702; x_wconf 83' lang='lat' dir='ltr'>consideratu</span> <span class='ocrx_word' id='word_1_258' title='bbox 926 3645 1013 3702; x_wconf 91' lang='lat' dir='ltr'>terre</span> <span class='ocrx_word' id='word_1_259' title='bbox 1037 3635 1209 3702; x_wconf 90' lang='lat' dir='ltr'>latitudine</span> <span class='ocrx_word' id='word_1_260' title='bbox 1225 3637 1271 3701; x_wconf 92' lang='lat' dir='ltr'>ibi</span> <span class='ocrx_word' id='word_1_261' title='bbox 1287 3657 1346 3722; x_wconf 90' lang='lat' dir='ltr'>per</span> <span class='ocrx_word' id='word_1_262' title='bbox 1361 3635 1424 3702; x_wconf 89' lang='lat' dir='ltr'>Dei</span> <span class='ocrx_word' id='word_1_263' title='bbox 1440 3638 1578 3723; x_wconf 88' lang='lat' dir='ltr'>gratiam</span> <span class='ocrx_word' id='word_1_264' title='bbox 1602 3636 1773 3723; x_wconf 79' lang='lat' dir='ltr'>acquisito,</span> 
     </span>
     <span class='ocr_line' id='line_1_29' title="bbox 122 3739 1773 3827; baseline 0.001 -24"><span class='ocrx_word' id='word_1_265' title='bbox 122 3739 301 3816; x_wconf 78' lang='lat' dir='ltr'>venerabili</span> <span class='ocrx_word' id='word_1_266' title='bbox 324 3740 414 3804; x_wconf 89' lang='lat' dir='ltr'>fratri</span> <span class='ocrx_word' id='word_1_267' title='bbox 437 3746 548 3805; x_wconf 90' lang='lat' dir='ltr'>nostro</span> <span class='ocrx_word' id='word_1_268' title='bbox 566 3788 574 3804; x_wconf 85' lang='lat'><strong>.</strong></span> <span class='ocrx_word' id='word_1_269' title='bbox 591 3789 598 3805; x_wconf 93' lang='lat'><strong>.</strong></span> <span class='ocrx_word' id='word_1_270' title='bbox 616 3742 773 3827; x_wconf 88' lang='lat' dir='ltr'>episcopo</span> <span class='ocrx_word' id='word_1_271' title='bbox 796 3740 959 3826; x_wconf 82' lang='lat' dir='ltr'>quondam</span> <span class='ocrx_word' id='word_1_272' title='bbox 975 3741 1154 3806; x_wconf 86' lang='lat' dir='ltr'>Mutinensi</span> <span class='ocrx_word' id='word_1_273' title='bbox 1179 3741 1411 3827; x_wconf 89' lang='lat' dir='ltr'>penitentiario</span> <span class='ocrx_word' id='word_1_274' title='bbox 1428 3748 1540 3806; x_wconf 88' lang='lat' dir='ltr'>nostro</span> <span class='ocrx_word' id='word_1_275' title='bbox 1556 3740 1642 3827; x_wconf 90' lang='lat' dir='ltr'>apud</span> <span class='ocrx_word' id='word_1_276' title='bbox 1659 3740 1773 3805; x_wconf 86' lang='lat' dir='ltr'>sedem</span> 
     </span>
     <span class='ocr_line' id='line_1_30' title="bbox 120 3843 1772 3931; baseline -0.001 -23"><span class='ocrx_word' id='word_1_277' title='bbox 120 3845 334 3930; x_wconf 82' lang='lat' dir='ltr'>apostolicam</span> <span class='ocrx_word' id='word_1_278' title='bbox 358 3846 534 3909; x_wconf 88' lang='lat' dir='ltr'>constituto</span> <span class='ocrx_word' id='word_1_279' title='bbox 558 3845 613 3909; x_wconf 74' lang='lat' dir='ltr'>in·</span> <span class='ocrx_word' id='word_1_280' title='bbox 637 3846 739 3931; x_wconf 85' lang='lat' dir='ltr'>ipsius</span> <span class='ocrx_word' id='word_1_281' title='bbox 754 3845 891 3910; x_wconf 88' lang='lat' dir='ltr'>Pruseie</span> <span class='ocrx_word' id='word_1_282' title='bbox 915 3866 953 3909; x_wconf 89' lang='lat' dir='ltr'>ae</span> <span class='ocrx_word' id='word_1_283' title='bbox 975 3844 1114 3910; x_wconf 84' lang='lat' dir='ltr'>Livonie</span> <span class='ocrx_word' id='word_1_284' title='bbox 1137 3844 1285 3930; x_wconf 89' lang='lat' dir='ltr'>partibus</span> <span class='ocrx_word' id='word_1_285' title='bbox 1308 3846 1406 3930; x_wconf 90' lang='lat' dir='ltr'>plene</span> <span class='ocrx_word' id='word_1_286' title='bbox 1431 3845 1606 3929; x_wconf 80' lang='lat' dir='ltr'>legationis</span> <span class='ocrx_word' id='word_1_287' title='bbox 1629 3843 1772 3908; x_wconf 89' lang='lat' dir='ltr'>officium</span> 
     </span>
     <span class='ocr_line' id='line_1_31' title="bbox 121 3945 1773 4036; baseline 0 -26"><span class='ocrx_word' id='word_1_288' title='bbox 121 3945 274 4011; x_wconf 82' lang='lat' dir='ltr'>duximus</span> <span class='ocrx_word' id='word_1_289' title='bbox 298 3948 582 4031; x_wconf 86' lang='lat' dir='ltr'>committendum,</span> <span class='ocrx_word' id='word_1_290' title='bbox 613 3948 721 4015; x_wconf 88' lang='lat' dir='ltr'>eidem</span> <span class='ocrx_word' id='word_1_291' title='bbox 751 3951 784 4013; x_wconf 92' lang='lat' dir='ltr'>in</span> <span class='ocrx_word' id='word_1_292' title='bbox 817 3950 889 4036; x_wconf 89' lang='lat' dir='ltr'>ipsa</span> <span class='ocrx_word' id='word_1_293' title='bbox 911 3948 1049 4014; x_wconf 90' lang='lat' dir='ltr'>Prusoia</span> <span class='ocrx_word' id='word_1_294' title='bbox 1072 3956 1105 4014; x_wconf 90' lang='lat' dir='ltr'>et</span> <span class='ocrx_word' id='word_1_295' title='bbox 1128 3956 1216 4014; x_wconf 88' lang='lat' dir='ltr'>terra</span> <span class='ocrx_word' id='word_1_296' title='bbox 1239 3947 1409 4013; x_wconf 82' lang='lat' dir='ltr'>Culmensi</span> <span class='ocrx_word' id='word_1_297' title='bbox 1440 3947 1599 4013; x_wconf 89' lang='lat' dir='ltr'>limitaodi</span> <span class='ocrx_word' id='word_1_298' title='bbox 1622 3946 1773 4012; x_wconf 88' lang='lat' dir='ltr'>dioceses</span> 
     </span>
    </p>

    <p class='ocr_par' dir='ltr' id='par_1_18' title="bbox 122 4049 1775 5176">
     <span class='ocr_line' id='line_1_32' title="bbox 123 4049 1772 4141; baseline -0.001 -27"><span class='ocrx_word' id='word_1_299' title='bbox 123 4072 160 4115; x_wconf 79' lang='lat' dir='ltr'>ae</span> <span class='ocrx_word' id='word_1_300' title='bbox 187 4049 310 4138; x_wconf 77' lang='lat' dir='ltr'>ipsiusb</span> <span class='ocrx_word' id='word_1_301' title='bbox 333 4051 470 4119; x_wconf 88' lang='lat' dir='ltr'>Pruscie</span> <span class='ocrx_word' id='word_1_302' title='bbox 500 4062 620 4119; x_wconf 89' lang='lat' dir='ltr'>terram</span> <span class='ocrx_word' id='word_1_303' title='bbox 651 4053 818 4120; x_wconf 83' lang='lat' dir='ltr'>dividendi</span> <span class='ocrx_word' id='word_1_304' title='bbox 849 4075 908 4141; x_wconf 91' lang='lat' dir='ltr'>per</span> <span class='ocrx_word' id='word_1_305' title='bbox 939 4061 1050 4141; x_wconf 85' lang='lat' dir='ltr'>partes</span> <span class='ocrx_word' id='word_1_306' title='bbox 1073 4054 1113 4119; x_wconf 91' lang='lat' dir='ltr'>de</span> <span class='ocrx_word' id='word_1_307' title='bbox 1143 4055 1281 4119; x_wconf 81' lang='lat' dir='ltr'>fratrum</span> <span class='ocrx_word' id='word_1_308' title='bbox 1310 4059 1496 4117; x_wconf 88' lang='lat' dir='ltr'>nostrorum</span> <span class='ocrx_word' id='word_1_309' title='bbox 1520 4050 1656 4115; x_wconf 89' lang='lat' dir='ltr'>oonsilio</span> <span class='ocrx_word' id='word_1_310' title='bbox 1680 4057 1772 4137; x_wconf 90' lang='lat' dir='ltr'>pote·</span> 
     </span>
     <span class='ocr_line' id='line_1_33' title="bbox 123 4154 1773 4244; baseline 0 -27"><span class='ocrx_word' id='word_1_311' title='bbox 123 4162 239 4221; x_wconf 75' lang='lat' dir='ltr'>statem</span> <span class='ocrx_word' id='word_1_312' title='bbox 271 4155 453 4242; x_wconf 87' lang='lat' dir='ltr'>plenariam</span> <span class='ocrx_word' id='word_1_313' title='bbox 484 4157 716 4223; x_wconf 86' lang='lat' dir='ltr'>concedentes.</span> <span class='ocrx_word' id='word_1_314' title='bbox 761 4157 887 4223; x_wconf 85' lang='lat' dir='ltr'>Verum</span> <span class='ocrx_word' id='word_1_315' title='bbox 918 4159 1093 4244; x_wconf 89' lang='lat' dir='ltr'>episcopus</span> <span class='ocrx_word' id='word_1_316' title='bbox 1116 4159 1187 4243; x_wconf 88' lang='lat' dir='ltr'>ipse</span> <span class='ocrx_word' id='word_1_317' title='bbox 1219 4164 1286 4222; x_wconf 90' lang='lat' dir='ltr'>tres</span> <span class='ocrx_word' id='word_1_318' title='bbox 1315 4157 1348 4220; x_wconf 92' lang='lat' dir='ltr'>in</span> <span class='ocrx_word' id='word_1_319' title='bbox 1370 4154 1527 4220; x_wconf 78' lang='lat' dir='ltr'>Pruscia⁶</span> <span class='ocrx_word' id='word_1_320' title='bbox 1557 4161 1590 4218; x_wconf 89' lang='lat' dir='ltr'>et</span> <span class='ocrx_word' id='word_1_321' title='bbox 1613 4174 1710 4218; x_wconf 90' lang='lat' dir='ltr'>unam</span> <span class='ocrx_word' id='word_1_322' title='bbox 1741 4155 1773 4217; x_wconf 91' lang='lat' dir='ltr'>in</span> 
     </span>
     <span class='ocr_line' id='line_1_34' title="bbox 123 4256 1773 4347; baseline -0.002 -23"><span class='ocrx_word' id='word_1_323' title='bbox 123 4267 210 4324; x_wconf 87' lang='lat' dir='ltr'>terra</span> <span class='ocrx_word' id='word_1_324' title='bbox 232 4257 401 4324; x_wconf 83' lang='lat' dir='ltr'>Culmensi</span> <span class='ocrx_word' id='word_1_325' title='bbox 422 4259 575 4326; x_wconf 89' lang='lat' dir='ltr'>dioceses</span> <span class='ocrx_word' id='word_1_326' title='bbox 598 4261 750 4325; x_wconf 85' lang='lat' dir='ltr'>limitavit</span> <span class='ocrx_word' id='word_1_327' title='bbox 772 4282 811 4326; x_wconf 88' lang='lat' dir='ltr'>ac</span> <span class='ocrx_word' id='word_1_328' title='bbox 834 4268 903 4327; x_wconf 85' lang='lat' dir='ltr'>tres</span> <span class='ocrx_word' id='word_1_329' title='bbox 925 4268 1038 4347; x_wconf 91' lang='lat' dir='ltr'>partes</span> <span class='ocrx_word' id='word_1_330' title='bbox 1061 4261 1140 4326; x_wconf 89' lang='lat' dir='ltr'>fecit</span> <span class='ocrx_word' id='word_1_331' title='bbox 1162 4261 1203 4325; x_wconf 91' lang='lat' dir='ltr'>de</span> <span class='ocrx_word' id='word_1_332' title='bbox 1233 4266 1321 4323; x_wconf 90' lang='lat' dir='ltr'>terra</span> <span class='ocrx_word' id='word_1_333' title='bbox 1342 4257 1495 4336; x_wconf 86' lang='lat' dir='ltr'>Pruscie,</span> <span class='ocrx_word' id='word_1_334' title='bbox 1527 4277 1663 4343; x_wconf 87' lang='lat' dir='ltr'>quarum</span> <span class='ocrx_word' id='word_1_335' title='bbox 1692 4256 1773 4321; x_wconf 90' lang='lat' dir='ltr'>duas</span> 
     </span>
     <span class='ocr_line' id='line_1_35' title="bbox 122 4361 1775 4450; baseline -0.002 -24"><span class='ocrx_word' id='word_1_336' title='bbox 122 4361 219 4427; x_wconf 84' lang='lat' dir='ltr'>dictis</span> <span class='ocrx_word' id='word_1_337' title='bbox 250 4362 406 4428; x_wconf 86' lang='lat' dir='ltr'>fratribus</span> <span class='ocrx_word' id='word_1_338' title='bbox 435 4363 618 4429; x_wconf 88' lang='lat' dir='ltr'>ferentibus</span> <span class='ocrx_word' id='word_1_339' title='bbox 649 4365 827 4450; x_wconf 87' lang='lat' dir='ltr'>preliorum</span> <span class='ocrx_word' id='word_1_340' title='bbox 857 4365 1028 4450; x_wconf 85' lang='lat' dir='ltr'>angustias</span> <span class='ocrx_word' id='word_1_341' title='bbox 1057 4370 1091 4429; x_wconf 88' lang='lat' dir='ltr'>et</span> <span class='ocrx_word' id='word_1_342' title='bbox 1121 4384 1342 4449; x_wconf 83' lang='lat' dir='ltr'>expensarum</span> <span class='ocrx_word' id='word_1_343' title='bbox 1377 4382 1491 4441; x_wconf 75' lang='lat' dir='ltr'>onera,</span> <span class='ocrx_word' id='word_1_344' title='bbox 1528 4381 1610 4445; x_wconf 89' lang='lat' dir='ltr'>quos</span> <span class='ocrx_word' id='word_1_345' title='bbox 1645 4365 1775 4446; x_wconf 90' lang='lat' dir='ltr'>oportet</span> 
     </span>
     <span class='ocr_line' id='line_1_36' title="bbox 123 4463 1773 4555; baseline -0.002 -25"><span class='ocrx_word' id='word_1_346' title='bbox 123 4474 242 4531; x_wconf 81' lang='lat' dir='ltr'>terrem</span> <span class='ocrx_word' id='word_1_347' title='bbox 264 4466 434 4532; x_wconf 79' lang='lat' dir='ltr'>infeudare</span> <span class='ocrx_word' id='word_1_348' title='bbox 456 4468 616 4553; x_wconf 87' lang='lat' dir='ltr'>pluribus,</span> <span class='ocrx_word' id='word_1_349' title='bbox 640 4467 823 4555; x_wconf 78' lang='lat' dir='ltr'>deputavit,</span> <span class='ocrx_word' id='word_1_350' title='bbox 846 4470 892 4534; x_wconf 87' lang='lat' dir='ltr'>ita</span> <span class='ocrx_word' id='word_1_351' title='bbox 915 4467 1011 4553; x_wconf 90' lang='lat' dir='ltr'>quod,</span> <span class='ocrx_word' id='word_1_352' title='bbox 1035 4468 1105 4532; x_wconf 85' lang='lat' dir='ltr'>sive</span> <span class='ocrx_word' id='word_1_353' title='bbox 1129 4487 1213 4531; x_wconf 87' lang='lat' dir='ltr'>unus</span> <span class='ocrx_word' id='word_1_354' title='bbox 1237 4467 1412 4552; x_wconf 86' lang='lat' dir='ltr'>episcopus</span> <span class='ocrx_word' id='word_1_355' title='bbox 1435 4464 1534 4528; x_wconf 86' lang='lat' dir='ltr'>fuerit</span> <span class='ocrx_word' id='word_1_356' title='bbox 1558 4464 1626 4528; x_wconf 84' lang='lat' dir='ltr'>sive</span> <span class='ocrx_word' id='word_1_357' title='bbox 1650 4463 1773 4549; x_wconf 82' lang='lat' dir='ltr'>plures,</span> 
     </span>
     <span class='ocr_line' id='line_1_37' title="bbox 122 4566 1772 4658; baseline -0.002 -24"><span class='ocrx_word' id='word_1_358' title='bbox 122 4569 203 4635; x_wconf 83' lang='lat' dir='ltr'>dues</span> <span class='ocrx_word' id='word_1_359' title='bbox 226 4576 336 4657; x_wconf 79' lang='lat' dir='ltr'>partes</span> <span class='ocrx_word' id='word_1_360' title='bbox 358 4577 447 4636; x_wconf 89' lang='lat' dir='ltr'>terre</span> <span class='ocrx_word' id='word_1_361' title='bbox 470 4571 599 4657; x_wconf 78' lang='lat' dir='ltr'>integre</span> <span class='ocrx_word' id='word_1_362' title='bbox 616 4592 689 4637; x_wconf 87' lang='lat' dir='ltr'>oum</span> <span class='ocrx_word' id='word_1_363' title='bbox 707 4573 794 4637; x_wconf 91' lang='lat' dir='ltr'>omni</span> <span class='ocrx_word' id='word_1_364' title='bbox 810 4575 972 4658; x_wconf 87' lang='lat' dir='ltr'>proventu</span> <span class='ocrx_word' id='word_1_365' title='bbox 989 4570 1143 4649; x_wconf 85' lang='lat' dir='ltr'>habeant,</span> <span class='ocrx_word' id='word_1_366' title='bbox 1166 4576 1200 4635; x_wconf 88' lang='lat' dir='ltr'>et</span> <span class='ocrx_word' id='word_1_367' title='bbox 1215 4569 1388 4655; x_wconf 86' lang='lat' dir='ltr'>episcopus</span> <span class='ocrx_word' id='word_1_368' title='bbox 1403 4567 1455 4631; x_wconf 87' lang='lat' dir='ltr'>vel</span> <span class='ocrx_word' id='word_1_369' title='bbox 1473 4566 1619 4652; x_wconf 87' lang='lat' dir='ltr'>episcopi</span> <span class='ocrx_word' id='word_1_370' title='bbox 1643 4566 1772 4631; x_wconf 78' lang='lat' dir='ltr'>tertiam</span> 
     </span>
     <span class='ocr_line' id='line_1_38' title="bbox 124 4671 1772 4760; baseline -0.002 -23"><span class='ocrx_word' id='word_1_371' title='bbox 124 4673 272 4739; x_wconf 88' lang='lat' dir='ltr'>similiter</span> <span class='ocrx_word' id='word_1_372' title='bbox 301 4673 432 4760; x_wconf 89' lang='lat' dir='ltr'>integre</span> <span class='ocrx_word' id='word_1_373' title='bbox 461 4673 607 4740; x_wconf 89' lang='lat' dir='ltr'>habeant</span> <span class='ocrx_word' id='word_1_374' title='bbox 638 4696 712 4740; x_wconf 91' lang='lat' dir='ltr'>cum</span> <span class='ocrx_word' id='word_1_375' title='bbox 741 4676 829 4739; x_wconf 91' lang='lat' dir='ltr'>omni</span> <span class='ocrx_word' id='word_1_376' title='bbox 857 4673 1082 4739; x_wconf 91' lang='lat' dir='ltr'>iurisdictione</span> <span class='ocrx_word' id='word_1_377' title='bbox 1114 4679 1147 4737; x_wconf 94' lang='lat' dir='ltr'>et</span> <span class='ocrx_word' id='word_1_378' title='bbox 1176 4673 1262 4751; x_wconf 85' lang='lat' dir='ltr'>iure,</span> <span class='ocrx_word' id='word_1_379' title='bbox 1296 4671 1397 4736; x_wconf 82' lang='lat' dir='ltr'>solvis</span> <span class='ocrx_word' id='word_1_380' title='bbox 1427 4676 1537 4736; x_wconf 87' lang='lat' dir='ltr'>tamen</span> <span class='ocrx_word' id='word_1_381' title='bbox 1561 4671 1716 4757; x_wconf 88' lang='lat' dir='ltr'>episeopo</span> <span class='ocrx_word' id='word_1_382' title='bbox 1740 4671 1772 4734; x_wconf 92' lang='lat' dir='ltr'>in</span> 
     </span>
     <span class='ocr_line' id='line_1_39' title="bbox 123 4774 1772 4863; baseline -0.002 -22"><span class='ocrx_word' id='word_1_383' title='bbox 123 4775 248 4841; x_wconf 84' lang='lat' dir='ltr'>duabus</span> <span class='ocrx_word' id='word_1_384' title='bbox 271 4777 419 4863; x_wconf 85' lang='lat' dir='ltr'>partibus</span> <span class='ocrx_word' id='word_1_385' title='bbox 441 4778 578 4842; x_wconf 78' lang='lat' dir='ltr'>fratrum</span> <span class='ocrx_word' id='word_1_386' title='bbox 600 4778 666 4842; x_wconf 90' lang='lat' dir='ltr'>illis</span> <span class='ocrx_word' id='word_1_387' title='bbox 689 4777 850 4856; x_wconf 85' lang='lat' dir='ltr'>omnibus,</span> <span class='ocrx_word' id='word_1_388' title='bbox 881 4798 944 4862; x_wconf 91' lang='lat' dir='ltr'>que</span> <span class='ocrx_word' id='word_1_389' title='bbox 973 4797 1039 4841; x_wconf 94' lang='lat' dir='ltr'>non</span> <span class='ocrx_word' id='word_1_390' title='bbox 1071 4782 1210 4862; x_wconf 87' lang='lat' dir='ltr'>possunt</span> <span class='ocrx_word' id='word_1_391' title='bbox 1231 4775 1295 4840; x_wconf 89' lang='lat' dir='ltr'>nisi</span> <span class='ocrx_word' id='word_1_392' title='bbox 1318 4793 1378 4859; x_wconf 86' lang='lat' dir='ltr'>per</span> <span class='ocrx_word' id='word_1_393' title='bbox 1401 4774 1591 4861; x_wconf 88' lang='lat' dir='ltr'>episcopum</span> <span class='ocrx_word' id='word_1_394' title='bbox 1614 4774 1772 4839; x_wconf 84' lang='lat' dir='ltr'>exerceri.</span> 
     </span>
     <span class='ocr_line' id='line_1_40' title="bbox 123 4876 1774 4963; baseline -0.003 -19"><span class='ocrx_word' id='word_1_395' title='bbox 123 4880 245 4946; x_wconf 83' lang='lat' dir='ltr'>Verum</span> <span class='ocrx_word' id='word_1_396' title='bbox 269 4901 342 4947; x_wconf 87' lang='lat' dir='ltr'>cum</span> <span class='ocrx_word' id='word_1_397' title='bbox 365 4902 424 4950; x_wconf 84' lang='lat' dir='ltr'>noa</span> <span class='ocrx_word' id='word_1_398' title='bbox 446 4883 676 4948; x_wconf 76' lang='lat' dir='ltr'>limitationem</span> <span class='ocrx_word' id='word_1_399' title='bbox 699 4889 734 4948; x_wconf 91' lang='lat' dir='ltr'>et</span> <span class='ocrx_word' id='word_1_400' title='bbox 755 4881 949 4958; x_wconf 88' lang='lat' dir='ltr'>divisionem</span> <span class='ocrx_word' id='word_1_401' title='bbox 971 4879 1157 4945; x_wconf 89' lang='lat' dir='ltr'>huiusmodi</span> <span class='ocrx_word' id='word_1_402' title='bbox 1173 4878 1363 4944; x_wconf 83' lang='lat' dir='ltr'>duxerimus</span> <span class='ocrx_word' id='word_1_403' title='bbox 1380 4879 1576 4943; x_wconf 78' lang='lat' dir='ltr'>anctoritate</span> <span class='ocrx_word' id='word_1_404' title='bbox 1592 4876 1774 4963; x_wconf 89' lang='lat' dir='ltr'>apostolica</span> 
     </span>
     <span class='ocr_line' id='line_1_41' title="bbox 123 4982 1773 5073; baseline -0.002 -25"><span class='ocrx_word' id='word_1_405' title='bbox 123 4983 368 5067; x_wconf 79' lang='lat' dir='ltr'>confirmandas,</span> <span class='ocrx_word' id='word_1_406' title='bbox 392 4985 625 5073; x_wconf 71' lang='lat' dir='ltr'>precipiendo‘¹</span> <span class='ocrx_word' id='word_1_407' title='bbox 648 4985 853 5067; x_wconf 84' lang='lat' dir='ltr'>mandamus,</span> <span class='ocrx_word' id='word_1_408' title='bbox 877 4986 1030 5070; x_wconf 89' lang='lat' dir='ltr'>quatinus</span> <span class='ocrx_word' id='word_1_409' title='bbox 1053 5006 1119 5049; x_wconf 90' lang='lat' dir='ltr'>une</span> <span class='ocrx_word' id='word_1_410' title='bbox 1141 4985 1284 5070; x_wconf 85' lang='lat' dir='ltr'>ipsamm</span> <span class='ocrx_word' id='word_1_411' title='bbox 1307 4982 1478 5048; x_wconf 85' lang='lat' dir='ltr'>diocesum</span> <span class='ocrx_word' id='word_1_412' title='bbox 1500 4982 1647 5060; x_wconf 80' lang='lat' dir='ltr'>Proseis,</span> <span class='ocrx_word' id='word_1_413' title='bbox 1676 5001 1773 5066; x_wconf 91' lang='lat' dir='ltr'>quam</span> 
     </span>
     <span class='ocr_line' id='line_1_42' title="bbox 124 5083 1773 5176; baseline -0.003 -23"><span class='ocrx_word' id='word_1_414' title='bbox 124 5088 289 5169; x_wconf 83' lang='lat' dir='ltr'>malueris,</span> <span class='ocrx_word' id='word_1_415' title='bbox 318 5096 352 5154; x_wconf 87' lang='lat' dir='ltr'>et</span> <span class='ocrx_word' id='word_1_416' title='bbox 380 5095 473 5175; x_wconf 88' lang='lat' dir='ltr'>parte</span> <span class='ocrx_word' id='word_1_417' title='bbox 503 5091 601 5156; x_wconf 90' lang='lat' dir='ltr'>tertia</span> <span class='ocrx_word' id='word_1_418' title='bbox 628 5097 715 5155; x_wconf 90' lang='lat' dir='ltr'>terre</span> <span class='ocrx_word' id='word_1_419' title='bbox 746 5090 847 5176; x_wconf 88' lang='lat' dir='ltr'>ipsius</span> <span class='ocrx_word' id='word_1_420' title='bbox 877 5088 1017 5154; x_wconf 87' lang='lat' dir='ltr'>diocesis</span> <span class='ocrx_word' id='word_1_421' title='bbox 1040 5094 1214 5153; x_wconf 89' lang='lat' dir='ltr'>contentus</span> <span class='ocrx_word' id='word_1_422' title='bbox 1237 5087 1400 5165; x_wconf 81' lang='lat' dir='ltr'>existens,</span> <span class='ocrx_word' id='word_1_423' title='bbox 1431 5092 1536 5151; x_wconf 84' lang='lat' dir='ltr'>terres</span> <span class='ocrx_word' id='word_1_424' title='bbox 1559 5087 1612 5150; x_wconf 87' lang='lat' dir='ltr'>vel</span> <span class='ocrx_word' id='word_1_425' title='bbox 1636 5084 1709 5149; x_wconf 89' lang='lat' dir='ltr'>iura</span> <span class='ocrx_word' id='word_1_426' title='bbox 1732 5083 1773 5148; x_wconf 89' lang='lat' dir='ltr'>ad</span> 
     </span>
    </p>

    <p class='ocr_par' dir='ltr' id='par_1_19' title="bbox 50 5187 1773 5278">
     <span class='ocr_line' id='line_1_43' title="bbox 50 5187 1773 5278; baseline -0.003 -20"><span class='ocrx_word' id='word_1_427' title='bbox 50 5219 78 5259; x_wconf 72' lang='lat' dir='ltr'>co</span> <span class='ocrx_word' id='word_1_428' title='bbox 125 5198 249 5278; x_wconf 87' lang='lat' dir='ltr'>partem</span> <span class='ocrx_word' id='word_1_429' title='bbox 277 5192 433 5273; x_wconf 85' lang='lat' dir='ltr'>diocesia,</span> <span class='ocrx_word' id='word_1_430' title='bbox 469 5214 565 5278; x_wconf 89' lang='lat' dir='ltr'>quam</span> <span class='ocrx_word' id='word_1_431' title='bbox 596 5192 783 5278; x_wconf 89' lang='lat' dir='ltr'>eligendam</span> <span class='ocrx_word' id='word_1_432' title='bbox 810 5191 962 5273; x_wconf 83' lang='lat' dir='ltr'>duxeris,</span> <span class='ocrx_word' id='word_1_433' title='bbox 997 5191 1195 5278; x_wconf 87' lang='lat' dir='ltr'>pertinentia</span> <span class='ocrx_word' id='word_1_434' title='bbox 1224 5189 1409 5270; x_wconf 85' lang='lat' dir='ltr'>infeudare,</span> <span class='ocrx_word' id='word_1_435' title='bbox 1444 5189 1588 5253; x_wconf 89' lang='lat' dir='ltr'>alienare</span> <span class='ocrx_word' id='word_1_436' title='bbox 1611 5189 1664 5253; x_wconf 82' lang='lat' dir='ltr'>vel</span> <span class='ocrx_word' id='word_1_437' title='bbox 1694 5187 1773 5252; x_wconf 89' lang='lat' dir='ltr'>dare</span> 
     </span>
    </p>
   </div>
   <div class='ocr_carea' id='block_1_12' title="bbox 127 5445 1774 5608">
    <p class='ocr_par' dir='ltr' id='par_1_20' title="bbox 127 5445 1774 5608">
     <span class='ocr_line' id='line_1_44' title="bbox 223 5445 1774 5522; baseline -0.004 -17"><span class='ocrx_word' id='word_1_438' title='bbox 223 5452 248 5517; x_wconf 79' lang='lat'>⁸)</span> <span class='ocrx_word' id='word_1_439' title='bbox 266 5453 303 5518; x_wconf 86' lang='grc' dir='ltr'><strong><em>Τ,</em></strong></span> <span class='ocrx_word' id='word_1_440' title='bbox 322 5453 372 5513; x_wconf 59' lang='grc'>4,·</span> <span class='ocrx_word' id='word_1_441' title='bbox 386 5451 415 5504; x_wconf 86' lang='lat' dir='ltr'>in</span> <span class='ocrx_word' id='word_1_442' title='bbox 431 5451 596 5522; x_wconf 67' lang='lat' dir='ltr'>deeetBuyn.</span> <span class='ocrx_word' id='word_1_443' title='bbox 667 5451 692 5517; x_wconf 76' lang='lat' dir='ltr'>t)</span> <span class='ocrx_word' id='word_1_444' title='bbox 711 5453 748 5517; x_wconf 91' lang='grc' dir='ltr'><strong><em>Τ,</em></strong></span> <span class='ocrx_word' id='word_1_445' title='bbox 766 5453 813 5514; x_wconf 72' lang='grc' dir='ltr'>Α,</span> <span class='ocrx_word' id='word_1_446' title='bbox 830 5455 879 5521; x_wconf 90' lang='lat' dir='ltr'>ipsi</span> <span class='ocrx_word' id='word_1_447' title='bbox 891 5453 975 5520; x_wconf 79' lang='lat' dir='ltr'>Repu.</span> <span class='ocrx_word' id='word_1_448' title='bbox 1047 5453 1071 5513; x_wconf 80' lang='grc' dir='ltr'>ο)</span> <span class='ocrx_word' id='word_1_449' title='bbox 1094 5451 1130 5516; x_wconf 94' lang='grc' dir='ltr'><strong><em>Τ,</em></strong></span> <span class='ocrx_word' id='word_1_450' title='bbox 1151 5451 1198 5511; x_wconf 63' lang='grc' dir='ltr'>Α,</span> <span class='ocrx_word' id='word_1_451' title='bbox 1216 5450 1335 5502; x_wconf 87' lang='lat' dir='ltr'>I‘russiae</span> <span class='ocrx_word' id='word_1_452' title='bbox 1348 5448 1433 5515; x_wconf 71' lang='lat' dir='ltr'>noyn.</span> <span class='ocrx_word' id='word_1_453' title='bbox 1504 5445 1529 5513; x_wconf 77' lang='lat' dir='ltr'>d)</span> <span class='ocrx_word' id='word_1_454' title='bbox 1555 5448 1595 5508; x_wconf 85' lang='lat' dir='ltr'><em>T.,·</em></span> <span class='ocrx_word' id='word_1_455' title='bbox 1612 5449 1774 5518; x_wconf 82' lang='lat' dir='ltr'>presentibus</span> 
     </span>
     <span class='ocr_line' id='line_1_45' title="bbox 127 5535 1015 5608; baseline -0.003 -17"><span class='ocrx_word' id='word_1_456' title='bbox 127 5535 219 5604; x_wconf 60' lang='grc' dir='ltr'>ΒΨ,</span> <span class='ocrx_word' id='word_1_457' title='bbox 236 5537 390 5591; x_wconf 68' lang='lat' dir='ltr'>fratemiind</span> <span class='ocrx_word' id='word_1_458' title='bbox 405 5545 452 5591; x_wconf 78' lang='lat' dir='ltr'>tus</span> <span class='ocrx_word' id='word_1_459' title='bbox 467 5554 516 5607; x_wconf 78' lang='lat' dir='ltr'>par</span> <span class='ocrx_word' id='word_1_460' title='bbox 530 5539 673 5607; x_wconf 64' lang='lat' dir='ltr'>apostolica</span> <span class='ocrx_word' id='word_1_461' title='bbox 690 5541 787 5608; x_wconf 77' lang='lat' dir='ltr'>scripta</span> <span class='ocrx_word' id='word_1_462' title='bbox 804 5539 968 5606; x_wconf 88' lang='lat' dir='ltr'>precipiendo</span> <span class='ocrx_word' id='word_1_463' title='bbox 982 5538 1015 5588; x_wconf 77' lang='lat' dir='ltr'>A.</span> 
     </span>
    </p>
   </div>
   <div class='ocr_carea' id='block_1_13' title="bbox 224 5655 878 5727">
    <p class='ocr_par' dir='ltr' id='par_1_21' title="bbox 224 5655 878 5727">
     <span class='ocr_line' id='line_1_46' title="bbox 224 5655 878 5727; baseline 0.002 -16"><span class='ocrx_word' id='word_1_464' title='bbox 224 5655 388 5726; x_wconf 49' lang='lat' dir='ltr'>lutino</span> <span class='ocrx_word' id='word_1_465' title='bbox 592 5655 834 5727; x_wconf 65' lang='lat' dir='ltr'>&#39;nntiiaenOct</span> <span class='ocrx_word' id='word_1_466' title='bbox 852 5663 878 5712; x_wconf 83' lang='lat'>8.</span> 
     </span>
    </p>
   </div>
   <div class='ocr_carea' id='block_1_14' title="bbox 0 0 2174 6228">
    <p class='ocr_par' dir='ltr' id='par_1_22' title="bbox 0 0 2174 6228">
     <span class='ocr_line' id='line_1_47' title="bbox 0 0 2174 6228; baseline 0 0"><span class='ocrx_word' id='word_1_467' title='bbox 0 0 2174 6228; x_wconf 95' lang='lat' dir='ltr'> </span> 
     </span>
    </p>
   </div>
  </div>
 </body>
</html>
