4328 6232
810 344 857 397 EX
876 344 1096 400 INNOGENTII
1115 345 1153 398 IV
1172 343 1354 399 REGISTRO

1039 609 1124 681 748.

355 717 575 810 Innocentius
597 747 654 811 IV
667 768 757 831 popa
780 748 893 812 eisdem
916 749 1059 827 inundat,
1087 754 1123 812 nt
1149 749 1240 812 electo
1264 748 1451 824 Turritano,
1481 749 1667 828 apostolicae
1695 746 1780 810 sedis
1802 746 1910 827 lupata

251 852 404 929 tanquam
426 849 539 913 rectori
560 869 617 913 suo
639 851 687 914 ael
709 851 777 914 eins
791 850 910 915 onorio
925 851 1078 930 obediant,
1101 854 1230 917 scientos
1245 871 1277 916 se
1292 853 1500 916 concessiones
1513 869 1611 931 nsque
1625 849 1669 914 ad
1683 850 1911 928 beneyrtantonr

251 952 453 1032 apostolicum
471 952 581 1036 foetas
603 973 754 1018 revocare.
1561 956 1653 1031 1249,
1677 953 1752 1016 Ian.
1771 956 1822 1015 10.

356 1070 421 1123 Inn.
436 1070 457 1123 1
461 1071 486 1123 V
502 1071 566 1140 aa.
585 1071 646 1125 Inb.
663 1072 710 1140 VI,
727 1072 748 1138 s.
763 1080 799 1139 75,
818 1089 874 1126 cnr.
893 1089 921 1127 n.
933 1078 974 1127 83.

356 1156 487 1226 Pottbast,
508 1158 571 1227 Rea.
584 1165 679 1226 13741,·
697 1160 795 1227 Bcrper
811 1168 883 1215 4745.

975 1215 1199 1309 Eisdem.v

362 1363 443 1428 Cum
467 1365 587 1430 dilecto
611 1368 679 1431 filio
696 1417 725 1433 ..
743 1368 849 1432 electo
870 1367 1044 1431 Turritauo
1061 1371 1124 1432 etc.
1148 1373 1184 1430 ut
1207 1378 1328 1452 supra·
1349 1388 1468 1451 usque:
1493 1367 1646 1451 quatinus
1671 1363 1779 1428 eidem
1804 1363 1912 1427 electo

253 1468 304 1530 vel
320 1469 391 1531 eius
408 1470 553 1533 vicario¹
577 1471 609 1534 in
633 1470 784 1535 omnibus
809 1470 942 1535 obedire
966 1491 1004 1534 ae
1029 1469 1201 1535 intendere
1225 1471 1463 1556 procuretis-
1479 1491 1545 1534 non
1569 1467 1722 1532 obstante
1747 1467 1776 1529 si
1800 1466 1912 1551 alique

253 1572 402 1636 civitates
431 1578 488 1636 aut
516 1579 625 1637 castra
648 1574 701 1639 vel
728 1575 794 1639 alia
817 1575 888 1639 loca
910 1573 1053 1638 tenenda
1076 1595 1135 1637 seu
1159 1573 1373 1638 custodienda
1396 1573 1643 1658 quibuscunque
1666 1571 1823 1656 personis
1847 1570 1912 1633 sint

252 1673 293 1737 ab
322 1675 505 1759 apostolica
537 1676 616 1741 sede
650 1679 825 1741 commissa
857 1698 960 1762 usque
993 1676 1035 1741 ad
1066 1682 1177 1741 nostre
1209 1677 1454 1762 beneplacitum
1482 1675 1673 1754 voluntatis,
1706 1694 1789 1758 quas
1821 1694 1909 1737 com-

252 1779 427 1843 missiones
457 1779 587 1865 penitus
616 1801 820 1846 revocamus.
866 1779 1024 1865 Alioquin
1051 1779 1249 1862 sententias,
1283 1802 1362 1866 quas
1391 1780 1478 1844 idem
1501 1780 1555 1844 vel
1578 1778 1719 1842 vicarius
1750 1776 1823 1839 eius
1847 1783 1909 1840 ete.

360 1899 436 1964 Dat.
459 1907 496 1964 ut
519 1922 629 1986 supra.

359 2019 398 2083 In
422 2020 562 2085 eundem
585 2021 716 2086 modum
739 2021 901 2085 universis
925 2042 983 2106 per
1007 2020 1188 2087 Corsicam.

1041 2487 1126 2562 749.

356 2599 576 2716 Innocentius
591 2627 647 2691 IV
658 2649 747 2711 papa
761 2628 986 2712 [Hermanno]
1007 2628 1146 2709 episcopo
1168 2628 1390 2708 Herbipolonsi
1412 2629 1580 2706 mnrnrittit,
1603 2633 1638 2691 nt
1660 2649 1765 2693 aiones
1787 2629 1912 2693 derisos

252 2735 281 2794 ct
307 2731 404 2795 laicos
432 2731 561 2795 daorsis
590 2750 665 2795 snae
694 2732 738 2796 od
765 2733 975 2796 assistendum
1003 2732 1064 2796 sibi
1090 2733 1127 2796 in
1156 2733 1287 2813 repotiis
1314 2733 1457 2796 eeclesiae
1478 2754 1538 2816 per
1561 2731 1803 2796 subtractionem
1826 2732 1912 2796 aaa·

251 2835 394 2916 fictorum
418 2837 447 2898 ct
467 2833 633 2914 feudorum
655 2836 826 2916 compellat.
1561 2837 1654 2913 1249,
1678 2835 1754 2898 Inrr.
1774 2839 1826 2898 13.

356 2955 420 3008 Inn.
434 2954 482 3008 IV
498 2954 562 3023 Rea.
581 2952 640 3008 Inb.
657 2954 702 3022 VL
719 2955 792 3022 s.52,
810 2972 838 3010 n.
852 2962 909 3010 682.
940 2956 1097 3024 Eneruplor,
1119 2955 1190 3023 qnod
1207 2955 1315 3023 Hbtlor,
1332 2955 1394 3010 Alb.
1411 2971 1433 3009 o.
1453 2955 1522 3009 Beli.
1536 2970 1566 3022 p.
1579 2960 1625 3008 199
1641 2953 1729 3022 elidit,
1753 2955 1912 3008 oontdim

251 3057 313 3095 nm
331 3040 456 3109 mew-
691 3085 703 3111 .

356 3126 482 3194 Panna,
503 3126 565 3195 Ray.
580 3133 676 3189 1340&
694 3128 790 3196 Bctycr
808 3135 880 3182 4572.

724 3345 763 3362 ..
792 3289 1026 3380 episcopo
1055 3286 1436 3381 Herbipolensi².

99 3454 163 3497 eros.
176 3459 251 3506 aas.
363 3438 445 3503 Cum
462 3437 570 3502 divine
588 3440 708 3524 pagine
725 3445 865 3503 testetur
881 3441 1056 3524 eloquium,
1082 3441 1167 3504 iusto
1185 3439 1297 3503 deberi
1314 3440 1531 3504 substantiam
1548 3439 1742 3523 peccatoris,
1760 3438 1908 3502 fraterni-

253 3544 311 3606 tati
336 3550 391 3605 tue
415 3544 617 3627 presentium
640 3542 835 3607 auctoritate
865 3542 1115 3622 committimus,
1145 3551 1182 3606 ut
1212 3563 1326 3606 omnes
1357 3550 1424 3606 tam
1449 3542 1585 3606 clericos
1608 3561 1705 3624 quam
1731 3542 1835 3607 laicos
1858 3550 1909 3604 tue

254 3644 394 3708 diocesis
434 3644 475 3708 ad
510 3647 729 3710 assistendum
771 3646 830 3710 tibi
863 3648 896 3709 in
932 3646 1074 3730 negotiis
1108 3646 1305 3710 universalis
1340 3646 1480 3710 ecclesie
1514 3666 1573 3730 per
1607 3644 1845 3709 beneficiorum
1880 3655 1910 3708 et

253 3746 425 3811 feudorum
449 3747 705 3813 subtractionem
729 3749 918 3834 compellas,
942 3750 1031 3834 ipsos
1055 3748 1191 3824 eisdem,
1215 3749 1242 3810 si
1258 3749 1365 3812 animo
1383 3747 1535 3811 indurato
1553 3748 1744 3826 restiterint,
1769 3749 1907 3813 auctori-

254 3856 321 3914 tate
344 3855 455 3913 nostra
477 3849 634 3935 privando
659 3859 692 3916 et
712 3874 752 3916 es
770 3852 966 3917 conferendo
984 3853 1055 3917 aliis
1073 3853 1220 3937 personis
1237 3852 1373 3931 idoneis,
1397 3852 1536 3917 ecclesie
1552 3851 1700 3916 Romane
1718 3851 1857 3933 devotis,
1872 3891 1908 3900 -
1948 3868 1955 3901 ²

255 3975 319 4017 non
343 3952 494 4018 obstante
520 3954 547 4017 si
571 3976 684 4019 corum
707 3955 805 4019 alicui
829 3978 848 4020 a
872 3956 950 4021 sede
974 3955 1156 4041 apostolica
1180 3955 1223 4018 sit
1245 3955 1418 4035 indultum,
1441 3956 1527 4040 quod
1550 3956 1831 4020 excommunicari
1853 3978 1908 4020 seu

254 4055 406 4122 interdici
429 4063 572 4143 nequeat
589 4060 640 4123 vel
664 4058 830 4143 suspendi,
855 4081 927 4124 cum
952 4060 1160 4145 privilegium
1184 4065 1350 4123 mereatur
1373 4058 1557 4136 amitteret
1583 4058 1637 4143 qui
1661 4060 1826 4145 permissa
1849 4060 1909 4124 sibi

253 4160 400 4225 abutitur
421 4168 586 4246 potestate
611 4187 665 4238 -;
689 4162 943 4239 contradictores
967 4163 1057 4228 etc.³.

362 4281 438 4345 Dat.
463 4281 626 4366 Lugduni,
652 4282 701 4349 Id.
725 4283 820 4364 Iunii,
845 4305 930 4348 anno
947 4283 1022 4350 VI0.

877 4526 1277 4535 .—-—--.--—-—.-.

1040 4752 1125 4826 750.

359 4863 578 4956 Innocentius
605 4891 661 4954 IV
684 4913 773 4975 papo
802 4891 978 4977 [Viciano]
1007 4894 1147 4976 episeopo
1177 4891 1374 4956 Rntbencnsi
1407 4892 1550 4968 rmndat,
1585 4896 1619 4953 nt
1652 4914 1722 4955 enm
1757 4893 1914 4974 qrrorrdam

255 4995 414 5060 Iobanrccs
436 4995 473 5058 cle
499 4993 675 5059 Obobrciro
703 4999 841 5060 castrum
868 4995 905 5058 de
928 4996 1112 5081 Viridifolio
1141 5000 1170 5059 et
1196 4996 1387 5059 necdietatern
1418 4996 1514 5060 castri
1541 4996 1578 5059 de
1601 4995 1699 5060 Petra
1724 4997 1851 5061 Sedala
1880 4996 1915 5060 dc

358 5219 382 5284 ¹)
400 5220 471 5270 Certe
489 5237 542 5269 non
559 5229 588 5270 ut
605 5221 632 5271 in
649 5237 687 5286 cp.
705 5221 875 5282 antecedente,
886 5221 924 5270 ita
935 5229 963 5271 nt
974 5220 1052 5270 aerbo
1064 5236 1153 5270 omnes
1165 5220 1344 5270 concessiones
1358 5245 1388 5254 -
1402 5226 1553 5270 revocantes
1570 5220 1597 5269 in
1610 5220 1659 5270 boc
1671 5237 1771 5286 qimaiu
1782 5238 1821 5287 ep.
1830 5223 1915 5287 postu

248 5307 492 5374 suariut5fortosac
510 5307 583 5357 utin
600 5325 625 5358 n.
644 5312 700 5371 746,
717 5309 763 5359 aad
775 5309 939 5374 probabilius
957 5317 985 5359 nt
1002 5308 1029 5358 in
1048 5326 1072 5358 n.
1088 5312 1136 5359 681
1149 5306 1217 5357 XII.
1246 5306 1305 5356 Iuni
1322 5306 1350 5356 in
1369 5323 1407 5371 cp.
1426 5323 1479 5356 cur.
1494 5310 1523 5356 76
1540 5314 1563 5357 et
1580 5311 1610 5357 77
1626 5305 1668 5373 [n.
1683 5312 1733 5359 745
1747 5307 1787 5357 VI
1802 5317 1826 5359 et
1846 5304 1913 5374 VH]

254 5395 405 5460 repiatrator
423 5392 460 5443 ad
477 5401 538 5444 octo
556 5393 689 5460 leqobonia
706 5393 777 5445 Petri
794 5395 941 5446 cardinalia
958 5396 1076 5446 laotowm
1093 5402 1264 5445 reuocauerat.
1369 5390 1394 5457 b)
1413 5395 1530 5444 amittere
1548 5392 1579 5443 R.

359 5530 385 5595 1)
405 5527 500 5582 Etiam
522 5528 622 5583 manno
644 5529 752 5583 rectms
775 5547 844 5598 queue
866 5530 897 5583 in
919 5548 947 5585 n.
964 5537 1012 5586 746
1028 5535 1052 5584 at
1072 5529 1308 5583 rotmannum
1330 5533 1471 5595 mauram
1490 5543 1568 5596 popu
1585 5527 1637 5581 bac
1653 5543 1692 5596 ep.
1710 5531 1827 5581 nutam
1844 5529 1911 5588 ortt,-

253 5613 286 5679 ct.
300 5629 329 5681 Ρ.
345 5620 403 5682 660,
422 5618 511 5670 note
599 5615 628 5680 2)
647 5614 689 5682 Of.
706 5632 734 5670 n.
746 5622 795 5671 381
812 5621 835 5670 ot
855 5622 912 5674 736.
1000 5619 1028 5682 3)
1046 5615 1136 5671 Sinde
1152 5614 1311 5669 marannis
1328 5613 1377 5668 snb
1394 5614 1451 5667 ntia
1465 5614 1553 5682 sarm
1570 5613 1601 5666 in
1619 5631 1647 5668 n
1661 5613 1829 5669 ⁶812(er
