4328 6232
720 356 922 417 EPISTOLAE
941 362 1135 420 SELEC'I'AE.
1173 366 1247 423 1248.
1748 378 1810 440 399

149 528 347 595 conferendi
369 531 518 617 personis
540 530 666 598 idoneis
690 540 724 598 et
747 535 888 600 ecclesie
912 536 1061 601 Romane
1085 538 1227 622 devotis,
1258 563 1384 606 necnon
1414 543 1624 629 dispensandi
1648 548 1810 613 cumillis

146 632 199 697 de
232 631 304 719 ipse
338 635 499 719 capitulo,
539 636 596 720 qui
632 657 692 722 per
729 636 912 703 devolionis
950 646 983 703 et
1021 641 1210 708 obedientie
1248 645 1392 709 studium
1426 668 1461 711 se
1495 650 1600 733 gratie
1637 650 1811 717 duxerint⁸

148 736 370 822 coaptandus,
400 759 500 825 super
521 740 772 825 irregularitatis
795 749 881 825 neta,
905 745 932 807 si
954 765 1052 829 quam
1081 749 1282 814 contraxisse
1306 755 1492 831 noscuntur,
1524 752 1585 817 tibi
1614 756 1809 820 auctoritate

147 846 270 906 nostra
291 841 448 907 facultate
471 864 644 920 concessa;
668 845 921 910 contradictores
944 854 1007 913 etc.

78 980 87 1018 ³
266 962 343 1028 Dat.
366 963 529 1052 Lugduni,
552 964 603 1030 XI
625 964 702 1034 Kal.
725 967 822 1050 Iunii,
846 989 931 1032 anno
945 967 1002 1037 V0.

940 1460 1027 1534 563.

262 1569 481 1663 Irrnooenlins
496 1598 554 1664 IV
559 1621 651 1682 papa
664 1601 848 1686 [Eperroni]
862 1602 1001 1682 episeopo
1017 1601 1211 1666 Bricinensi
1220 1601 1408 1686 facultatem
1430 1607 1574 1683 coneedit,
1596 1609 1633 1668 at
1648 1607 1811 1687 praelatos

143 1702 184 1761 ct
211 1700 338 1766 clericos
367 1702 511 1767 ecclesiae
536 1703 742 1769 Tridentinae
769 1725 864 1769 enrac
891 1706 993 1786 ἱρείας
1021 1706 1211 1783 cerrensissae,
1243 1707 1299 1788 qni
1326 1707 1356 1770 ci
1383 1707 1504 1773 obedire
1530 1713 1741 1786 contemnant,
1770 1709 1811 1773 ab

144 1804 275 1886 officiis
296 1806 468 1887 smpnrdat
488 1810 518 1871 et
540 1807 696 1889 bneficiis
711 1808 826 1891 privet.
1456 1815 1548 1890 1246,
1569 1812 1654 1878 Mai.
1669 1814 1723 1879 25.

260 1924 327 1979 Ian.
341 1924 390 1979 IV
403 1926 466 1996 Ray.
482 1925 537 1981 Vol.
555 1927 580 1996 1,
592 1934 655 1992 ὀ33;
676 1928 737 1983 lae.
755 1928 785 1995 V,
804 1935 863 1983 848.

262 2012 360 2081 Bnyer
376 2018 454 2068 3896.

690 2181 729 2199 ..
758 2125 982 2218 episcopo
1009 2126 1279 2201 Brixinensi.

265 2271 312 2338 Ut
335 2274 480 2341 indevoti
503 2275 544 2341 dc
567 2276 777 2342 indevotione
801 2276 959 2339 iacturam
984 2283 1018 2340 et
1040 2275 1150 2341 devoti
1175 2277 1346 2342 comodum
1369 2299 1411 2342 ex
1435 2277 1609 2342 devotione
1632 2286 1809 2363 reportent,

144 2376 382 2463 suspendendi
413 2379 454 2443 ab
478 2379 592 2443 officiis
616 2386 650 2445 et
673 2379 824 2466 privandi
848 2379 1017 2444 beneficiis
1041 2381 1273 2446 ecclesiasticis
1296 2381 1436 2468 prelatos
1460 2391 1493 2445 et
1516 2382 1664 2462 elericos,
1692 2382 1754 2446 tibi
1777 2391 1810 2447 ct

145 2481 300 2547 ecclesie
322 2480 514 2547 Tridentine
537 2488 595 2547 tue
619 2504 696 2549 eure
725 2486 919 2547 auctoritate
950 2489 1063 2547 nostra
1091 2485 1264 2550 commisse
1292 2484 1470 2564 subiectos,
1498 2487 1558 2571 ‚qui
1587 2485 1646 2549 tibi
1674 2486 1809 2551 obedire

144 2586 425 2672 contempserint,
450 2606 553 2673 eaque
576 2586 737 2652 beneficia
760 2587 950 2653 conferendi
972 2589 1121 2674 personis
1146 2588 1272 2654 idoneis
1295 2595 1328 2652 et
1352 2588 1493 2654 ecclesie
1508 2589 1657 2654 Romane
1681 2589 1809 2655 devotis

145 2707 218 2753 nec
241 2710 308 2754 nou
330 2696 366 2754 et
384 2689 597 2776 dispensandi
621 2692 783 2757 cumillis
807 2714 850 2757 ex
874 2692 998 2757 eisdem
1021 2694 1156 2779 prelatis
1179 2700 1214 2758 et
1236 2693 1381 2772 clericis,
1409 2693 1464 2777 qui
1488 2713 1549 2776 per
1570 2691 1753 2757 devotionis
1777 2702 1812 2758 ct

145 2791 347 2857 obedientie
370 2792 513 2857 studium
536 2815 573 2859 se
595 2797 702 2880 gratie
732 2796 944 2882 coaptarintb,
974 2817 1073 2882 super
1100 2797 1351 2881 irregularitatis
1378 2803 1470 2876 neta,
1498 2795 1526 2857 si
1555 2816 1651 2880 quam
1675 2795 1810 2861 forsitan

145 2902 404 2977 contraxerunt,
427 2902 462 2962 et
483 2898 714 2983 compescendi
738 2898 1008 2981 contradictores,
1032 2901 1059 2963 si
1084 2920 1219 2965 neeesse
1244 2900 1351 2979 fucrit,
1375 2920 1435 2983 per
1458 2918 1629 2963 censuram
1652 2900 1808 2964 eeclesia-

148 3000 273 3065 sticam
286 3000 509 3086 appellatione
524 3008 651 3067 remote
663 3003 859 3068 fraternitati
872 3010 927 3068 tuo
941 3004 1135 3068 auctoritate
1149 3003 1351 3088 presentium
1366 3000 1574 3066 concedimus
1587 3001 1778 3069 facultatem
1788 3004 1810 3070 ¹.

39 3120 69 3159 ²⁰
261 3120 339 3187 Dat.
361 3119 525 3207 Lugduni,
541 3121 625 3188 VIII
649 3123 723 3189 Kal.
747 3124 844 3205 Iunii,
868 3147 953 3190 anno
969 3124 1026 3190 V0.

775 3388 1187 3397 ——-—-——-

941 3630 1028 3703 564.

261 3744 479 3838 Irrnoeenlins
510 3770 568 3836 IV
584 3792 674 3851 praere
704 3770 925 3851 patriarchani
956 3768 1293 3852 Hierosolymilanrnn,
1330 3768 1517 3849 apostolieae
1550 3769 1634 3832 secl-is
1667 3771 1811 3851 lepatarn,

151 3872 296 3955 aliesqrre
316 3872 438 3939 devotos
460 3874 496 3937 in
512 3874 662 3958 partibas
683 3874 911 3938 transmarinis
933 3873 1114 3937 corrstilales
1137 3873 1281 3937 laborare
1312 3873 1408 3949 iubet,
1438 3876 1474 3935 nt
1498 3871 1687 3936 Tbonrasins
1715 3891 1812 3935 merres

154 3976 365 4056 Acerrornm,
394 3978 450 4060 qni
470 3998 532 4061 pre
553 3977 754 4061 F[riderieo]
775 3977 932 4058 quondm
960 3977 1146 4057 imperatore
1168 3977 1204 4040 in
1225 3976 1371 4041 concitata
1396 3975 1594 4058 Tripolitana
1615 3993 1808 4039 commorans

160 4078 276 4145 mdis
295 4085 411 4159 noceat,
433 4103 456 4146 a
469 4080 620 4163 partibas
640 4081 709 4145 illis
730 4081 862 4146 recedet.
1447 4082 1541 4155 1248,
1563 4078 1647 4144 Mai.
1670 4078 1723 4143 25.

10 4182 43 4219 '³'
263 4201 326 4256 Ina,
344 4200 394 4256 IV
408 4202 472 4271 Regi.
491 4200 546 4256 Vol.
565 4200 677 4269 1,ees,·
698 4200 759 4256 nie.
778 4201 809 4270 V,
827 4217 883 4256 aar.
903 4209 943 4257 53.
977 4201 1076 4255 Peren-i
1100 4201 1232 4269 cantalar
1255 4199 1415 4255 wmrrlirnas
1439 4215 1499 4253 curn
1523 4197 1810 4265 Herillarrl-Ilre'bolles,

162 4287 179 4341 l.
189 4303 209 4342 e
225 4292 244 4341 t.
259 4287 305 4355 VI
318 4306 348 4357 p.
361 4294 419 4343 623,

262 4374 389 4443 Ibttlran,
408 4374 580 4445 Rep.12941,·
597 4376 693 4444 Berpcr
710 4381 785 4430 4103.

331 4571 593 4646 Patriarche
619 4572 1005 4661 lerosolimitano,
1033 4567 1279 4662 apostolice
1307 4568 1440 4641 sedis
1467 4567 1637 4658 legate,

169 4692 530 4786 archiepiscopis
558 4699 603 4767 et
629 4695 858 4786 episcopis
881 4716 930 4766 ac
953 4691 1139 4765 dilectis
1163 4688 1281 4762 filiis
1304 4687 1514 4780 prelatis,
1543 4684 1812 4777 Templeriis

18 4800 73 4849 ³⁰
171 4818 209 4886 et
240 4814 588 4907 Hospitolsriis
628 4820 670 4887 cl
709 4814 935 4887 fratribus
975 4813 1139 4884 demus
1174 4809 1590 4883 Thcutonicorum
1630 4828 1810 4880 necnon

279 4936 545 5010 baronibus
571 4936 820 5009 universis
847 4934 1025 5008 devotis
1051 4930 1255 5005 ecclesie
1282 4931 1330 5002 in
1356 4927 1695 5002 transmarinis

723 5056 936 5149 partibus
964 5052 1249 5127 constitutis.

270 5206 371 5288 Cum,
408 5208 493 5273 sicut
526 5209 728 5295 acecpimus,
767 5206 964 5270 Thonrasius
1001 5224 1109 5268 comes
1144 5202 1358 5279 Acerrarum,
1398 5199 1452 5284 qui
1485 5221 1544 5284 pro
1578 5198 1615 5263 F.
1647 5186 1810 5285 quondam

177 5302 361 5395 inperatore
389 5311 423 5375 in
458 5313 614 5376 comitatu
641 5311 843 5397 Tripolitano
874 5308 994 5373 dieitur
1027 5306 1235 5383 commorari,
1272 5303 1401 5368 devotis
1432 5302 1570 5366 ecclesie
1604 5311 1722 5367 noceat
1753 5327 1811 5391 per

10 5516 20 5551 ι
108 5530 133 5575 ⁸
269 5536 295 5605 ⁸)
311 5536 414 5593 tusa
424 5538 457 5591 B.
561 5538 587 5609 l2)
605 5546 753 5609 coaptarent
762 5538 794 5591 n.

268 5652 292 5725 1l
