4790 6340
218 2967 245 3007 20

218 3932 244 3972 25

220 4553 247 4594 ³⁰

851 435 1050 492 EPIS'I'OLAE
1067 436 1256 494 sensenna
1293 437 1368 496 124⁷.

1075 739 1160 814 398.

398 832 613 926 Innocentius
637 858 658 922 1
665 856 694 922 V
712 877 803 942 papa
826 857 996 924 Iohannem
1025 859 1061 925 de
1083 859 1276 926 Bellomonte
1298 864 1504 928 cammarinm
1525 866 1616 949 regni
1638 867 1797 934 Franeioe
1820 869 1938 950 madet,

294 964 377 1045 qood
398 965 462 1027 tcta
484 961 598 1025 oirtntc
620 960 783 1040 studuerit,
805 966 841 1024 nt
861 983 882 1024 o
905 983 974 1044 repe
993 963 1152 1028 Franciae
1174 967 1203 1027 et
1224 969 1324 1030 nratre
1345 970 1375 1029 et
1390 966 1553 1051 fratribus
1574 970 1642 1034 eins
1662 971 1814 1052 eeclesiae,
1830 993 1938 1054 perse·

296 1068 421 1151 quentis
442 1066 560 1146 impetn
582 1064 732 1144 turbatae,
755 1067 953 1148 magnificam
976 1066 1150 1132 sabadinm
1172 1068 1339 1134 tribnctnr.
1587 1076 1680 1154 1247,
1705 1074 1777 1142 lnn.
1800 1078 1852 1140 17.

400 1185 462 1240 rm.
474 1184 525 1239 ιν
538 1184 601 1254 aa.
620 1183 674 1238 ra
688 1185 710 1254 r,
723 1191 787 1252 aaa,
805 1183 864 1239 no.
880 1183 935 1253 rr,
953 1200 1009 1240 aa.
1028 1191 1086 1241 me.

401 1271 531 1340 Pennas,
550 1271 614 1340 aa.
633 1270 724 1325 eaeo.
746 1271 871 1338 encra·
890 1272 1076 1341 neesson.

480 1434 674 1507 Iohanni
699 1435 752 1507 de
778 1435 1074 1508 Bellomonte
1101 1437 1352 1510 camerario
1379 1439 1527 1530 regar
1552 1439 1753 1517 Francia.

403 1585 576 1650 Famosam
600 1583 706 1648 cordis
731 1584 959 1649 rectitudinem
990 1591 1024 1648 et
1051 1587 1170 1650 mentis
1194 1586 1391 1651 laudabilem
1414 1587 1603 1672 puritatem,
1634 1592 1751 1676 quibus
1780 1593 1935 1659 amatum

297 1690 449 1754 dominus
472 1697 505 1754 te
528 1689 711 1754 illustrasse
735 1688 928 1767 dinoscitur,
957 1691 1066 1754 taliter
1095 1690 1157 1754 hiis
1187 1688 1301 1755 diebus
1330 1712 1428 1776 super
1450 1692 1589 1756 ecclesie
1619 1696 1773 1760 revelasti
1795 1699 1938 1782 negotio,

297 1793 383 1879 quod
412 1795 542 1879 plenam
570 1792 645 1856 inde
669 1793 813 1857 assecuti
835 1792 971 1857 letitiam
995 1792 1156 1858 stabiliter
1179 1793 1212 1857 in
1235 1795 1355 1858 affectu
1378 1793 1536 1879 gerimus,
1550 1802 1600 1874 nt
1622 1797 1681 1861 tibi
1705 1805 1738 1863 et
1761 1799 1825 1864 tuis
1849 1801 1937 1886 pleni

296 1898 418 1963 favoris
435 1897 572 1984 gratiam
589 1900 748 1983 oportuno
765 1906 911 1983 tempore
928 1917 1184 1983 compensemus,
1201 1899 1342 1963 maxime
1359 1918 1432 1962 cum
1447 1898 1623 1984 inspirante
1640 1899 1712 1965 Deo
1728 1907 1799 1966 tota
1819 1903 1938 1970 virtute

296 2000 469 2081 studueris,
494 2006 530 2065 ut
549 2021 568 2064 a
584 2001 758 2064 carissimis
773 2000 806 2064 iu
824 1999 953 2065 Christo
969 2001 1044 2065 liliis
1068 2000 1213 2066 nostrisb
1238 2051 1268 2066 ..
1293 2021 1371 2086 rege
1395 2022 1433 2066 ac
1458 2051 1490 2066 ..
1514 2002 1627 2087 regina
1643 2001 1782 2070 Francis
1804 2005 1939 2072 illustri-

295 2105 357 2171 bus
382 2110 415 2169 et
437 2103 566 2168 dilectis
589 2103 663 2167 filiis
685 2103 850 2167 nobilibus
875 2104 953 2168 viris
977 2104 1167 2183 comitibus,
1196 2105 1351 2169 fratribus
1374 2106 1461 2190 regis
1486 2104 1650 2186 eiusdem,
1674 2108 1883 2192 magnificum
1906 2115 1940 2175 et

296 2208 492 2294 triumphale
515 2206 692 2271 subsidium
716 2208 857 2272 ecclesie
880 2208 1008 2272 turbate
1026 2207 1255 2294 persequentis
1279 2209 1404 2294 impetu
1427 2208 1596 2274 tribuatur.
1643 2208 1726 2274 (lum
1747 2218 1857 2276 autem
1879 2234 1940 2299 per

297 2311 393 2376 huius
413 2311 670 2396 magnitudinem
694 2311 801 2375 meriti
818 2317 1013 2397 proventura
1030 2311 1088 2376 tibi
1113 2313 1155 2376 sit
1177 2332 1219 2376 ex
1236 2310 1319 2376 dono
1336 2311 1444 2377 divine
1461 2312 1632 2378 clementie
1649 2314 1821 2380 retributio
1837 2317 1939 2402 glorie

298 2415 507 2500 sempiterne,
531 2413 735 2478 nobilitatem
757 2421 847 2479 tuam
870 2415 1049 2481 affectuose
1081 2417 1113 2479 in
1136 2415 1279 2480 Domino
1302 2416 1478 2502 rogandam
1502 2415 1652 2481 duximus
1676 2425 1709 2483 et
1732 2419 1938 2500 mouendam,

295 2518 329 2583 in
352 2519 575 2582 remissionem
598 2517 657 2582 tibi
678 2519 901 2604 peccaminum
915 2519 1133 2603 iniungentes,
1157 2521 1309 2603 quatinus
1330 2520 1471 2584 infusum
1495 2521 1555 2585 tibi
1570 2521 1711 2606 desuper
1733 2523 1819 2587 eirea
1834 2524 1939 2590 eccle·

298 2621 378 2686 siam
408 2643 489 2708 pure
518 2620 699 2686 devotionis
727 2621 879 2687 affectum
908 2623 1171 2707 inaugmentum
1204 2623 1250 2687 sic
1274 2622 1435 2687 deducere
1459 2624 1607 2704 studeas,
1635 2629 1672 2689 ut
1697 2626 1868 2692 ecclesiam
1897 2625 1939 2692 ad

296 2730 417 2789 statum
448 2725 658 2789 exurrexisse
680 2745 871 2811 prosperum
894 2723 1156 2810 perdonationis
1179 2733 1235 2792 tue
1259 2727 1404 2791 subsidia
1424 2748 1579 2814 processu
1605 2729 1760 2816 temporis
1782 2731 1939 2796 ilarescas

298 2835 331 2894 et
353 2827 426 2914 ipsa
447 2827 506 2892 tibi
529 2848 567 2891 ac
590 2828 656 2892 tuis
678 2829 819 2914 posteris
841 2833 992 2893 teneatur
1013 2828 1054 2893 ad
1077 2831 1196 2911 omnia,
1219 2851 1281 2916 que
1305 2837 1381 2894 suut
1404 2830 1529 2894 comedi
1553 2839 1586 2894 et
1608 2832 1751 2915 honoris,
1775 2835 1937 2920 tyrampni

296 2931 381 2996 faeie
404 2951 503 3017 super
525 2952 565 2995 eo
588 2931 818 2996 verecundiam
840 2931 1025 3013 incursura,
1053 2932 1138 3016 quod
1160 2933 1269 3018 inique
1294 2933 1485 3020 cogitaverit
1512 2934 1740 3021 persequendo
1764 2938 1938 3002 eeclesiam

297 3035 435 3121 gloriam
459 3054 619 3100 evacuare
642 3034 729 3115 fidei,
752 3055 849 3120 quam
872 3035 905 3098 iu
929 3056 987 3100 suo
1011 3036 1151 3102 firmarit
1176 3039 1334 3123 sanguine
1357 3039 1545 3123 unigenitus
1568 3036 1632 3102 Dei
1655 3040 1729 3102 viri.

404 3153 481 3220 Dat.
503 3161 540 3218 ut
562 3175 670 3240 supra.

919 3315 1322 3324 -——-—--—...——.—-——-

1074 3559 1159 3632 399.

401 3657 617 3756 Innocentius
629 3688 685 3754 IV
700 3710 789 3773 papa
815 3685 920 3756 Utrico
940 3688 1159 3755 archidiacano
1184 3691 1221 3755 in
1242 3687 1446 3757 Beoenbnsen
1476 3690 1639 3758 Verdensis
1660 3693 1788 3760 dmeesis
1816 3693 1940 3760 obtento

297 3793 514 3880 marnam]
535 3793 777 3859 marchionissae
798 3793 835 3858 de
857 3792 1066 3877 Brandeburg
1094 3799 1124 3858 et
1143 3793 1359 3880 M[atieildae]
1380 3795 1520 3860 ducissae
1545 3797 1582 3862 da
1603 3797 1775 3864 Brnnsrcic
1795 3799 1938 3878 concedit,

296 3902 332 3962 nt
347 3919 408 3982 per
426 3897 597 3962 trienninm
617 3916 733 3962 cacans
750 3897 971 3980 ordenationi
985 3900 1169 3964 monasterii
1189 3898 1227 3963 de
1241 3898 1438 3979 Bnctelrnde,
1449 3905 1619 3981 moventes
1638 3921 1709 3966 ereas
1723 3902 1939 3968 ecclesiasticos

290 4004 450 4084 campere
465 4002 577 4083 possit,
600 4023 637 4066 ac
658 4003 687 4066 si
704 4002 914 4082 personaliter
934 4002 970 4064 in
993 4003 1127 4068 ecclesiis
1147 4002 1304 4067 resideret.
1590 4007 1683 4085 1247,
1706 4005 1781 4071 Inn.
1799 4007 1851 4072 19.

399 4121 464 4175 Inn.
474 4121 522 4175 IV
531 4121 593 4190 Ray.
612 4120 777 4189 Vot.1,40⁵,·
794 4119 853 4174 Lib.
864 4120 917 4189 IV,
928 4126 984 4176 837.

400 4207 499 4277 Berper
510 4213 583 4262 2835.

379 4369 534 4443 Olrico
562 4369 897 4443 archidiacono
924 4369 970 4442 in
996 4369 1339 4444 Berenhusen⁰¹
1366 4371 1604 4447 Verdensis
1631 4365 1859 4446 ecelesie‘l.
1937 4391 1940 4400 ·

406 4518 498 4603 (tum,
514 4521 599 4585 sicut
615 4527 764 4606 exparte
780 4517 972 4585 dilectarum
987 4521 1021 4584 in
1034 4519 1163 4585 Ohristo
1180 4520 1318 4584 filiarum
1343 4568 1350 4583 .
1370 4571 1377 4586 .
1397 4521 1552 4607 priorisse
1569 4541 1606 4584 ac
1622 4521 1809 4586 monialium
1825 4541 1938 4586 mona-

297 4625 388 4690 sterii
410 4623 661 4689 Buostehuthe²
685 4621 807 4688 ordinis
831 4625 935 4688 sancti
957 4623 1129 4690 Benedicti
1143 4623 1325 4689 Verdensis
1348 4623 1489 4690 diocesis
1511 4625 1709 4712 accepimus,
1732 4630 1778 4706 tu,
1802 4625 1938 4711 exigen-

296 4729 383 4794 tibus
399 4736 454 4792 tue
471 4727 640 4813 probitatis
657 4734 690 4793 et
705 4727 886 4793 honestatis
901 4730 1035 4810 meritis,
1050 4749 1110 4814 per
1125 4728 1345 4793 venerabilem
1362 4729 1493 4794 tratrem
1511 4735 1657 4794 nostrum
1679 4775 1709 4793 ..
1730 4729 1936 4815 episcopum³

258 4859 260 4874 ·
297 4839 331 4896 et
346 4830 483 4897 dilectos
498 4831 582 4895 filios
598 4830 776 4917 capitulum
791 4831 979 4898 Verdenses
996 4833 1040 4896 sis
1056 4853 1132 4898 eure
1153 4853 1191 4897 ao
1207 4832 1435 4917 gubernationi
1453 4833 1531 4898 dieti
1546 4833 1736 4932 monasterii
1748 4832 1938 4920 deputatus:

246 5727 272 5770 4⁰

298 4956 372 5016 uos,
403 4934 578 4999 earundem
606 4940 641 4999 et
663 4935 855 5000 dilectarum
884 4937 918 5001 iu
942 4936 1071 5001 Christo
1094 4936 1233 5001 filiarum
1261 4938 1419 5002 nobilium
1442 4937 1613 5002 mulierum
1636 4935 1681 5003 Μ.
1703 4936 1938 5002 marchionissa

298 5038 339 5105 de
360 5037 576 5125 Brandeburg
599 5047 632 5103 et
648 5039 692 5103 M.
714 5038 842 5104 ducisse
865 5038 907 5105 de
927 5039 1117 5107 Bruneswic
1140 5048 1174 5107 et
1196 5041 1236 5106 de
1259 5039 1454 5126 Luneburg,
1478 5041 1613 5105 obtentu
1635 5038 1816 5106 devotionis
1840 5061 1938 5126 quam

296 5142 418 5208 habere
440 5141 591 5208 videntur
617 5141 786 5230 adipsum
807 5145 1056 5225 monasterium,
1084 5145 1178 5210 nobis
1202 5165 1360 5231 persnas
1384 5145 1511 5209 litteras
1535 5145 1804 5230 supplicantium,
1831 5145 1937 5209 eonsi-

297 5246 464 5312 damtione
488 5246 626 5328 inducti,
655 5246 741 5332 quod
770 5269 829 5335 per
855 5249 1031 5314 triennium
1060 5249 1207 5315 vacando
1237 5271 1313 5315 cure
1342 5269 1380 5312 ac
1403 5249 1631 5334 gubernationi
1654 5246 1801 5313 eiusdem
1824 5267 1938 5314 mona·

298 5353 389 5420 nterii
411 5353 517 5440 possis
532 5361 708 5439 proventus
731 5360 805 5420 tuos
822 5355 1063 5420 ecclesiasticos
1087 5376 1160 5420 eum
1185 5376 1225 5419 ea
1239 5354 1439 5439 integritate,
1462 5351 1745 5417 distributionibus
1766 5351 1938 5418 cotidianis

400 5581 424 5649 ι)
443 5547 488 5645 rei
505 5579 648 5644 anem·
665 5583 733 5648 rega
750 5579 782 5632 s.
864 5577 889 5645 b)
907 5581 1036 5633 assarna
1053 5581 1080 5632 a
1098 5581 1199 5634 asem
1217 5579 1269 5632 sno
1287 5585 1373 5631 nomo
1391 5575 1422 5629 e.
1504 5575 1526 5640 ο)
1545 5577 1581 5627 aa
1599 5575 1631 5629 a.
1712 5573 1738 5642 a)
1757 5577 1803 5645 aq.
1823 5577 1937 5631 croam.

403 5719 429 5786 l)
448 5718 589 5786 Beonosen,
607 5717 763 5773 ammeta
781 5715 934 5788 noemma.
1037 5717 1065 5786 t)
1085 5715 1252 5785 Bnctdmde,
1270 5731 1303 5771 erc
1319 5731 1370 5770 oce.
1390 5713 1438 5768 cio.
1456 5711 1594 5784 Emere
1697 5714 1725 5782 3)
1743 5713 1890 5771 Μανῆ.

1676 5807 1733 5866 di*
