4734 6334
862 384 1062 440 uplsuouuu
1080 385 1270 444 subucula.
1307 391 1382 446 1249.
1882 399 1944 461 535

294 550 467 614 camerarii
491 551 687 617 fraternitati
711 561 766 618 tue
790 557 984 624 auctoritate
1007 562 1210 645 presentium
1226 562 1379 629 duximus
1396 564 1677 646 committendum,
1701 567 1852 652 quatinus
1869 588 1945 632 con-

291 651 442 717 sideratis
466 655 717 721 circumstantiis
741 659 919 742 universis,
951 663 978 726 si
1003 662 1124 730 docens
1148 671 1181 730 et
1204 666 1384 753 expediens
1408 668 1468 732 tibi
1491 668 1665 750 videbitur,
1695 689 1768 734 cum
1791 670 1945 756 predictis

293 755 327 822 S.
344 762 378 820 st
393 757 442 832 L,
467 758 553 843 quod
577 760 608 824 in
632 763 838 827 matrimonio
863 765 909 828 sic
936 773 1102 833 contracto
1119 808 1160 817 —
1180 790 1244 834 non
1268 771 1420 836 obstante
1443 772 1678 858 impedimento
1702 772 1887 839 huiusmodi
1905 812 1946 822 -

294 860 397 926 libore
422 862 554 927 valeant
576 884 769 946 remanere,¹
783 865 967 953 dispenses.

401 981 477 1050 Dat.
500 984 663 1070 Lugduni,
687 986 735 1050 Id.
759 987 848 1068 Maii,
871 1011 956 1054 anno
973 990 1037 1054 VI⁰
1051 995 1071 1057 ¹.

1080 1632 1165 1705 lul.

395 1737 615 1830 Innocentius
637 1765 696 1829 IV
707 1787 798 1850 popo
820 1769 916 1832 cirtem
944 1771 988 1834 cd
1008 1790 1117 1854 procos
1138 1771 1315 1855 [Matthaei
1337 1773 1398 1858 ΙΙ]
1419 1775 1508 1840 ducos
1530 1775 1757 1859 Lotlsarinpiae
1779 1783 1808 1842 et
1829 1777 1947 1863 [ibeo-

293 1863 381 1928 talos·
402 1865 462 1949 ΙΙ]
484 1868 604 1931 comitis
625 1869 820 1935 Barriducis
841 1874 988 1952 mandat,
1016 1879 1052 1938 ut
1080 1875 1237 1958 dispenset
1260 1897 1329 1941 cuno
1351 1877 1466 1943 Moero
1487 1879 1524 1944 dc
1549 1881 1738 1964 Tronblctor
1759 1886 1788 1958 et
1813 1883 1846 1950 C.
1868 1887 1947 1946 natu

291 1967 454 2032 Balduini
475 1969 512 2033 de
527 1968 591 2034 Dei
608 1972 766 2052 Custodia,
789 1975 904 2040 devotis
925 1978 1078 2055 ecclcsiae,
1100 1983 1143 2058 ut,
1166 1985 1279 2060 quarto
1301 1984 1586 2066 consonpuiuitatis
1598 1985 1703 2065 prada
1717 2005 1781 2048 non
1797 1986 1946 2064 obstante,

293 2071 328 2132 in
351 2072 551 2137 matrimonio
572 2077 728 2140 contracto
749 2085 940 2143 ramaneant.
1591 2090 1685 2167 1249,
1707 2089 1790 2156 Mai.
1808 2090 1858 2153 15.

397 2191 460 2245 Inn.
478 2192 528 2247 IV
543 2194 606 2264 Ray.
625 2197 686 2251 Lib.
703 2198 748 2266 VI,
765 2200 837 2268 tto,
855 2219 882 2254 n.
895 2208 950 2256 522.

395 2276 532 2360 Pontou,
545 2281 609 2350 Ru.
625 2291 718 2351 133643
737 2285 835 2355 Bcrpcr
851 2295 921 2343 4512.

1034 2384 1208 2459 Eidem.
1317 2459 1323 2476 ,

401 2519 468 2584 Sua
499 2522 594 2587 nobis
625 2524 764 2592 dilectus
794 2528 881 2594 filius
913 2530 1033 2594 nobilis
1062 2531 1112 2594 vir
1133 2531 1266 2596 Maccus
1296 2531 1336 2594 de
1359 2529 1588 2596 Trembletor²
1611 2530 1774 2596 Tullensis
1805 2531 1946 2597 diocesis

292 2621 452 2705 petitione
475 2629 680 2709 monstravit,
704 2632 791 2717 quod
815 2655 888 2698 eum
911 2634 993 2720 ipse,
1017 2655 1177 2721 supereo
1202 2633 1288 2720 quod
1313 2633 1350 2697 Ο.
1374 2639 1486 2698 natam
1509 2635 1626 2699 nobilis
1650 2635 1711 2698 viri
1726 2633 1882 2698 Balduini
1903 2634 1945 2700 de

292 2721 357 2788 Dei
386 2725 577 2810 Custodia³,
612 2731 767 2818 ignorans
800 2758 872 2801 eam
900 2737 963 2803 sibi
993 2744 1109 2823 quarto
1137 2739 1433 2823 consanguinitatis
1465 2735 1592 2825 [gradu]
1621 2737 1816 2822 attingere⁸,
1853 2736 1947 2802 duxit

293 2827 519 2915 sollempniter
541 2832 573 2896 iu
595 2855 743 2916 uxorem,
774 2840 861 2924 quod
884 2843 917 2906 in
939 2842 1127 2907 huiusmodi
1150 2843 1356 2906 matrimonio
1381 2862 1549 2907 remanere
1571 2847 1695 2927 posset,
1725 2839 1768 2906 ad
1790 2839 1944 2906 dilectum
1982 2919 1987 2932 ί

291 2929 393 2994 lilium
425 2941 571 2999 nostrum
600 2936 636 3003 P.
663 2939 775 3006 Sancti
798 2941 934 3029 Georgii
963 2944 1004 3009 ad
1025 2944 1148 3011 Velum
1176 2946 1323 3011 Aureum
1353 2946 1526 3010 diaconum
1556 2945 1769 3025 cardinalem,
1804 2950 1881 3008 tunc
1912 2943 1945 3007 in

291 3034 438 3118 partibus
460 3037 656 3108 Alamannis
681 3047 858 3131 apostolice
883 3048 970 3113 sedis
994 3050 1155 3134 legatum,
1184 3049 1321 3114 anobis
1349 3049 1410 3114 sub
1439 3049 1529 3114 coita
1557 3049 1662 3114 forma
1689 3047 1945 3134 dispensationis

291 3137 418 3203 litteras
444 3141 668 3227 impetrasset,
702 3148 818 3214 codem
849 3151 974 3237 legato,
1005 3159 1182 3238 antequam
1213 3153 1276 3218 sibi
1299 3158 1569 3239 presentarentur
1590 3150 1778 3216 huiusmodi
1801 3150 1944 3232 littere⁴,

291 3240 452 3308 dedistis
480 3249 628 3332 partibus
659 3253 851 3336 recedente,
883 3256 969 3340 quod
998 3277 1098 3342 super
1126 3255 1188 3320 hoc
1216 3256 1457 3338 mandavimus,
1487 3277 1552 3321 non
1582 3256 1692 3321 extitit
1719 3255 1942 3341 adimpletum.

291 3344 511 3413 Attendentes
534 3352 633 3437 igitur
655 3355 838 3422 devotionis
862 3361 1091 3440 constantiam,
1124 3382 1222 3446 quam
1252 3362 1350 3426 iidem
1380 3361 1525 3441 nobiles,
1558 3367 1656 3447 prout
1685 3382 1728 3424 ex
1756 3359 1944 3423 testimonio

291 3450 494 3533 quorundam
517 3456 716 3539 prelatorum
746 3481 784 3524 ac
813 3462 1009 3526 multoruml’
1041 3464 1198 3528 nobilium
1228 3465 1367 3528 virorum
1393 3513 1400 3527 .
1422 3515 1429 3529 .
1454 3464 1546 3529 ducis
1569 3463 1824 3548 Lotboriugie⁰⁵
1853 3467 1886 3526 st
1909 3511 1942 3526 ..

290 3553 418 3619 comitis
441 3554 631 3624 Barriducis
662 3564 753 3629 nobis
782 3588 855 3630 oum
882 3568 1039 3632 instantia
1066 3569 1319 3656 supplicantium
1342 3591 1400 3655 pro
1425 3568 1550 3634 eisdam
1575 3566 1704 3656 [etc.]‘¹:
1740 3567 1942 3651 mandamus,

291 3657 444 3741 quatinus
468 3661 501 3724 in
524 3662 708 3732 huiusmodi
731 3672 865 3756 negotio
889 3671 1047 3758 procedas
1070 3673 1163 3738 iuxta
1185 3675 1370 3738 litterarum
1393 3673 1628 3737 continentiam
1652 3671 1840 3738 earundem.

400 3783 476 3850 Dat.
500 3792 536 3850 ut
559 3809 667 3874 supra.

909 3985 1206 3997 ———-·.—..—-o

1074 4299 1160 4372 7u5.

396 4406 616 4500 Innocentius
638 4436 662 4500 1
667 4434 695 4499 V
701 4457 792 4520 popa
814 4435 932 4500 decano
947 4436 1059 4501 Sancti
1073 4435 1209 4501 Paulini
1224 4436 1424 4501 Trevercnsis
1445 4437 1585 4516 mandat,
1607 4441 1643 4502 nt
1664 4459 1734 4504 curn
1751 4439 1944 4521 Godcfridus

291 4538 437 4610 daninu
458 4539 496 4604 do
518 4539 643 4604 Brcclul
664 4541 700 4603 in
722 4541 836 4606 attineo
857 4541 1015 4605 voluntate
1036 4539 1181 4606 Arnotdo
1206 4545 1282 4605 nuto
1304 4540 1480 4627 A[rnoldi]
1505 4541 1626 4610 domini
1651 4543 1688 4608 do
1709 4541 1820 4622 Dictis,
1849 4542 1944 4610 donoc

289 4641 446 4724 qsooddano
468 4642 602 4724 loquium
624 4645 653 4708 ei
681 4645 816 4732 solutura
829 4643 955 4730 ‚fuerit
985 4643 1138 4724 quaedam
1164 4645 1260 4708 citios
1286 4643 1480 4726 obligaverit,
1511 4644 1633 4710 audem
1657 4650 1760 4711 autem
1784 4647 1943 4712 chricus

394 4903 420 4970 ⁸)
438 4907 670 4974 oonmnguinitatis
684 4905 689 4974 Ι
704 4907 831 4974 attingere
843 4906 885 4972 B,
901 4908 969 4959 dccet
987 4906 1077 4974 gradu.
1165 4903 1191 4967 b)
1209 4905 1281 4958 locus
1298 4915 1447 4972 corruptus,¹
1464 4907 1604 4959 militorum
1621 4907 1755 4972 nobilium,
1773 4913 1799 4958 st
1810 4906 1942 4974 presertim

290 4990 416 5043 nobilium
439 4993 544 5044 coniuit
561 4992 593 5043 B.
699 4990 723 5058 ⁰)
744 4993 781 5044 ita
799 4992 831 5044 a.
942 4990 967 5058 d)
986 4999 1034 5045 ste.
1057 4991 1179 5044 οωσίιίἰεεο
1198 4999 1337 5058 pneumam
1360 4993 1435 5044 nobis
1457 4993 1582 5060 insonuit,
1608 4993 1677 5045 cuca
1699 4993 1851 5060 obsequium
1874 4992 1943 5044 sedis

289 5076 429 5143 apostolico
446 5077 541 5132 babere
558 5086 702 5131 noscuntur
718 5080 823 5132 coniecit
838 5079 880 5144 B,
897 5079 966 5146 quod
982 5079 1021 5131 rei
1038 5079 1160 5130 conoout

393 5231 419 5298 1)
438 5229 494 5284 aa
511 5230 583 5286 Mai.
596 5237 627 5286 16
640 5246 718 5300 popo
740 5230 928 5299 cidcmleoato
950 5229 1055 5284 uuus
1079 5228 1166 5284 Uinici
1187 5229 1326 5297 monuit,
1350 5233 1382 5282 at
1404 5244 1465 5284 cum
1484 5229 1606 5284 Iohcnosc
1626 5229 1707 5284 mildo
1727 5229 1759 5286 de
1775 5229 1943 5284 Hsdutcocn

287 5315 431 5370 muoso
449 5317 506 5371 aas
522 5322 547 5370 a
565 5317 666 5386 suaa
687 5317 794 5372 murm
817 5303 990 5386 samma,
1015 5323 1048 5371 u
1069 5317 1100 5370 u
1120 5316 1291 5372 „usuam
1314 5320 1462 5384 sunau,
1486 5319 1586 5384 quaa
1606 5316 1849 5386 monuwa
1870 5316 1943 5370 rua

288 5418 344 5456 non
362 5401 489 5470 comate,
507 5409 685 5470 semmurum·
703 5403 801 5472 Beroea
810 5409 884 5470 4513,
904 5403 1036 5471 Pottbast,
1056 5402 1122 5472 Rea.
1136 5409 1221 5458 13366.
1303 5403 1331 5470 2)
1349 5403 1383 5457 Ut
1401 5401 1506 5456 vidam
1520 5401 1720 5470 neumata,
1742 5402 1941 5472 Tronblooonrt,

210 5503 236 5542 ss
288 5505 380 5543 emer.
398 5493 422 5544 u
443 5505 496 5544 oco.
513 5490 560 5545 αὐ.
574 5479 845 5544 Pontu-Mouason.
949 5491 976 5556 3)
998 5489 1126 5544 Fortasse
1144 5487 1190 5543 Lu
1210 5487 1300 5544 Gurdo
1322 5487 1352 5540 in
1369 5487 1562 5556 hmunnoia,
1587 5503 1619 5542 su
1642 5493 1706 5556 sept.
1727 5488 1775 5544 civ.
1791 5489 1941 5544 dormit.

289 5575 317 5642 4)
338 5573 377 5641 Cf.
391 5591 419 5643 p.
432 5582 493 5643 440,
514 5581 569 5630 not.
584 5583 608 5632 6.
704 5579 731 5644 5)
748 5575 791 5630 Dc
812 5575 862 5630 boc
883 5576 916 5642 cf.
934 5592 963 5629 n.
976 5583 1035 5645 149,
1053 5573 1285 5642 mnus-rnna,
1310 5574 1328 5628 1.
1345 5589 1366 5627 c.
1383 5581 1480 5642 4885c,
1501 5589 1529 5642 p.
1542 5582 1588 5630 919
1608 5579 1634 5630 a
1651 5572 1943 5642 Haillard-Brc'lsollcs,

288 5659 552 5730 Mtffipm
