4734 6334
867 358 1067 416 EPISTOLAE
1086 361 1278 420 subucula
1315 365 1390 420 1249.

1084 786 1171 861 706.

404 891 623 986 Innocentius
637 921 662 985 Ι
666 921 695 985 V
699 941 789 1006 popa
803 922 920 988 decem
933 927 962 989 ct
977 926 1115 1006 mpitulo
1130 927 1345 1011 Menantinis,
1368 931 1425 1014 qni
1436 931 1602 1012 petierent,
1624 936 1660 996 ut
1673 931 1799 1000 ecclesie
1816 933 1956 1016 ursorum

299 1041 418 1088 aucuns
443 1023 629 1110 [Conrado]
655 1025 886 1110 arehiepiscmro
915 1028 1094 1094 Coloniensi
1122 1033 1396 1113 commendaretur,
1426 1033 1589 1121 respondet
1616 1053 1648 1098 se
1674 1036 1956 1120 supplicationibus

300 1147 406 1192 corum
432 1147 497 1192 non
524 1148 683 1208 annuere;
708 1129 853 1209 mundat,
881 1135 917 1195 ut
942 1133 980 1197 de
1001 1138 1130 1217 pastore
1155 1135 1265 1200 idoneo
1291 1157 1361 1202 urm
1387 1157 1520 1204 assensn
1540 1138 1695 1223 [Henrici
1716 1139 1798 1226 ΙΙΙ]
1822 1140 1958 1222 episcopi

300 1230 546 1313 Argentinensis
566 1233 628 1298 sibi
644 1233 843 1318 mooideunt,
864 1235 1009 1318 alioquin
1030 1238 1160 1303 eundem
1182 1241 1358 1323 cpneepum
1381 1243 1461 1325 ipsis
1482 1243 1621 1324 aliquem
1630 1242 1868 1326 praefectnnrm
1883 1262 1956 1308 esse.

1623 1347 1717 1424 1249,
1739 1345 1823 1412 Mei.
1838 1349 1869 1410 4.

403 1457 467 1511 nn
481 1456 531 1511 rr
546 1457 610 1526 nn.
628 1457 690 1513 mo.
709 1457 755 1526 ur,
771 1458 847 1527 css,
864 1476 893 1516 n.
908 1467 964 1515 em.
1003 1461 1159 1530 semper,
1176 1463 1248 1532 queo
1264 1463 1369 1532 uene,
1387 1465 1447 1518 nu.
1466 1481 1488 1518 c.
1502 1464 1565 1520 ιιι.
1580 1483 1609 1534 p.
1622 1473 1671 1520 no
1686 1465 1778 1534 eone,
1796 1465 1957 1520 mensum

298 1558 358 1596 cum
378 1542 502 1612 chcstr's.
1698 1575 1700 1580 ’

402 1629 531 1698 Ροιιιαιιι,
552 1630 723 1699 Roy.13337,·
741 1631 840 1700 Boron
857 1639 932 1690 4481.

702 1882 741 1902 ..
770 1827 942 1902 deceno
971 1836 1013 1905 et
1040 1832 1236 1924 capitulo
1263 1834 1552 1928 Maguntinis

405 1975 540 2041 Litteris
564 1982 598 2041 et
619 1977 742 2041 nuntiis
764 1979 881 2043 vestris
905 1979 999 2043 solita
1022 1980 1227 2066 benignitate
1250 1983 1403 2068 receptis,
1426 1982 1555 2046 illarum
1571 1980 1816 2062 eminentiam,
1841 1986 1874 2046 et
1889 2000 1952 2067 qua

259 2159 262 2164 Ι
297 2080 391 2145 nobis
426 2101 470 2144 ex
503 2087 597 2166 parte
631 2087 740 2146 vestra
773 2080 871 2148 iidem
905 2083 1008 2148 nuntii
1041 2085 1238 2163 retulerunt,
1274 2085 1498 2150 intelleximus
1532 2083 1714 2169 diligenter,
1747 2083 1953 2150 devotionem

296 2190 454 2266 vestram,
481 2204 581 2269 super
603 2204 642 2248 eo
665 2184 750 2270 qued
775 2186 871 2250 uobis
894 2186 1061 2252 humiliter
1084 2188 1308 2276 supplicastis,
1337 2194 1374 2253 ut
1396 2187 1623 2273 Maguntinam
1647 2187 1836 2269 ecclesiam,
1866 2208 1952 2253 uuna

296 2293 428 2375 pastore
456 2293 643 2370 vacantem,
674 2288 856 2353 venerabili
887 2290 980 2356 fratri
1008 2299 1120 2356 nostro
1144 2339 1177 2358 ..
1202 2291 1390 2359 Coloniensi
1420 2291 1686 2377 archiepiscope,
1717 2290 1952 2377 propugnatori

298 2391 437 2457 ecclesie
458 2391 638 2472 indefesso,
661 2391 899 2475 commendare,
929 2400 965 2457 ut
987 2395 1075 2460 illius
1098 2417 1210 2462 curam
1231 2400 1373 2482 gereret,
1398 2416 1599 2477 curaremus,
1623 2415 1696 2459 cum
1718 2400 1810 2459 tanto
1834 2393 1951 2458 melius

299 2518 399 2584 posse
422 2497 529 2583 ipsam
551 2516 667 2581 regere
690 2495 865 2578 videretur,
888 2506 1009 2583 quante
1033 2500 1174 2586 amplius
1196 2520 1256 2585 per
1279 2497 1510 2565 (lelenienaem
1534 2498 1709 2564 ecclesiam
1732 2498 1804 2563 cius
1827 2497 1951 2563 valeret

296 2598 571 2684 oportunitatibus
604 2598 794 2678 subvenire,
829 2600 1054 2686 multipliciter
1085 2603 1120 2666 in
1146 2601 1288 2668 Domino
1324 2602 1603 2668 commendantes.
1655 2601 1758 2679 Sanc,
1793 2600 1870 2686 quia
1899 2606 1951 2666 est

296 2705 428 2791 penitus
454 2705 637 2782 insuetum,
664 2709 701 2768 ut
730 2702 794 2768 due
823 2703 1122 2791 archiepiscopales
1145 2706 1289 2772 ecclesie
1313 2712 1379 2771 tam
1403 2705 1613 2771 honorabiles
1636 2710 1769 2790 tamque
1792 2702 1950 2769 sublimes

296 2807 392 2872 unius
415 2807 567 2892 regimini
590 2806 845 2888 committantur,
869 2815 903 2872 et
926 2807 955 2872 si
977 2807 1089 2874 forsan
1111 2809 1215 2890 fieret,
1238 2812 1370 2874 omuino
1392 2808 1549 2874 indecens
1573 2813 1756 2896 appareret,
1780 2807 1899 2872 vestris
1916 2806 1950 2871 in

295 2911 357 2975 hac
380 2915 472 2996 perte
496 2908 790 2996 supplicationibus
813 2930 878 2975 nen
901 2909 1053 2976 duximus
1077 2911 1287 2978 annuendum
1297 2913 1318 2976 ¹.
1357 2912 1480 2977 Verum
1509 2912 1585 2998 quia
1614 2911 1780 2992 nolumus,
1809 2917 1847 2975 ut
1873 2930 1948 2995 pre·

294 3013 382 3078 dicta
400 3013 595 3099 Maguntina
618 3013 760 3079 ecclesia
782 3013 839 3078 diu
860 3016 1002 3100 pastoris
1025 3014 1141 3081 solatio
1165 3021 1287 3097 careat,
1310 3036 1351 3080 ne
1373 3018 1586 3104 perlongum
1609 3015 1814 3080 vacationem
1836 3014 1950 3099 gravia

293 3118 327 3183 in
350 3117 574 3205 spiritualibus
597 3125 632 3183 et
653 3117 889 3204 temporalibus
918 3119 1036 3184 subeat
1063 3118 1274 3201 detrimenta,
1303 3120 1510 3202 mandamus,
1534 3119 1689 3206 quatinus
1717 3117 1780 3204 ipsi
1808 3117 1948 3182 ecclesie

292 3221 334 3286 de
363 3227 496 3309 pastore
525 3221 644 3286 idoneo
676 3241 749 3286 eum
779 3223 915 3286 consilio
938 3228 973 3288 et
994 3243 1134 3288 assensu
1157 3223 1355 3289 venerabilis
1379 3223 1489 3288 fratris
1511 3223 1616 3288 nostri
1639 3271 1673 3287 ..
1698 3219 1948 3307 Argentinensis

291 3324 439 3411 episcopi
462 3324 547 3389 inira
568 3345 728 3407 mensem,
751 3331 926 3412 postquam
949 3326 1037 3392 idern
1060 3327 1235 3413 episcopus
1257 3345 1318 3392 vos
1341 3326 1474 3392 duxerit
1496 3325 1759 3406 commonendos,
1788 3325 1947 3390 canonice

292 3429 466 3514 providere
495 3429 627 3494 curetis.
672 3427 828 3514 Aliequin
858 3428 966 3494 cidem
995 3431 1151 3516 episcope
1179 3430 1296 3496 litteris
1323 3430 1444 3496 nostris
1472 3430 1692 3516 iniungimus,
1727 3435 1764 3493 ut
1792 3449 1835 3492 ex
1869 3433 1947 3492 tunc

293 3553 480 3618 persenam,
510 3553 573 3618 que
596 3516 688 3598 tante
711 3533 803 3598 oneri
826 3540 987 3618 congruat
1009 3539 1044 3598 et
1066 3533 1191 3614 honori,
1218 3533 1346 3620 prefate
1369 3532 1564 3619 Maguntine
1587 3533 1728 3598 ecclesie
1750 3535 1946 3598 auctoritate

293 3642 406 3701 nestra
428 3636 598 3722 preficiat·
620 3637 652 3700 in
675 3640 859 3723 pastorem
884 3636 1141 3704 contradictores
1164 3643 1228 3706 etc.

401 3756 478 3823 Dat.
500 3757 664 3843 Lugduni,
687 3756 757 3822 IIII
779 3757 862 3822 Non.
886 3757 976 3842 Maii,
999 3780 1085 3824 enno
1101 3758 1220 3824 V10b2.
1296 3777 1306 3786 ·

1076 4493 1162 4570 707.

392 4603 611 4699 Innocentius
632 4633 690 4699 IV
701 4655 792 4716 popo
817 4633 975 4720 [chrice
998 4636 1075 4722 Ill]
1101 4636 1241 4721 episeopo
1270 4631 1496 4716 Argentinensi
1523 4631 1667 4711 inundat,
1703 4635 1739 4696 ut
1769 4631 1885 4697 deceno
1915 4635 1945 4698 et

288 4735 426 4819 capitulo
443 4735 650 4819 anuntinis
671 4738 837 4804 consilium
860 4739 987 4818 tribuet,
1010 4743 1046 4803 ut
1068 4741 1104 4804 in
1126 4738 1392 4820 archiepiscopum
1413 4755 1505 4802 snum
1526 4733 1721 4822 [chricnm
1734 4736 1794 4822 ΙΙ]
1816 4736 1943 4801 electum

393 5048 418 5116 Ιι)
436 5052 552 5119 preficiat
569 5077 602 5088 -
620 5068 698 5120 supra
714 5052 743 5103 in
761 5053 815 5104 loeo
833 5070 903 5104 roso.
1009 5051 1034 5120 b)
1052 5054 1111 5105 Dat
1122 5050 1160 5105 'ut
1177 5069 1255 5121 supra
1272 5051 1318 5114 lt,-
1335 5049 1461 5103 antecedit
1478 5067 1504 5100 n.
1520 5051 1576 5100 707.

392 5223 419 5290 l)
438 5221 474 5274 In
493 5220 644 5275 Christiani
662 5221 747 5276 Libro
764 5220 795 5274 de
816 5222 911 5276 celem
929 5223 987 5277 cccl.
1005 5223 1130 5291 Mement.
1149 5221 1201 5276 SS.
1219 5226 1237 5276 t.
1251 5219 1348 5288 XXV,
1370 5237 1398 5288 p.
1411 5224 1464 5274 248
1479 5217 1512 5272 dc
1528 5217 1578 5272 buc
1594 5233 1624 5272 re
1641 5220 1788 5271 nemetim:
1809 5217 1851 5270 ‘nc
1869 5216 1942 5272 Colo

285 5308 389 5362 nicenis
401 5308 538 5377 mieeopus
548 5323 607 5376 core
616 5308 697 5376 taret
709 5324 788 5361 nuum
800 5305 960 5363 dendcmum
971 5325 1029 5363 non
1039 5309 1201 5376 cmnpldrcm,
1220 5307 1273 5376 ipsi
1284 5307 1427 5376 legacionis
1437 5304 1555 5373 dimittas
1566 5309 1605 5358 est
1617 5303 1769 5357 commissu'.
1800 5302 1943 5357 Verisimile

285 5395 393 5464 quidem
411 5399 449 5448 cst
463 5394 588 5448 Conrado
606 5394 719 5462 ‘palem
736 5394 877 5464 legationis
894 5411 995 5449 mutnus
1007 5395 1170 5464 pnumissnnt
1186 5409 1239 5448 osse
1255 5409 1288 5448 cu
1302 5393 1462 5458 conditione,
1480 5397 1512 5445 ut
1525 5389 1762 5458 metimucopmoi
1774 5389 1942 5456 Manentino

284 5483 451 5552 impetrando
468 5483 641 5549 censentiurct,
660 5499 772 5550 nomque
789 5481 819 5535 id
836 5487 899 5536 unte
911 5484 977 5550 Apr.
991 5487 1027 5536 30
1042 5481 1148 5549 fecicum·
1164 5481 1197 5547 cf.
1215 5497 1244 5534 n.
1258 5487 1306 5535 704
1323 5479 1465 5546 etliclccr,
1488 5475 1831 5540 munumentum.
1847 5473 1938 5528 Gescb.

208 5585 235 5625 es
286 5573 304 5624 t.
318 5569 371 5638 IV,
386 5587 415 5638 p.
427 5576 475 5624 379
491 5575 516 5624 ct
533 5575 588 5625 385,
684 5570 712 5637 2)
733 5568 837 5622 Οιιιιζιιια
857 5569 983 5623 cidnum
1003 5569 1096 5622 rerba.-
1122 5569 1164 5622 ‘ln
1182 5567 1301 5622 eundern
1319 5567 1376 5620 fers
1394 5565 1506 5621 modum
1527 5603 1553 5620 ..
1572 5563 1703 5633 episcopo
1722 5561 1941 5631 Argentinensi'3

287 5660 321 5727 ct.
338 5675 367 5712 n.
383 5665 435 5714 707.

1680 5745 1734 5800 66*
