4328 6232
760 349 807 402 EX
826 347 1044 404 lNNOCEN'PlI
1062 347 1101 400 IV
1121 345 1301 401 arelauno

988 611 1075 721 ias

305 761 524 856 Innocentius
545 787 604 853 IV
623 807 714 871 papa
744 787 851 852 abbati
879 786 916 851 de
943 785 1133 868 Wibilingin
1163 785 1338 864 tansmittit,
1371 791 1408 850 at
1436 806 1506 851 cam
1534 787 1569 854 S.
1596 786 1633 853 de
1662 787 1860 872 Gadilingin

200 893 349 958 canonico
371 893 532 977 Spirensi,
549 911 612 973 pro
634 911 695 971 qao
717 909 814 955 canes
835 890 872 954 dc
895 889 1062 970 Hatrietein
1084 907 1180 973 nepos
1202 889 1270 954 eins
1291 889 1528 973 supplicaverit,
1554 909 1650 976 snper
1665 891 1861 975 pluralitate

201 996 416 1077 bawricr'mnm
438 996 604 1077 dispenset.
1499 997 1593 1074 1246,
1614 994 1700 1060 Mai.
1714 996 1769 1061 21.

305 1116 368 1170 Iam.
382 1117 402 1169 I
406 1116 432 1170 V
448 1117 512 1186 Ray.
531 1114 623 1182 Voti,
642 1120 704 1179 284,·
722 1113 784 1170 Lib.
798 1114 857 1182 ΠΙ,
876 1120 933 1169 629.
964 1113 1117 1182 Emistoiom
1133 1129 1165 1168 aa
1184 1113 1300 1182 Raeto
1317 1112 1452 1183 anapia
1469 1113 1498 1170 V.
1513 1112 1552 1170 (Ji.
1564 1114 1598 1169 Α
1611 1113 1692 1169 Man.

306 1202 404 1272 Barca
416 1209 487 1260 1868.

385 1440 425 1458 ..
453 1383 609 1457 abbati
637 1383 689 1456 de
716 1380 1032 1474 Wibilingun⁸¹
1061 1381 1434 1456 Constantiensis
1462 1380 1672 1455 diocesis}

310 1532 363 1597 Ex
390 1539 482 1618 parte
516 1531 627 1597 dilecti
657 1531 715 1595 lilii
746 1530 779 1595 S.
808 1529 849 1593 de
873 1526 1065 1612 Gudilingin
1095 1526 1240 1591 canonici
1271 1525 1438 1614 Spirensis
1469 1525 1533 1590 iuit
1564 1525 1659 1592 nobis
1691 1527 1859 1594 humiliter

203 1637 431 1723 supplicatum,
455 1643 491 1701 ut
514 1658 586 1701 cum
611 1658 650 1701 eo
675 1656 774 1721 super
796 1632 946 1721 pluribus
971 1630 1206 1696 ecclesiasticis
1222 1630 1401 1712 beneficiis,
1425 1630 1524 1695 etiam
1542 1631 1571 1696 si
1586 1652 1696 1696 euram
1712 1631 1858 1697 habeant

202 1740 394 1820 animarum,
419 1740 447 1804 si
471 1741 501 1806 ei
525 1740 680 1805 canonice
704 1738 893 1812 offerantur,
919 1757 993 1801 cum
1016 1735 1078 1800 hiis
1102 1754 1164 1820 que
1188 1735 1316 1800 obtinet
1337 1754 1441 1819 usque
1464 1733 1506 1799 ad
1529 1734 1745 1800 ducentarum
1768 1757 1855 1802 mar·

204 1862 316 1906 carum
345 1844 473 1929 argenti
505 1843 681 1908 valentiam
716 1840 919 1920 obtinendis,
955 1839 1148 1926 dispensare
1180 1838 1220 1904 de
1250 1839 1357 1924 gratia
1383 1858 1582 1905 curaremus.
1630 1838 1727 1904 Licet
1758 1840 1858 1926 igitur

203 1951 338 2031 propter
364 1947 560 2011 ambitiones
590 1944 807 2031 quorundam,
840 1966 881 2009 ne
909 1945 980 2029 quis
1014 1943 1125 2029 plures
1156 1943 1313 2009 ecelesias
1335 1945 1390 2010 vel
1412 1942 1655 2008 ecclesiasticas
1678 1943 1858 2029 dignitates

202 2047 331 2130 habeat,
354 2051 436 2114 sacri
460 2049 588 2114 concilii
613 2049 802 2114 constitutio
826 2048 1010 2127 interdicat,
1035 2047 1206 2112 nobilitate
1230 2047 1362 2112 tamenb
1385 2067 1510 2112 morum
1534 2067 1572 2112 ac
1590 2048 1733 2133 generis,
1758 2068 1859 2135 super

203 2151 320 2236 quibus
350 2154 381 2217 ei
411 2152 577 2218 laudabile
607 2153 830 2218 testimonium
861 2151 1062 2237 perhibetur,
1095 2157 1128 2215 et
1152 2151 1415 2216 consideratione
1445 2151 1565 2216 nobilis
1587 2152 1648 2216 viri
1672 2200 1706 2216 ..
1729 2152 1858 2216 comitis

202 2255 243 2319 de
258 2255 467 2338 Helfistoin2,
490 2257 619 2343 nepotis
644 2257 704 2336 sui,
729 2255 823 2321 nobis
846 2276 945 2340 super
968 2255 1030 2320 hoc
1053 2276 1114 2340 per
1137 2276 1212 2320 suas
1236 2255 1360 2320 litteras
1384 2255 1598 2342 supplicantis
1621 2255 1756 2334 inducti,
1779 2275 1856 2341 pre·

202 2359 340 2423 sentium
364 2360 422 2423 tibi
446 2361 640 2424 auctoritate
664 2359 904 2439 committimus,
926 2364 964 2422 ut
986 2379 1060 2423 cum
1083 2359 1155 2445 ipso
1173 2381 1273 2445 super
1287 2359 1455 2444 premissis
1474 2359 1669 2424 auctoritate
1685 2365 1800 2424 nostra
1815 2395 1858 2440 ··.

202 2463 433 2527 constitutione
458 2464 698 2528 nonobstante
722 2463 869 2549 predicta
893 2499 934 2508 —
957 2462 1130 2548 dispenses
1154 2462 1322 2547 usquead
1346 2463 1571 2548 quantitatem,
1594 2484 1690 2547 quam
1708 2463 1857 2550 pensatis

202 2567 454 2630 circumstantiis
479 2573 511 2630 et
535 2567 606 2632 eius
631 2568 804 2632 nobilitate
827 2587 865 2631 no
888 2566 1014 2631 meritis
1036 2566 1216 2631 secundum
1240 2566 1348 2631 Deum
1372 2564 1492 2630 videris
1521 2565 1694 2652 expedire;
1725 2567 1857 2653 proviso

202 2669 287 2753 quod
310 2669 470 2735 beneficia
495 2670 611 2736 eadem
636 2678 696 2736 etc.
720 2691 839 2756 usque:
863 2670 1059 2755 negligatur.

310 2787 385 2853 Dat.
409 2790 572 2877 Lugduni,
596 2791 663 2856 XII
685 2792 761 2858 Kal.
785 2792 882 2873 Iunii,
906 2813 992 2857 anuo
1015 2792 1123 2856 tertio.
1228 2866 1233 2877 ι

991 3332 1074 3404 186.

306 3443 525 3535 Ianuarius
539 3470 595 3534 ru
611 3491 699 3554 rapa
721 3470 829 3535 aaran
850 3471 887 3535 a
910 3471 1117 3536 aroanna
1139 3472 1184 3535 ao
1201 3491 1309 3552 prens
1331 3472 1534 3557 amicius]
1554 3473 1674 3536 amira
1695 3474 1734 3537 a
1754 3473 1857 3538 rina
1908 3510 1930 3542 ,.

202 3580 231 3639 nt
252 3575 385 3656 maura
403 3573 525 3659 fratris
546 3575 622 3653 cias,
644 3574 819 3639 denotatum
845 3595 988 3653 snorum,
1010 3576 1183 3654 committit,
1205 3581 1240 3639 nt
1263 3597 1332 3640 mim
1355 3577 1507 3643 Waltcrio
1525 3581 1640 3640 rectore
1658 3578 1803 3640 ccclesiae
1823 3577 1860 3639 dr

203 3679 314 3741 Monte
335 3697 430 3760 snper
446 3677 637 3757 pluralitate
659 3678 874 3759 beneficiorum
896 3679 1060 3762 dispenset.
1500 3682 1595 3757 1246,
1618 3679 1702 3743 Mai.
1717 3683 1772 3744 21.

307 3799 371 3852 lnn.
384 3799 432 3852 IV
446 3798 510 3868 Rea.
529 3799 582 3853 Vol.
596 3800 619 3867 l,
632 3806 696 3865 28ss
714 3799 773 3853 Lib.
788 3800 847 3867 HI,
859 3806 915 3855 ato.
947 3800 1100 3868 Epictetum
1116 3815 1149 3854 aa
1167 3800 1285 3869 Repertis
1301 3799 1437 3867 desonam
1455 3799 1484 3853 V.
1499 3799 1540 3854 01.
1552 3800 1587 3854 Α.
1605 3798 1683 3853 Mna.

309 3886 411 3953 Bcrper
422 3890 495 3940 1869.

379 4122 418 4140 ..
446 4065 602 4139 abbati
629 4066 680 4139 de
708 4065 1019 4141 Bebrahusin⁰
1046 4066 1436 4142 Constantiensis
1462 4066 1684 4142 diocesis.

313 4215 366 4279 Ex
388 4222 482 4301 parte
505 4215 618 4281 dilecti
640 4215 697 4279 filii
713 4213 866 4280 Walterii
890 4217 1028 4281 rectoris
1052 4216 1192 4281 ecclesie
1221 4214 1398 4281 dedicate
1423 4213 1687 4280 Constantiensis
1717 4213 1859 4279 diocesis

205 4320 266 4384 luit
292 4318 387 4383 nobis
415 4318 584 4383 humiliter
615 4318 848 4404 supplicatum,
878 4326 915 4383 ut
942 4340 1016 4383 cum
1045 4320 1117 4405 ipso
1141 4326 1204 4383 etc.
1232 4320 1323 4383 utin
1346 4318 1496 4404 proxima
1518 4338 1638 4404 usque:
1670 4317 1859 4395 offerantur,

205 4445 270 4487 una
293 4445 364 4487 cuni
390 4422 517 4508 prefata
539 4422 683 4486 eeclesia
706 4443 803 4506 quam
827 4422 953 4488 obtinet
976 4445 1079 4508 usquc
1103 4422 1144 4486 ad
1168 4429 1299 4488 centum
1323 4443 1506 4486 marcarum
1530 4421 1658 4505 argenti
1681 4422 1858 4486 valentiam

204 4526 400 4606 obtinendis,
424 4526 615 4611 dispensare
638 4525 679 4589 de
702 4528 807 4611 gratia
826 4549 1026 4593 curaremus.
1063 4527 1159 4592 Licet
1175 4528 1275 4612 igitur
1290 4533 1352 4594 etc.
1370 4546 1488 4611 usque:
1513 4525 1696 4601 interdicat,
1721 4526 1857 4589 obtentu

204 4638 313 4694 tamen
338 4630 521 4694 devotionis
545 4637 578 4694 ot
603 4629 679 4694 lidei
703 4631 863 4716 puritatis,
888 4652 983 4716 quam
1008 4631 1094 4696 idem
1118 4633 1150 4695 in
1175 4631 1315 4696 ecclesie
1331 4630 1480 4695 Romane
1504 4628 1644 4713 negotiis
1667 4628 1858 4692 adhibuisse

205 4733 334 4809 dicitur,
367 4755 403 4796 se
434 4754 471 4795 ac
499 4754 558 4796 sua
586 4733 697 4797 multis
727 4734 882 4819 periculis
907 4734 1117 4822 exponendo,
1149 4755 1211 4798 nec
1234 4755 1299 4797 non
1323 4740 1355 4797 et
1379 4730 1639 4796 consideratione
1662 4730 1857 4796 dilectorum

308 5000 332 5065 ι)
351 5000 505 5068 winningin
522 5000 554 5053 a.
642 4977 791 5067 b)1b0rum
815 4977 901 5056 iamin
915 5004 947 5055 a.
1035 5005 1059 5070 ο)
1078 5004 1282 5058 miniariis.

310 5137 336 5203 l)
356 5136 387 5189 E
402 5151 463 5190 mer.
482 5135 528 5190 cio.
547 5135 623 5202 Ulm‚·
645 5136 678 5191 de
699 5135 785 5191 eodan
801 5137 835 5204 os.
853 5154 880 5191 n.
895 5145 950 5192 179.
1029 5139 1057 5207 2)
1076 5138 1114 5191 ln
1136 5138 1270 5192 marasim
1289 5136 1387 5192 Raalie
1404 5137 1466 5205 Alp,
1490 5152 1523 5191 ac
1542 5143 1604 5207 sept.
1621 5142 1645 5190 et
1661 5153 1700 5193 or.
1718 5138 1766 5192 eis.
1787 5136 1857 5191 aas

205 5222 300 5290 tinam.
332 5222 413 5290 Papa
430 5222 550 5276 illitam
562 5222 602 5276 ΙΙ
613 5223 727 5277 irmasre
744 5222 854 5291 mittin,
872 5225 920 5292 qai
937 5239 1018 5278 conces
1035 5223 1067 5277 de
1082 5224 1251 5291 Hetsenstcin
1264 5223 1374 5293 proprie
1391 5223 1546 5291 verobona,
1567 5222 1612 5276 sad
1626 5222 1739 5289 saturae
1755 5240 1858 5293 quoqne

207 5307 381 5374 Godcsridnm
399 5309 514 5363 amnem
531 5309 563 5364 de
582 5309 792 5379 Sipmiarinqni,
817 5311 1003 5365 conimbrinam
1020 5311 1077 5365 ciros
1095 5311 1141 5379 [dc
1157 5328 1210 5380 qno
1227 5311 1261 5377 af.
1274 5308 1509 5376 nomia-Ficta,
1527 5309 1544 5365 l.
1555 5324 1577 5364 c.
1595 5311 1708 5381 ttiocj,
1732 5327 1794 5366 anai
1810 5311 1858 5364 alii

204 5410 310 5462 quomis
331 5395 402 5448 romi
425 5396 508 5449 haias
528 5396 613 5465 gnam
635 5412 730 5450 nornen
746 5397 869 5450 comitam
885 5395 917 5449 de
934 5397 1100 5464 Helsmstcin
1116 5398 1258 5452 retinuisse
1275 5395 1430 5457 armandam
1447 5394 1477 5448 ta
1494 5393 1563 5463 meod
1579 5396 1673 5449 terina
1687 5397 1860 5452 sosimas

207 5479 370 5534 lnnlmoicas
382 5481 492 5549 probat,
516 5483 564 5551 qai
581 5500 606 5537 a.
621 5489 695 5551 isto,
720 5482 785 5537 Ism.
807 5483 839 5537 iri
858 5483 1001 5552 privilegiis
1023 5485 1187 5553 inperatoris
1204 5485 1272 5538 niter
1293 5489 1369 5537 tostos
1386 5497 1469 5536 mares
1489 5480 1522 5534 de
1539 5481 1723 5552 Holfnsdeia,
1746 5500 1775 5539 a.
1786 5488 1860 5552 Μ,

206 5565 276 5632 Any.
290 5573 322 5620 29
339 5572 428 5622 erdem
445 5567 477 5620 in
494 5567 586 5622 daria
599 5568 740 5636 Godesridi
757 5569 789 5622 ds
803 5568 957 5624 Holoeniocli
974 5587 1056 5626 mirica
1071 5571 1103 5626 rie
1116 5571 1272 5640 Spirenbery
1287 5569 1450 5638 affinitatum·
1468 5567 1704 5639 Rama-stria,
1720 5570 1774 5627 ta.
1784 5576 1861 5647 tm,

206 5657 283 5719 3482,
301 5661 378 5718 {5115
392 5654 427 5719 cs.
442 5654 542 5722 Sicilia,
562 5655 702 5712 Wartemb.
722 5656 813 5711 Gradi
832 5661 849 5711 t.
864 5656 908 5726 ΙΙ,
922 5675 952 5728 p.
963 5664 1015 5715 388
1032 5664 1058 5714 ot
1074 5665 1130 5714 not.
