4784 6332
862 451 1062 510 EPISTOLAE
1079 455 1269 512 SELEC'I'AE.
1308 460 1383 515 1247.
1886 465 1946 528 241

295 618 437 683 consiliis
461 621 729 709 circumspectum
763 628 804 692 ad
829 638 940 713 partes
964 631 1053 716 ipsas
1078 638 1139 696 etc.
1168 641 1204 695 ut
1229 655 1326 718 supra
1356 643 1391 697 ut
1420 637 1451 699 in
1475 636 1599 708 littero,
1630 659 1692 722 quo
1717 639 1871 702 scribitur
1894 638 1948 722 [do

295 722 498 810 legatiouel⁸
525 726 559 792 P.
587 729 699 793 Sancti
725 730 861 816 Georgii
891 731 932 798 ad
955 734 1076 798 Velum
1099 737 1246 801 Aureum
1269 744 1331 802 etc.
1362 759 1478 823 usquo:
1509 740 1741 806 inviolabiliter
1769 742 1948 806 observari.

401 844 478 911 Dat.
501 846 664 933 Lugduni,
687 851 800 917 idibus
822 854 955 940 Aprilis,
980 876 1065 920 anno
1081 845 1148 923 TV.

401 967 440 1030 ln
463 969 602 1036 eundem
626 972 755 1038 modum
772 977 1022 1059 marchionibus,
1038 977 1219 1061 comitibus,
1238 978 1415 1045 baronibus
1440 988 1473 1045 et
1496 981 1568 1046 aliis
1583 981 1752 1046 nobilibus
1775 1005 1833 1070 por
1848 981 1947 1048 Lom-

227 1084 239 1120 a
297 1067 443 1134 bardiam
467 1079 501 1137 ot
524 1072 748 1144 Rornaoiolam
774 1082 969 1148 constitutis.

918 1313 1328 1322 ———-——-..-—.-—-

1083 1525 1168 1598 390.

400 1607 618 1704 Innocentius
640 1640 697 1705 IV
709 1663 798 1727 papa
822 1648 971 1728 irrupistro
992 1647 1105 1712 Iacobo
1127 1648 1275 1712 atrroniao
1297 1647 1440 1711 aeclesiae
1461 1647 1564 1711 soracti
1586 1647 1722 1712 Paulini
1751 1649 1951 1714 Praeerausis

293 1736 340 1798 od
360 1758 470 1820 praees
498 1743 618 1805 cernitis
645 1744 682 1808 da
705 1746 973 1832 liupraaansanpaS,
1002 1751 1102 1815 deuoti
1123 1751 1280 1827 acclesiae,
1303 1750 1448 1826 rnanrlut,
1472 1755 1506 1813 ut
1529 1750 1624 1814 Patro
1642 1751 1808 1836 fiunitiari
1831 1753 1951 1816 corrritis

293 1837 440 1919 eiusdem,
463 1847 574 1908 rectori
587 1847 730 1912 aectcsiac
752 1849 790 1913 da
807 1849 967 1916 Nontbort
984 1853 1143 1918 Tultansis
1158 1853 1295 1930 diocesis,
1319 1854 1354 1916 in
1374 1852 1555 1916 Praeeransi
1564 1854 1730 1934 mooiracia
1750 1855 1788 1918 da
1804 1855 1950 1936 beneficio

294 1944 499 2010 acdaaiastico
515 1949 691 2030 procubat.
1596 1959 1689 2034 2247,
1712 1958 1794 2037 Apr.
1812 1962 1862 2024 13.

400 2066 462 2119 Iun.
477 2065 498 2118 I
502 2067 526 2120 V
542 2067 605 2136 Ray.
630 2069 684 2123 Vol.
707 2075 734 2138 I,
755 2079 815 2138 375;
843 2073 901 2127 lab.
920 2075 969 2142 IV,
990 2083 1048 2128 544.
1087 2076 1237 2144 Epistulam
1254 2091 1285 2126 aa
1305 2075 1420 2143 Repertis
1438 2075 1575 2142 descripsit
1599 2075 1716 2129 ncta.
1730 2076 1807 2129 Mara.

399 2153 496 2222 Berpcr
513 2161 582 2209 2541.

334 2314 545 2406 Magistro
574 2319 733 2392 Iacobo
761 2324 978 2396 canonico
1007 2323 1195 2397 ecclesie
1224 2324 1371 2397 sancti
1398 2324 1575 2397 Paulini
1602 2325 1909 2399 Treverensis

400 2466 445 2530 Ut
468 2469 615 2554 probitas
640 2493 703 2535 non
726 2473 832 2537 solnm
848 2475 1033 2560 possessori
1050 2494 1165 2539 verum
1189 2475 1286 2538 etiam
1310 2473 1383 2537 aliis
1400 2472 1567 2537 fructuosa
1582 2472 1746 2556 reddatur,
1771 2475 1948 2561 proborum

294 2569 483 2636 interventu
506 2593 736 2660 nonnunquam
760 2578 924 2663 aliquibus
940 2577 1079 2662 gratiam
1103 2576 1252 2657 facimus,
1277 2597 1374 2662 quam
1399 2597 1458 2661 per
1480 2597 1516 2641 se
1540 2577 1629 2662 ipsos
1653 2577 1790 2641 forsitan
1815 2579 1947 2643 minime

296 2672 492 2741 obtinerent.
538 2676 624 2742 Hinc
648 2686 708 2760 est,
733 2679 818 2765 quod
834 2701 904 2762 nos,
927 2681 1036 2745 dilecti
1059 2679 1116 2744 filii
1138 2681 1257 2744 nobilis
1281 2679 1340 2743 viri
1364 2726 1371 2740 .
1391 2729 1399 2744 .
1423 2678 1550 2743 comitis
1573 2678 1613 2743 de
1636 2679 1950 2767 Inqueansengesbl

293 2775 403 2841 devoti
427 2781 528 2843 nostri
551 2782 704 2866 precibus
729 2783 888 2861 inclinati,
918 2783 1123 2864 mandamus,
1152 2785 1305 2869 quatinus
1337 2781 1456 2847 dilecto
1487 2783 1553 2846 filio
1577 2782 1676 2847 Petro
1700 2783 1853 2849 familiari
1877 2805 1947 2865 suo,

295 2883 414 2944 rectori
443 2884 583 2948 ecclesie
612 2885 653 2950 de
677 2886 839 2952 Nanthort
861 2888 1028 2952 Tullensis
1057 2887 1210 2968 diocesis,
1237 2889 1269 2950 in
1293 2886 1491 2951 Treverensi
1520 2885 1689 2971 provincia
1719 2886 1759 2950 de
1787 2887 1948 2953 beneficio

295 2985 530 3062 ecclesiastico,
555 2989 642 3074 quod
667 2989 772 3054 eidem
797 2998 972 3077 competat,
996 3012 1093 3076 quam
1117 2993 1180 3054 cito
1205 3012 1240 3055 se
1264 2991 1403 3055 facultas
1427 2989 1593 3069 obtulerit,
1616 2991 1811 3054 auctoritate
1836 2996 1949 3054 nostra

295 3087 467 3172 provideas
498 3093 551 3155 uel
579 3091 682 3158 facias
714 3093 878 3179 provideri
902 3130 944 3142 —-
972 3115 1037 3158 non
1065 3095 1235 3158 obstante⁰
1272 3095 1299 3158 si
1329 3095 1362 3158 in
1386 3094 1529 3158 ecclesia
1556 3094 1628 3178 ipsa
1656 3095 1698 3157 sit
1721 3095 1947 3159 canonicorum

215 3203 228 3241 2
295 3212 450 3257 numerus
474 3195 642 3260 institutus
666 3197 865 3276 iuramento,
896 3199 1140 3263 confirmatione
1172 3197 1259 3262 sedis
1292 3197 1473 3281 apostolice
1502 3196 1553 3261 vel
1578 3216 1770 3282 quacunque
1794 3198 1948 3263 firmitate

294 3294 360 3360 alia
382 3296 570 3378 roboratus,
601 3320 661 3364 seu
690 3303 717 3364 si
745 3323 804 3388 pro
832 3301 905 3366 aliis
935 3302 968 3364 in
1001 3321 1040 3364 ea
1062 3299 1242 3364 direximus
1266 3300 1388 3385 scripta
1411 3304 1536 3378 nostra,
1566 3298 1683 3384 quibus
1706 3302 1859 3365 nolumus
1884 3309 1946 3367 ete.

294 3418 414 3482 usque:
437 3403 600 3485 generari,
625 3411 680 3468 aut
704 3406 732 3468 si
756 3404 864 3470 eidem
883 3404 1022 3469 ecclesie
1046 3426 1065 3467 a
1087 3403 1235 3490 predicta
1258 3402 1337 3468 sede
1354 3402 1516 3467 indultum
1541 3403 1672 3482 existat,
1696 3403 1784 3488 qnod
1807 3404 1848 3480 ad
1871 3425 1946 3490 pro-

293 3501 454 3566 visionem
478 3504 547 3569 sive
571 3507 795 3593 receptionem
824 3508 961 3572 alicuius
985 3528 1046 3593 por
1066 3508 1195 3572 litteras
1219 3505 1415 3593 apostolicas
1440 3505 1572 3569 minime
1602 3507 1784 3585 teneatur‘l,
1813 3507 1874 3570 nisi
1906 3506 1947 3570 de

294 3603 498 3690 indulgentia
521 3607 706 3674 huiusmodi
729 3628 918 3696 expressam
942 3611 1063 3676 faciant
1086 3611 1287 3676 mentionem
1308 3633 1366 3684 .-;
1390 3608 1647 3674 contradictores
1671 3618 1735 3676 etc.

214 3737 241 3776 '2⁵
398 3725 475 3792 Dat.
499 3726 662 3813 Lugduni,
686 3729 734 3795 Id.
759 3728 864 3816 April.
892 3729 989 3817 [anno
1013 3729 1173 3816 quarto]⁰.

1080 4172 1165 4246 3a1.

403 4267 618 4365 Innocentius
633 4280 657 4366 l
661 4301 691 4366 V
702 4323 792 4385 parra
814 4303 922 4366 abbati
943 4304 980 4368 dc
1001 4303 1156 4387 Pouqrosa
1182 4304 1391 4370 Coniectaneis·
1412 4303 1542 4368 diocesis
1564 4300 1703 4376 sitandan,
1726 4302 1761 4362 ut
1782 4294 1948 4360 Barnabae

295 4403 334 4467 da
363 4403 498 4483 Paluda,
529 4427 544 4468 a
571 4405 695 4488 Rapina
721 4410 749 4469 at
777 4405 946 4470 Parmensi
977 4407 1168 4485 cibantibus,
1201 4429 1337 4490 quaritur
1365 4408 1443 4471 civis
1470 4406 1599 4480 aristot,
1623 4423 1684 4482 par
1710 4397 1947 4483 Frffirlariaum]

295 4481 452 4590 perandum
475 4509 692 4589 imperatoreos
718 4514 747 4574 at
768 4511 897 4574 nutritios
922 4511 990 4574 aius
1011 4512 1153 4594 captatio,
1183 4513 1218 4575 in
1239 4511 1439 4575 Bononiensi
1465 4507 1578 4573 diocesi
1603 4507 1640 4568 cla
1667 4523 1779 4568 urrnua
1795 4500 1947 4585 panateria

291 4610 455 4695 provideri
471 4612 586 4696 faciat.
1587 4611 1681 4686 1247,
1703 4607 1785 4691 Api·
1809 4609 1859 4670 13·

215 4757 242 4796 ω
401 4729 466 4783 Iura.
480 4730 500 4781 Ι
503 4729 529 4782 V
544 4729 606 4798 lisy.
626 4730 718 4799 Voll,
737 4738 797 4797 377,·
816 4731 874 4787 Lib.
888 4733 941 4802 IV,
959 4741 1015 4789 568.
1051 4734 1209 4802 Exemplar,
1233 4733 1304 4801 quod
1327 4734 1423 4802 Barycr
1445 4730 1524 4786 edidit
1530 4772 1538 4799 ,
1563 4747 1625 4783 curu
1649 4727 1765 4798 Repertis
1790 4725 1902 4781 contulit
1923 4730 1946 4778 at

294 4831 328 4870 aa
346 4816 383 4869 cis
399 4817 525 4884 suffecit
548 4816 577 4870 V.
597 4815 634 4872 01.
651 4819 687 4872 A.
709 4819 786 4872 Mau.

400 4902 579 4971 massam.

540 5122 578 5140 ..
607 5067 767 5141 abbati
793 5070 845 5142 de
872 5069 1110 5162 Pomposa²
1139 5068 1453 5144 Comaclcnsis
1481 5065 1701 5141 diocesis.

402 5216 436 5280 si
452 5217 573 5301 passim
591 5223 642 5280 est
659 5216 860 5302 quibuslibet
875 5220 1099 5305 indigentibus
1116 5219 1357 5300 miserendumf,
1374 5225 1410 5284 ut
1425 5215 1652 5283 misericordes
1676 5214 1763 5278 eirea
1778 5211 1945 5297 proximos

213 5339 240 5380 ³⁵
295 5319 479 5385 existentes
502 5320 535 5384 in
558 5320 771 5386 retributione
794 5323 953 5388 iustorum
977 5323 1236 5390 misericordiam
1261 5328 1518 5408 consequantur,
1542 5321 1630 5385 circa
1652 5318 1725 5381 illos
1750 5315 1848 5380 debet
1871 5337 1945 5379 esso

400 5549 425 5610 ²)
443 5548 474 5598 ds
493 5548 620 5614 legatione
644 5547 712 5598 deaut
730 5547 777 5611 a.;
800 5551 834 5615 cs.
856 5568 883 5602 u.
901 5555 950 5602 294
968 5559 991 5603 at
1015 5555 1070 5605 295.
1183 5549 1208 5614 b)
1227 5553 1418 5618 laqueasenges
1436 5549 1469 5602 B.
1585 5545 1608 5606 θ)
1628 5563 1664 5596 1111
1681 5561 1733 5596 11011
1757 5544 1822 5596 111111·
1842 5564 1874 5586 =
1893 5561 1945 5594 111111

294 5633 476 5686 obstantibus?
584 5631 610 5696 d)
628 5643 764 5689 teneantur
782 5636 813 5687 a.
920 5637 943 5703 1)
961 5657 1029 5690 arrno
1047 5647 1139 5706 quarto
1157 5639 1225 5691 &aar
1243 5639 1275 5690 B.
1384 5634 1404 5702 s)
1422 5634 1586 5688 inserendam
1604 5632 1637 5685 R.
1687 5711 1688 5714 Ἴ

404 5753 429 5806 lt
450 5752 518 5819 Quis
534 5751 577 5805 tric
594 5767 676 5806 carries
692 5751 782 5820 facud,
800 5751 937 5806 ussnrrua.
1041 5751 1069 5820 2)
1088 5752 1164 5806 rue
1180 5751 1249 5807 ostia
1268 5751 1341 5805 Pudi
1356 5753 1392 5820 st,
1409 5768 1442 5806 aa
1457 5755 1519 5819 sept.
1537 5748 1583 5803 cia.
1603 5747 1783 5890 Gomudgqsss.

403 5837 465 5892 ltuu
487 5837 569 5891 Pons.
589 5836 622 5891 Il.
