4790 6340
867 411 1065 516 El'ISTOerE
1083 417 1278 475 SELECTAE.
1315 419 1390 476 1248.

427 715 468 789 Ρ.
499 717 656 791 Sancti
685 716 869 811 Georgii
896 720 950 794 ad
971 720 1116 794 Velum
1144 721 1341 796 Aureum
1369 723 1556 796 diacono
1586 723 1833 812 cardinali,

829 842 1080 934 apostolice
1108 843 1234 918 sedis
1260 844 1432 936 legate.

413 985 511 1067 Cum,
541 988 624 1053 sieut
653 1011 695 1054 ex
724 997 816 1076 parte
846 990 966 1056 dilecte
994 992 1026 1055 in
1051 991 1178 1058 Christo
1203 993 1269 1058 filie
1293 994 1413 1058 nobilis
1436 995 1580 1058 mulieris
1605 1046 1612 1062 .
1634 1044 1641 1058 .
1666 995 1795 1059 ducisse
1819 992 1954 1058 Austris

306 1088 367 1152 fuit
394 1092 594 1175 propesitum
629 1114 737 1158 eoram
772 1094 882 1176 nobis,
916 1096 1072 1180 magister
1106 1103 1138 1160 et
1170 1098 1288 1162 fratres
1317 1119 1355 1162 ac
1384 1098 1483 1163 irater
1504 1099 1613 1164 Rasco
1643 1098 1816 1184 hospitalis
1840 1098 1955 1163 domus

240 1221 252 1259 s
307 1197 417 1256 sancte
433 1193 536 1260 Marie
552 1193 826 1262 Theutonieorum
841 1198 874 1261 iu
890 1197 1023 1263 Austria
1039 1200 1071 1262 iu
1089 1199 1367 1266 Starthenbereb¹
1383 1209 1416 1266 et
1432 1202 1463 1266 in
1482 1201 1734 1280 (ientenstrinb¹
1750 1222 1789 1265 ac
1811 1200 1953 1286 quedam

305 1293 368 1358 alia
390 1303 512 1375 eastra,
534 1297 725 1364 thesaurum
748 1307 781 1364 et
803 1302 866 1366 alia
891 1302 978 1366 bona
999 1302 1133 1368 mobilia
1156 1309 1190 1368 et
1213 1303 1400 1381 immobilia,
1430 1327 1492 1391 que
1517 1305 1557 1368 ad
1581 1326 1654 1370 eam
1678 1325 1720 1370 ex
1743 1303 1954 1369 concessione

305 1398 392 1462 facta
415 1399 476 1464 sibi
499 1421 518 1464 a
542 1449 576 1464 ..
599 1403 762 1488 quondam
797 1404 880 1470 duee
909 1405 1060 1481 Austris,
1091 1411 1207 1492 patruo
1231 1427 1302 1488 suo,
1333 1429 1375 1472 ex
1403 1407 1528 1472 indulto
1554 1407 1661 1472 eidem
1684 1407 1760 1472 duci
1783 1407 1953 1492 privilegio

305 1502 486 1588 imperiali⁰
520 1506 702 1591 spectant²,
739 1506 886 1574 detinere
918 1507 1083 1574 dieantur:
1117 1508 1325 1591 mandamus,
1362 1512 1513 1596 quatinus
1552 1510 1656 1576 dictos
1696 1510 1888 1596 magistrum
1922 1517 1955 1576 et

305 1606 432 1688 iratres,
456 1615 491 1672 ut
514 1609 660 1696 predicta
683 1612 791 1676 omnia
812 1613 873 1698 ipsi
898 1611 1028 1678 ducisse
1052 1613 1225 1678 restituant
1247 1613 1374 1698 integre
1398 1635 1436 1678 ae
1460 1614 1500 1679 de
1517 1614 1678 1701 dampnis,
1701 1635 1764 1700 que
1781 1615 1953 1679 occasione

307 1709 492 1776 huiusmodi
508 1712 640 1778 ducissa
656 1713 770 1780 eadem
794 1737 829 1781 se
853 1717 1029 1781 incurrisse
1053 1717 1179 1796 asserit,
1204 1717 1416 1797 satisfaciant,
1440 1725 1476 1781 ut
1499 1723 1660 1798 tenentur,
1683 1725 1798 1803 perte
1821 1719 1873 1782 vel
1895 1739 1955 1804 per

305 1814 387 1879 alies
424 1817 603 1883 monitione
644 1820 803 1904 premissa
837 1841 894 1906 per
933 1841 1102 1886 censuram
1140 1822 1397 1887 eeclesiasticam
1429 1821 1646 1908 appellatione
1681 1829 1808 1886 remota
1842 1823 1955 1908 previa

304 1918 428 1984 ratione
459 1922 648 2008 compellas.
699 1922 793 1996 Quod
822 1925 848 1988 si
878 1946 938 1989 nee
966 1925 1013 1988 sie
1043 1926 1162 2012 prefati
1192 1926 1349 2012 magister
1372 1932 1405 1990 et
1427 1927 1544 1990 fratres
1568 1926 1752 1990 curaverint
1775 1927 1952 1992 restituere

305 2023 500 2108 supradicta,
524 2025 550 2088 si
573 2025 728 2111 expedire
746 2027 875 2106 videris,
893 2029 1097 2093 carissimum
1118 2030 1151 2094 in
1168 2029 1298 2094 Christo
1315 2029 1416 2093 filium
1433 2035 1579 2092 nostrum
1604 2076 1637 2092 ..
1661 2029 1817 2094 illustrem
1842 2049 1953 2114 regem

306 2125 439 2190 Beemie
463 2127 620 2193 attentius
643 2150 793 2211 moneas,
817 2138 854 2195 ut
876 2153 975 2218 super
998 2132 1059 2197 hiis
1083 2132 1124 2197 de
1148 2132 1348 2214 redditibus,
1371 2154 1450 2219 quos
1476 2133 1575 2198 iidem
1599 2134 1758 2219 magister
1781 2141 1814 2198 et
1837 2134 1953 2197 iratres
2079 2151 2080 2154 ’

306 2229 453 2296 obtinent
476 2231 508 2295 in
532 2254 633 2318 regno
658 2255 727 2314 suo,
752 2235 905 2302 satisfieri
928 2236 1026 2300 faeiat
1049 2236 1149 2301 nobili
1173 2245 1364 2303 memorate.

408 2352 484 2417 Dat.
507 2351 669 2439 Lugduni,
686 2355 716 2420 V
732 2357 808 2422 Kal.
831 2355 1013 2438 Februarii,
1036 2379 1122 2423 anno
1138 2357 1194 2423 V0.

925 2621 1335 2628 ——.--—-—-———--

1084 2847 1172 2921 489.

407 2957 625 3050 haematitas
650 2987 814 3068 1V1apa
839 2987 952 3068 'sabbati
984 2988 1020 3050 ia
1051 2987 1287 3052 Hersedelrasen
1319 2987 1592 3052 paderbornam
1621 2987 1751 3052 dioceses
1781 2986 1825 3050 ad
1848 3007 1955 3070 preces

303 3087 474 3174 [aanor]
495 3090 629 3173 episcopi
650 3089 916 3156 Hildcalrcmeasis
937 3089 1081 3167 mandat,
1104 3094 1139 3154 at
1159 3090 1381 3154 Herennianum
1404 3091 1441 3156 do
1465 3091 1597 3157 Gliciam
1620 3091 1803 3154 eanonicam
1827 3089 1953 3154 Hildes-

303 3189 481 3271 lacmcasem,
497 3192 552 3276 qai
566 3215 588 3256 o
598 3193 784 3278 fautoribus
798 3193 992 3279 wedam]
1007 3193 1167 3274 quendem
1181 3193 1380 3274 imperatoris
1396 3194 1546 3273 suffultus
1568 3194 1648 3258 bona
1670 3193 1812 3258 ecclessiae
1827 3192 1864 3256 H
1865 3192 1954 3256 ildes-

305 3295 456 3362 tonans
478 3298 679 3380 manavere,
701 3298 746 3362 ad
766 3297 866 3362 sedem
886 3297 1088 3378 apostolicam
1109 3298 1188 3362 atet.
1601 3300 1694 3373 1248,
1718 3297 1790 3363 Ion.
1813 3300 1865 3360 31.

408 3416 472 3470 Ina.
485 3417 534 3470 IV
548 3417 611 3487 Ray.
633 3418 687 3472 Vol.
701 3419 724 3486 Ι,
739 3425 805 3485 602,-
823 3417 884 3472 Lib.
903 3416 933 3487 V,
953 3423 1011 3472 534.

407 3502 506 3572 Beryae
517 3511 589 3560 3584.

474 3737 483 3754 .
510 3736 520 3754 .
549 3681 703 3754 abbati
730 3680 775 3754 in
802 3680 1167 3756 Hersedehusen³
1194 3683 1562 3757 Padeburnensis
1590 3683 1797 3757 diocesis.

406 3832 473 3896 Sua
489 3831 581 3895 nobis
593 3831 788 3895 venerabilis
801 3830 902 3896 frater
917 3837 1030 3896 noster
1046 3880 1074 3896 ..
1090 3831 1352 3899 Hildesemensis
1368 3834 1540 3920 episcopus
1553 3834 1711 3920 petitione
1726 3830 1951 3911 monstrarit‘,

305 3933 392 4018 qued
413 3933 623 3998 Hermannus
646 3932 686 3997 de
704 3933 845 3998 Glicben
867 3935 1042 4000 eanonicus
1058 3934 1321 4001 Hildesemensis
1345 3937 1484 4002 ecclesie
1508 3937 1711 4022 quorundam
1733 3935 1770 4000 F.
1789 3934 1952 4021 quendem

303 4037 525 4102 Romanorum
559 4037 765 4123 imperatoris
800 4035 1008 4125 [lautorum]‘¹
1043 4040 1155 4104 favore
1188 4041 1340 4106 suffultus
1367 4041 1497 4106 domurn
1527 4041 1762 4128 episcopalem,
1791 4039 1951 4119 civitates,

302 4140 437 4228 oppida,
459 4139 571 4218 villae,
594 4139 790 4206 munitiones
819 4149 852 4206 et
880 4140 965 4207 boue
992 4142 1092 4228 ipsius
1116 4145 1258 4210 eeclesia
1287 4166 1347 4230 per
1368 4145 1559 4210 violentiam
1588 4144 1715 4209 detinet
1736 4148 1895 4229 oeeupata
1918 4141 1950 4206 in

303 4243 481 4309 eorundem
505 4244 649 4331 episcopi
679 4251 714 4309 et
741 4247 880 4310 ecclesie
907 4268 972 4311 non
1001 4248 1163 4312 modicum
1192 4248 1406 4334 preiudieium
1430 4257 1463 4313 et
1484 4270 1678 4334 gravamen,
1708 4244 1951 4335 propterquod

302 4349 498 4414 venerabilis
520 4350 622 4414 frater
643 4355 755 4413 noster
777 4399 810 4415 ..
833 4349 1044 4436 Magantinus
1069 4351 1333 4439 archiepiscopus
1364 4355 1397 4418 in
1421 4354 1543 4419 dietum
1566 4353 1792 4417 Hermannum
1817 4371 1949 4415 exeom-

304 4453 531 4518 municationis
565 4452 761 4518 sententiam
795 4453 948 4538 exigente
983 4454 1109 4519 iustitia
1146 4457 1341 4521 auctoritate
1380 4457 1559 4543 apostoliea
1595 4455 1822 4542 promulgavit.
1885 4453 1950 4517 Sed

303 4555 390 4623 idem
413 4557 457 4622 H.
480 4556 664 4621 huiusmodi
694 4557 856 4623 sententia
883 4557 1045 4644 vilipensa
1068 4559 1215 4645 predicta
1239 4559 1325 4626 bona
1348 4560 1495 4626 detinere
1519 4558 1678 4648 presumit
1705 4559 1738 4622 in
1761 4558 1869 4622 anime
1892 4578 1950 4622 sue

302 4661 483 4747 periculum
506 4668 539 4726 et
562 4659 750 4726 scandalum
773 4662 997 4749 plurimorum.
1043 4665 1151 4738 Quare
1175 4665 1267 4730 nobis
1290 4666 1438 4753 prelatus
1469 4667 1643 4752 episeopus
1666 4663 1760 4729 duxit
1784 4661 1950 4727 humiliter

303 4763 570 4851 supplicandum,
601 4770 638 4828 ut
665 4785 738 4829 eum
766 4765 838 4851 ipse
865 4767 898 4830 iu
928 4767 1075 4853 partibus
1105 4768 1171 4833 illis
1199 4774 1332 4855 propter
1360 4769 1518 4834 malitiam
1542 4776 1575 4834 et
1597 4768 1777 4854 potentiam
1803 4765 1948 4831 eiusdem

303 4865 346 4932 H.
370 4868 523 4932 effectum
549 4867 672 4933 iustitie
700 4877 843 4952 nequeat
870 4870 1029 4948 invenire,
1060 4872 1234 4958 providere
1266 4873 1326 4937 sibi
1353 4895 1452 4960 super
1480 4873 1541 4938 boe
1567 4879 1705 4960 paterna
1728 4870 1949 4936 sollieitudine

302 4991 500 5036 curaremus.
555 4971 765 5052 maneamus,
799 4973 951 5060 quatinus
985 4973 1106 5041 dictum
1141 4977 1184 5041 H.
1215 4976 1409 5043 auctoritate
1444 4983 1555 5042 nostra
1590 4976 1809 5063 peremptorie
1848 4975 1949 5040 citare

410 5131 506 5138 —.
517 5131 525 5136 -
539 5131 680 5139 .-—--——
697 5134 785 5140 ..—-.

404 5233 429 5298 ὓ)
447 5235 617 5287 Startbeubeb
636 5235 686 5286 Me.
807 5234 832 5302 b)
850 5237 999 5289 Cententnn
1019 5236 1070 5290 Me.
1192 5236 1216 5302 ο)
1235 5238 1365 5306 privilegii
1382 5238 1521 5306 imperialis
1539 5238 1580 5302 P,
1597 5238 1649 5290 Me.
1765 5235 1792 5301 d)
1811 5239 1949 5302 fautorum,

301 5319 371 5386 maed
388 5319 419 5370 R.
438 5321 513 5386 deest,
531 5319 564 5372 B·
582 5321 692 5372 addidit.

406 5438 432 5505 1)
451 5437 513 5507 laq.
532 5436 734 5491 Steudrenberds
759 5441 782 5490 et
810 5437 979 5504 ducendam
1006 5439 1037 5506 cs.
1064 5457 1091 5494 n.
1110 5447 1162 5494 427
1176 5445 1200 5494 et
1217 5449 1276 5496 440.
1399 5441 1427 5508 2)
1445 5439 1502 5493 Sub
1528 5439 1613 5494 mem
1638 5440 1682 5494 die
1707 5439 1829 5496 ducam
1854 5443 1949 5508 mefit-

301 5523 382 5578 maeit
398 5522 496 5590 omnio,
513 5539 583 5591 oreae
599 5523 658 5578 dax
676 5523 801 5578 Arabiae
815 5531 934 5594 potrum
953 5527 1008 5581 eiras
1026 5527 1050 5581 ei
1067 5532 1122 5581 tam
1142 5527 1173 5580 ia
1190 5527 1333 5581 bonmdree
1356 5533 1379 5580 et
1402 5526 1508 5580 iurabas
1529 5545 1611 5595 quam
1633 5528 1696 5582 eliis
1718 5527 1793 5583 berem
1815 5529 1950 5583 medilabar

222 5624 249 5663 ce
300 5615 324 5664 et
340 5609 515 5664 immobildras
533 5609 569 5662 ad
585 5627 613 5664 se
630 5611 817 5680 epedarstibas,
832 5619 915 5681 preat
932 5613 982 5668 edri
999 5629 1031 5668 ea
1048 5613 1179 5682 imperiali
1195 5613 1358 5670 wneesaiorse
1378 5613 1475 5680 lieerd,
1501 5613 1677 5682 rennuenda
1694 5615 1827 5682 duxissem
1846 5615 1950 5686 Bergae

300 5703 377 5762 35ης
393 5695 521 5764 Panae,
540 5695 603 5765 aa.
618 5703 703 5753 12826.
772 5699 799 5766 3)
819 5699 1016 5758 Hordebeesen
1032 5700 1113 5758 taeta
1129 5700 1228 5770 (lamen
1246 5700 1349 5756 Dione}
1361 5715 1443 5772 prope
1460 5699 1508 5756 eiu.
1529 5699 1667 5772 Werbarp.
1737 5703 1765 5770 4)
1788 5703 1830 5770 Of.
1847 5721 1875 5759 a.
1890 5709 1947 5760 330.

403 5791 467 5852 lira.
480 5791 562 5851 Ροιιτ.
575 5792 609 5851 ΙΙ.
1708 5795 1743 5854 44
