<?xml version="1.0" encoding="UTF-8"?>
<!DOCTYPE html PUBLIC "-//W3C//DTD XHTML 1.0 Transitional//EN"
    "http://www.w3.org/TR/xhtml1/DTD/xhtml1-transitional.dtd">
<html xmlns="http://www.w3.org/1999/xhtml" xml:lang="en" lang="en">
 <head>
  <title>
</title>
<meta http-equiv="Content-Type" content="text/html;charset=utf-8" />
  <meta name='ocr-system' content='tesseract 3.04.00' />
  <meta name='ocr-capabilities' content='ocr_page ocr_carea ocr_par ocr_line ocrx_word'/>
</head>
<body>
  <div class='ocr_page' id='page_1' title='image "./monumentagerman00popegoog_0187.png"; bbox 0 0 4328 6232; ppageno 0'>
   <div class='ocr_carea' id='block_1_1' title="bbox 754 354 1297 412">
    <p class='ocr_par' dir='ltr' id='par_1_1' title="bbox 754 354 1297 412">
     <span class='ocr_line' id='line_1_1' title="bbox 754 354 1297 412; baseline -0.004 -1"><span class='ocrx_word' id='word_1_1' title='bbox 754 356 802 411; x_wconf 82' lang='lat' dir='ltr'><strong>llll</strong></span> <span class='ocrx_word' id='word_1_2' title='bbox 821 355 1040 412; x_wconf 78' lang='lat' dir='ltr'>INNOOENTII</span> <span class='ocrx_word' id='word_1_3' title='bbox 1058 357 1096 411; x_wconf 92' lang='lat' dir='ltr'><strong>IV</strong></span> <span class='ocrx_word' id='word_1_4' title='bbox 1114 354 1297 412; x_wconf 78' lang='lat' dir='ltr'><strong>REGIS&#39;I&#39;RO</strong></span> 
     </span>
    </p>
   </div>
   <div class='ocr_carea' id='block_1_2' title="bbox 423 550 1633 646">
    <p class='ocr_par' dir='ltr' id='par_1_2' title="bbox 423 550 1633 646">
     <span class='ocr_line' id='line_1_2' title="bbox 423 550 1633 646; baseline 0.001 -23"><span class='ocrx_word' id='word_1_5' title='bbox 423 606 463 625; x_wconf 89' lang='lat'><strong>..</strong></span> <span class='ocrx_word' id='word_1_6' title='bbox 492 550 704 644; x_wconf 90' lang='lat' dir='ltr'><strong>episcopo</strong></span> <span class='ocrx_word' id='word_1_7' title='bbox 732 554 1003 642; x_wconf 87' lang='lat' dir='ltr'><strong>Tusculano,</strong></span> <span class='ocrx_word' id='word_1_8' title='bbox 1031 554 1281 646; x_wconf 88' lang='lat' dir='ltr'><strong>apostolice</strong></span> <span class='ocrx_word' id='word_1_9' title='bbox 1308 553 1428 627; x_wconf 86' lang='lat' dir='ltr'><strong>sedis</strong></span> <span class='ocrx_word' id='word_1_10' title='bbox 1455 550 1633 644; x_wconf 81' lang='lat' dir='ltr'><strong>legato¹.</strong></span> 
     </span>
    </p>
   </div>
   <div class='ocr_carea' id='block_1_3' title="bbox 198 698 1859 1305">
    <p class='ocr_par' dir='ltr' id='par_1_3' title="bbox 198 698 1859 1305">
     <span class='ocr_line' id='line_1_3' title="bbox 306 698 1856 787; baseline -0.001 -24"><span class='ocrx_word' id='word_1_11' title='bbox 306 699 468 784; x_wconf 77' lang='lat' dir='ltr'><strong>Volumus</strong></span> <span class='ocrx_word' id='word_1_12' title='bbox 491 706 524 764; x_wconf 90' lang='lat' dir='ltr'><strong>et</strong></span> <span class='ocrx_word' id='word_1_13' title='bbox 545 701 749 786; x_wconf 88' lang='lat' dir='ltr'><strong>presentium</strong></span> <span class='ocrx_word' id='word_1_14' title='bbox 772 702 832 767; x_wconf 92' lang='lat' dir='ltr'><strong>tibi</strong></span> <span class='ocrx_word' id='word_1_15' title='bbox 855 703 1051 767; x_wconf 87' lang='lat' dir='ltr'><strong>auctoritate</strong></span> <span class='ocrx_word' id='word_1_16' title='bbox 1074 701 1277 783; x_wconf 83' lang='lat' dir='ltr'>mandamus,</span> <span class='ocrx_word' id='word_1_17' title='bbox 1301 702 1451 787; x_wconf 78' lang='lat' dir='ltr'>quatinus</span> <span class='ocrx_word' id='word_1_18' title='bbox 1470 700 1545 779; x_wconf 91' lang='lat' dir='ltr'><strong>illis,</strong></span> <span class='ocrx_word' id='word_1_19' title='bbox 1568 700 1687 787; x_wconf 86' lang='lat' dir='ltr'><strong>quibus</strong></span> <span class='ocrx_word' id='word_1_20' title='bbox 1702 698 1856 786; x_wconf 89' lang='lat' dir='ltr'><strong>predica-</strong></span> 
     </span>
     <span class='ocr_line' id='line_1_4' title="bbox 198 803 1858 893; baseline -0.001 -25"><span class='ocrx_word' id='word_1_21' title='bbox 198 806 320 869; x_wconf 81' lang='lat' dir='ltr'><strong>tionem</strong></span> <span class='ocrx_word' id='word_1_22' title='bbox 349 805 453 868; x_wconf 91' lang='lat' dir='ltr'><strong>crucis</strong></span> <span class='ocrx_word' id='word_1_23' title='bbox 483 825 543 890; x_wconf 88' lang='lat' dir='ltr'><strong>per</strong></span> <span class='ocrx_word' id='word_1_24' title='bbox 567 804 784 870; x_wconf 82' lang='lat' dir='ltr'><strong>Theotoniam</strong></span> <span class='ocrx_word' id='word_1_25' title='bbox 812 828 871 893; x_wconf 92' lang='lat' dir='ltr'><strong>pro</strong></span> <span class='ocrx_word' id='word_1_26' title='bbox 895 805 997 871; x_wconf 82' lang='lat' dir='ltr'><strong>Terre</strong></span> <span class='ocrx_word' id='word_1_27' title='bbox 1023 805 1143 871; x_wconf 84' lang='lat' dir='ltr'><strong>Sancte</strong></span> <span class='ocrx_word' id='word_1_28' title='bbox 1173 804 1319 870; x_wconf 88' lang='lat' dir='ltr'><strong>subeidio</strong></span> <span class='ocrx_word' id='word_1_29' title='bbox 1347 805 1557 884; x_wconf 81' lang='lat' dir='ltr'><strong>commisisti,</strong></span> <span class='ocrx_word' id='word_1_30' title='bbox 1585 803 1761 888; x_wconf 87' lang='lat' dir='ltr'><strong>iniungere</strong></span> <span class='ocrx_word' id='word_1_31' title='bbox 1790 823 1858 866; x_wconf 91' lang='lat' dir='ltr'><strong>non</strong></span> 
     </span>
     <span class='ocr_line' id='line_1_5' title="bbox 199 906 1859 995; baseline -0.002 -23"><span class='ocrx_word' id='word_1_32' title='bbox 199 913 390 994; x_wconf 76' lang='lat' dir='ltr'><strong>postponas,</strong></span> <span class='ocrx_word' id='word_1_33' title='bbox 413 915 449 971; x_wconf 91' lang='lat' dir='ltr'><strong>ut</strong></span> <span class='ocrx_word' id='word_1_34' title='bbox 472 907 657 973; x_wconf 92' lang='lat' dir='ltr'><strong>huiusmodi</strong></span> <span class='ocrx_word' id='word_1_35' title='bbox 680 909 893 993; x_wconf 83' lang='lat' dir='ltr'><strong>predicationi</strong></span> <span class='ocrx_word' id='word_1_36' title='bbox 917 908 1118 995; x_wconf 84' lang='lat' dir='ltr'><strong>temporibus</strong></span> <span class='ocrx_word' id='word_1_37' title='bbox 1142 908 1213 972; x_wconf 89' lang='lat' dir='ltr'><strong>istis</strong></span> <span class='ocrx_word' id='word_1_38' title='bbox 1234 907 1450 994; x_wconf 87' lang='lat' dir='ltr'><strong>supersedere</strong></span> <span class='ocrx_word' id='word_1_39' title='bbox 1466 914 1652 994; x_wconf 88' lang='lat' dir='ltr'><strong>procurent,</strong></span> <span class='ocrx_word' id='word_1_40' title='bbox 1679 906 1859 993; x_wconf 84' lang='lat' dir='ltr'><strong>presertim</strong></span> 
     </span>
     <span class='ocr_line' id='line_1_6' title="bbox 199 1008 1859 1097; baseline -0.002 -22"><span class='ocrx_word' id='word_1_41' title='bbox 199 1032 272 1075; x_wconf 90' lang='lat' dir='ltr'><strong>curn</strong></span> <span class='ocrx_word' id='word_1_42' title='bbox 295 1013 328 1075; x_wconf 91' lang='lat' dir='ltr'><strong>in</strong></span> <span class='ocrx_word' id='word_1_43' title='bbox 351 1011 416 1074; x_wconf 92' lang='lat' dir='ltr'><strong>illis</strong></span> <span class='ocrx_word' id='word_1_44' title='bbox 439 1012 588 1097; x_wconf 91' lang='lat' dir='ltr'><strong>partibus</strong></span> <span class='ocrx_word' id='word_1_45' title='bbox 612 1010 740 1077; x_wconf 90' lang='lat' dir='ltr'><strong>dicatur</strong></span> <span class='ocrx_word' id='word_1_46' title='bbox 762 1034 848 1078; x_wconf 91' lang='lat' dir='ltr'><strong>nunc</strong></span> <span class='ocrx_word' id='word_1_47' title='bbox 872 1035 947 1079; x_wconf 89' lang='lat' dir='ltr'><strong>esse</strong></span> <span class='ocrx_word' id='word_1_48' title='bbox 970 1012 1133 1076; x_wconf 90' lang='lat' dir='ltr'><strong>modicum</strong></span> <span class='ocrx_word' id='word_1_49' title='bbox 1156 1012 1339 1093; x_wconf 83' lang='lat' dir='ltr'><strong>fructuosa,</strong></span> <span class='ocrx_word' id='word_1_50' title='bbox 1362 1017 1395 1076; x_wconf 91' lang='lat' dir='ltr'><strong>et</strong></span> <span class='ocrx_word' id='word_1_51' title='bbox 1417 1033 1477 1076; x_wconf 89' lang='lat' dir='ltr'><strong>nos</strong></span> <span class='ocrx_word' id='word_1_52' title='bbox 1500 1012 1533 1075; x_wconf 91' lang='lat' dir='ltr'><strong>in</strong></span> <span class='ocrx_word' id='word_1_53' title='bbox 1556 1009 1681 1076; x_wconf 90' lang='lat' dir='ltr'><strong>eisdem</strong></span> <span class='ocrx_word' id='word_1_54' title='bbox 1705 1008 1859 1095; x_wconf 84' lang='lat' dir='ltr'><strong>partibus</strong></span> 
     </span>
     <span class='ocr_line' id='line_1_7' title="bbox 201 1112 1858 1203; baseline -0.001 -25"><span class='ocrx_word' id='word_1_55' title='bbox 201 1114 337 1179; x_wconf 87' lang='lat' dir='ltr'><strong>verbum</strong></span> <span class='ocrx_word' id='word_1_56' title='bbox 360 1115 463 1178; x_wconf 84' lang='lat' dir='ltr'><strong>crucis</strong></span> <span class='ocrx_word' id='word_1_57' title='bbox 487 1122 602 1180; x_wconf 90' lang='lat' dir='ltr'><strong>contra</strong></span> <span class='ocrx_word' id='word_1_58' title='bbox 624 1116 660 1180; x_wconf 80' lang='lat' dir='ltr'><strong>F.</strong></span> <span class='ocrx_word' id='word_1_59' title='bbox 685 1117 848 1201; x_wconf 91' lang='lat' dir='ltr'><strong>quondam</strong></span> <span class='ocrx_word' id='word_1_60' title='bbox 871 1117 1093 1182; x_wconf 87' lang='lat' dir='ltr'><strong>Romanorum</strong></span> <span class='ocrx_word' id='word_1_61' title='bbox 1116 1117 1349 1203; x_wconf 79' lang='lat' dir='ltr'><strong>imperatorem</strong></span> <span class='ocrx_word' id='word_1_62' title='bbox 1372 1115 1635 1181; x_wconf 82' lang='lat' dir='ltr'><strong>mandaverimus</strong></span> <span class='ocrx_word' id='word_1_63' title='bbox 1662 1112 1858 1201; x_wconf 83' lang='lat' dir='ltr'><strong>prediceri².</strong></span> 
     </span>
     <span class='ocr_line' id='line_1_8' title="bbox 200 1217 1421 1305; baseline 0 -23"><span class='ocrx_word' id='word_1_64' title='bbox 200 1218 362 1282; x_wconf 85' lang='lat' dir='ltr'><strong>Volumus</strong></span> <span class='ocrx_word' id='word_1_65' title='bbox 386 1224 506 1298; x_wconf 90' lang='lat' dir='ltr'><strong>autem,</strong></span> <span class='ocrx_word' id='word_1_66' title='bbox 530 1226 566 1282; x_wconf 91' lang='lat' dir='ltr'><strong>ut</strong></span> <span class='ocrx_word' id='word_1_67' title='bbox 588 1219 653 1283; x_wconf 85' lang='lat' dir='ltr'><strong>ista</strong></span> <span class='ocrx_word' id='word_1_68' title='bbox 676 1226 805 1286; x_wconf 85' lang='lat' dir='ltr'><strong>secreto</strong></span> <span class='ocrx_word' id='word_1_69' title='bbox 828 1227 951 1302; x_wconf 89' lang='lat' dir='ltr'><strong>teneas,</strong></span> <span class='ocrx_word' id='word_1_70' title='bbox 975 1220 1056 1284; x_wconf 92' lang='lat' dir='ltr'><strong>nulli</strong></span> <span class='ocrx_word' id='word_1_71' title='bbox 1079 1219 1210 1305; x_wconf 89' lang='lat' dir='ltr'><strong>penitus</strong></span> <span class='ocrx_word' id='word_1_72' title='bbox 1233 1217 1421 1285; x_wconf 88' lang='lat' dir='ltr'><strong>revelanda.</strong></span> 
     </span>
    </p>
   </div>
   <div class='ocr_carea' id='block_1_4' title="bbox 311 1338 579 1425">
    <p class='ocr_par' dir='ltr' id='par_1_4' title="bbox 311 1338 579 1425">
     <span class='ocr_line' id='line_1_9' title="bbox 311 1338 579 1425; baseline 0.004 -23"><span class='ocrx_word' id='word_1_73' title='bbox 311 1338 386 1403; x_wconf 90' lang='lat' dir='ltr'><strong>Dat.</strong></span> <span class='ocrx_word' id='word_1_74' title='bbox 410 1344 447 1403; x_wconf 91' lang='lat' dir='ltr'><strong>ut</strong></span> <span class='ocrx_word' id='word_1_75' title='bbox 470 1361 579 1425; x_wconf 88' lang='lat' dir='ltr'><strong>supra.</strong></span> 
     </span>
    </p>
   </div>
   <div class='ocr_carea' id='block_1_5' title="bbox 198 1784 1859 2206">
    <p class='ocr_par' dir='ltr' id='par_1_5' title="bbox 198 1784 1859 2206">
     <span class='ocr_line' id='line_1_10' title="bbox 306 1784 1857 1898; baseline -0.003 -20"><span class='ocrx_word' id='word_1_76' title='bbox 306 1784 524 1878; x_wconf 66' lang='lat' dir='ltr'><strong>leomarus</strong></span> <span class='ocrx_word' id='word_1_77' title='bbox 539 1811 594 1876; x_wconf 77' lang='lat' dir='ltr'><strong>rr</strong></span> <span class='ocrx_word' id='word_1_78' title='bbox 608 1834 699 1896; x_wconf 68' lang='lat' dir='ltr'><strong>papa</strong></span> <span class='ocrx_word' id='word_1_79' title='bbox 720 1810 1021 1898; x_wconf 63' lang='lat' dir='ltr'><strong>[praeposuero</strong></span> <span class='ocrx_word' id='word_1_80' title='bbox 1035 1813 1249 1892; x_wconf 60' lang='lat' dir='ltr'><strong>nasama,</strong></span> <span class='ocrx_word' id='word_1_81' title='bbox 1271 1809 1562 1896; x_wconf 73' lang='lat' dir='ltr'><strong>apostolicaesedis</strong></span> <span class='ocrx_word' id='word_1_82' title='bbox 1584 1811 1692 1893; x_wconf 68' lang='lat' dir='ltr'><strong>ram,</strong></span> <span class='ocrx_word' id='word_1_83' title='bbox 1715 1812 1857 1884; x_wconf 56' lang='lat' dir='ltr'><strong>aaran,</strong></span> 
     </span>
     <span class='ocr_line' id='line_1_11' title="bbox 201 1913 1859 2000; baseline -0.002 -20"><span class='ocrx_word' id='word_1_84' title='bbox 201 1921 237 1980; x_wconf 90' lang='lat' dir='ltr'><strong>ut</strong></span> <span class='ocrx_word' id='word_1_85' title='bbox 258 1916 287 1982; x_wconf 81' lang='lat' dir='ltr'><strong>si</strong></span> <span class='ocrx_word' id='word_1_86' title='bbox 300 1913 502 2000; x_wconf 82' lang='lat' dir='ltr'><strong>[Ooruudum</strong></span> <span class='ocrx_word' id='word_1_87' title='bbox 515 1914 575 1999; x_wconf 84' lang='grc' dir='ltr'><strong>ΙΙ]</strong></span> <span class='ocrx_word' id='word_1_88' title='bbox 588 1916 764 1999; x_wconf 82' lang='lat' dir='ltr'><strong>episcopum</strong></span> <span class='ocrx_word' id='word_1_89' title='bbox 781 1915 1066 1982; x_wconf 78' lang='lat' dir='ltr'><strong>Hildcaloemcnscm</strong></span> <span class='ocrx_word' id='word_1_90' title='bbox 1082 1917 1186 1983; x_wconf 84' lang='lat' dir='ltr'><strong>cedere</strong></span> <span class='ocrx_word' id='word_1_91' title='bbox 1201 1916 1371 2000; x_wconf 68' lang='lat' dir='ltr'><strong>contuperit,</strong></span> <span class='ocrx_word' id='word_1_92' title='bbox 1387 1914 1525 1996; x_wconf 75' lang='lat' dir='ltr'><strong>capitulo</strong></span> <span class='ocrx_word' id='word_1_93' title='bbox 1534 1913 1723 1999; x_wconf 72' lang='grc' dir='ltr'><strong>ρναπίρίαί,</strong></span> <span class='ocrx_word' id='word_1_94' title='bbox 1745 1917 1782 1977; x_wconf 82' lang='lat' dir='ltr'><strong>ut</strong></span> <span class='ocrx_word' id='word_1_95' title='bbox 1795 1913 1859 1978; x_wconf 74' lang='lat' dir='ltr'><strong>siba·</strong></span> 
     </span>
     <span class='ocr_line' id='line_1_12' title="bbox 201 2015 1858 2104; baseline -0.002 -19"><span class='ocrx_word' id='word_1_96' title='bbox 201 2017 238 2085; x_wconf 81' lang='lat' dir='ltr'><strong>de</strong></span> <span class='ocrx_word' id='word_1_97' title='bbox 261 2023 391 2104; x_wconf 79' lang='lat' dir='ltr'><strong>pastore</strong></span> <span class='ocrx_word' id='word_1_98' title='bbox 417 2018 528 2084; x_wconf 79' lang='lat' dir='ltr'><strong>idonm</strong></span> <span class='ocrx_word' id='word_1_99' title='bbox 554 2040 623 2085; x_wconf 88' lang='lat' dir='ltr'><strong>oum</strong></span> <span class='ocrx_word' id='word_1_100' title='bbox 651 2039 708 2084; x_wconf 85' lang='lat' dir='ltr'><strong>suo</strong></span> <span class='ocrx_word' id='word_1_101' title='bbox 735 2021 865 2086; x_wconf 83' lang='lat' dir='ltr'><strong>oonsilio</strong></span> <span class='ocrx_word' id='word_1_102' title='bbox 888 2019 1093 2103; x_wconf 70' lang='lat' dir='ltr'><strong>preordeant,</strong></span> <span class='ocrx_word' id='word_1_103' title='bbox 1125 2022 1271 2103; x_wconf 80' lang='lat' dir='ltr'><strong>alioquin</strong></span> <span class='ocrx_word' id='word_1_104' title='bbox 1300 2020 1367 2104; x_wconf 68' lang='lat' dir='ltr'><strong>epse</strong></span> <span class='ocrx_word' id='word_1_105' title='bbox 1397 2017 1493 2083; x_wconf 84' lang='lat' dir='ltr'><strong>eidcrn</strong></span> <span class='ocrx_word' id='word_1_106' title='bbox 1521 2015 1664 2082; x_wconf 58' lang='lat' dir='ltr'><strong>emanue</strong></span> <span class='ocrx_word' id='word_1_107' title='bbox 1686 2035 1858 2101; x_wconf 70' lang='grc' dir='ltr'><strong>ρονεοπαπι</strong></span> 
     </span>
     <span class='ocr_line' id='line_1_13' title="bbox 198 2119 1771 2206; baseline -0.001 -18"><span class='ocrx_word' id='word_1_108' title='bbox 198 2122 366 2204; x_wconf 73' lang='lat' dir='ltr'><strong>procudam</strong></span> <span class='ocrx_word' id='word_1_109' title='bbox 382 2122 560 2204; x_wconf 74' lang='lat' dir='ltr'><strong>praeficiat.</strong></span> <span class='ocrx_word' id='word_1_110' title='bbox 1462 2123 1556 2201; x_wconf 76' lang='lat'><strong>1246,</strong></span> <span class='ocrx_word' id='word_1_111' title='bbox 1578 2119 1644 2187; x_wconf 87' lang='lat' dir='ltr'><strong>Iul.</strong></span> <span class='ocrx_word' id='word_1_112' title='bbox 1661 2121 1680 2184; x_wconf 85' lang='lat'><em>5</em></span> <span class='ocrx_word' id='word_1_113' title='bbox 1701 2119 1771 2206; x_wconf 73' lang='lat' dir='ltr'><strong>[rJ.</strong></span> 
     </span>
    </p>
   </div>
   <div class='ocr_carea' id='block_1_6' title="bbox 205 2238 1859 2397">
    <p class='ocr_par' dir='ltr' id='par_1_6' title="bbox 205 2238 1859 2397">
     <span class='ocr_line' id='line_1_14' title="bbox 307 2238 1859 2311; baseline -0.001 -17"><span class='ocrx_word' id='word_1_114' title='bbox 307 2241 371 2295; x_wconf 87' lang='lat' dir='ltr'><strong>Iun.</strong></span> <span class='ocrx_word' id='word_1_115' title='bbox 387 2240 435 2294; x_wconf 84' lang='lat' dir='ltr'><strong>IV</strong></span> <span class='ocrx_word' id='word_1_116' title='bbox 449 2239 513 2309; x_wconf 67' lang='lat' dir='ltr'><strong>aa.</strong></span> <span class='ocrx_word' id='word_1_117' title='bbox 533 2241 588 2297; x_wconf 90' lang='lat' dir='ltr'><strong>Vol.</strong></span> <span class='ocrx_word' id='word_1_118' title='bbox 609 2243 708 2310; x_wconf 72' lang='lat' dir='ltr'><em>L4185</em></span> <span class='ocrx_word' id='word_1_119' title='bbox 732 2242 857 2311; x_wconf 70' lang='lat' dir='ltr'><strong>narr,</strong></span> <span class='ocrx_word' id='word_1_120' title='bbox 877 2257 933 2298; x_wconf 74' lang='lat' dir='ltr'><strong>eum</strong></span> <span class='ocrx_word' id='word_1_121' title='bbox 950 2250 989 2297; x_wconf 80' lang='lat'><strong>22.</strong></span> <span class='ocrx_word' id='word_1_122' title='bbox 1039 2241 1085 2296; x_wconf 84' lang='lat' dir='ltr'><strong>Ad</strong></span> <span class='ocrx_word' id='word_1_123' title='bbox 1112 2242 1247 2311; x_wconf 61' lang='grc' dir='ltr'><strong>πονηρίαν</strong></span> <span class='ocrx_word' id='word_1_124' title='bbox 1274 2240 1374 2296; x_wconf 67' lang='lat' dir='ltr'><strong>Putat</strong></span> <span class='ocrx_word' id='word_1_125' title='bbox 1399 2240 1571 2296; x_wconf 70' lang='grc' dir='ltr'><strong>αῶιῶπίππε</strong></span> <span class='ocrx_word' id='word_1_126' title='bbox 1591 2244 1699 2308; x_wconf 77' lang='lat' dir='ltr'><strong>praeter</strong></span> <span class='ocrx_word' id='word_1_127' title='bbox 1721 2238 1761 2308; x_wconf 85' lang='lat' dir='ltr'><strong>id,</strong></span> <span class='ocrx_word' id='word_1_128' title='bbox 1788 2239 1859 2308; x_wconf 77' lang='lat' dir='ltr'><strong>quod</strong></span> 
     </span>
     <span class='ocr_line' id='line_1_15' title="bbox 205 2325 1859 2397; baseline -0.002 -12"><span class='ocrx_word' id='word_1_129' title='bbox 205 2331 305 2397; x_wconf 74' lang='lat' dir='ltr'><strong>Berper</strong></span> <span class='ocrx_word' id='word_1_130' title='bbox 319 2325 408 2395; x_wconf 76' lang='lat' dir='ltr'><strong>edidnt,</strong></span> <span class='ocrx_word' id='word_1_131' title='bbox 430 2325 572 2395; x_wconf 71' lang='lat' dir='ltr'><strong>Famam,</strong></span> <span class='ocrx_word' id='word_1_132' title='bbox 590 2328 606 2381; x_wconf 86' lang='lat' dir='ltr'><strong>l.</strong></span> <span class='ocrx_word' id='word_1_133' title='bbox 618 2343 639 2382; x_wconf 87' lang='lat' dir='ltr'><strong>c.</strong></span> <span class='ocrx_word' id='word_1_134' title='bbox 653 2327 776 2397; x_wconf 79' lang='lat' dir='ltr'><strong>Append.</strong></span> <span class='ocrx_word' id='word_1_135' title='bbox 789 2334 807 2383; x_wconf 91' lang='lat' dir='ltr'><strong>t.</strong></span> <span class='ocrx_word' id='word_1_136' title='bbox 821 2329 844 2397; x_wconf 57' lang='grc' dir='ltr'><strong><em>ᾖ</em></strong></span> <span class='ocrx_word' id='word_1_137' title='bbox 860 2345 889 2397; x_wconf 81' lang='lat' dir='ltr'><strong>p.</strong></span> <span class='ocrx_word' id='word_1_138' title='bbox 903 2333 962 2396; x_wconf 84' lang='lat'><strong>188,</strong></span> <span class='ocrx_word' id='word_1_139' title='bbox 978 2344 1007 2382; x_wconf 87' lang='lat' dir='ltr'><strong>n.</strong></span> <span class='ocrx_word' id='word_1_140' title='bbox 1021 2335 1076 2396; x_wconf 80' lang='lat'><strong>120,</strong></span> <span class='ocrx_word' id='word_1_141' title='bbox 1095 2328 1142 2397; x_wconf 73' lang='lat' dir='ltr'><strong>aad</strong></span> <span class='ocrx_word' id='word_1_142' title='bbox 1159 2327 1341 2383; x_wconf 79' lang='lat' dir='ltr'><strong>autlrentieam</strong></span> <span class='ocrx_word' id='word_1_143' title='bbox 1358 2343 1391 2383; x_wconf 76' lang='lat' dir='ltr'><strong>eu</strong></span> <span class='ocrx_word' id='word_1_144' title='bbox 1412 2327 1505 2382; x_wconf 76' lang='lat' dir='ltr'><strong>Tabut</strong></span> <span class='ocrx_word' id='word_1_145' title='bbox 1524 2327 1636 2396; x_wconf 77' lang='lat' dir='ltr'><strong>ardriep.</strong></span> <span class='ocrx_word' id='word_1_146' title='bbox 1655 2327 1724 2382; x_wconf 83' lang='lat' dir='ltr'><strong>Rau</strong></span> <span class='ocrx_word' id='word_1_147' title='bbox 1735 2342 1807 2396; x_wconf 78' lang='lat' dir='ltr'><strong>caps.</strong></span> <span class='ocrx_word' id='word_1_148' title='bbox 1816 2327 1859 2395; x_wconf 82' lang='lat' dir='ltr'><strong>M,</strong></span> 
     </span>
    </p>
   </div>
   <div class='ocr_carea' id='block_1_7' title="bbox 202 2412 552 2569">
    <p class='ocr_par' dir='ltr' id='par_1_7' title="bbox 202 2412 552 2569">
     <span class='ocr_line' id='line_1_16' title="bbox 202 2412 552 2484; baseline -0.006 -14"><span class='ocrx_word' id='word_1_149' title='bbox 202 2433 231 2470; x_wconf 87' lang='lat' dir='ltr'><strong>n.</strong></span> <span class='ocrx_word' id='word_1_150' title='bbox 242 2420 307 2472; x_wconf 78' lang='lat'><strong><em>5663</em></strong></span> <span class='ocrx_word' id='word_1_151' title='bbox 319 2413 462 2482; x_wconf 70' lang='lat' dir='ltr'><strong>proposuit</strong></span> <span class='ocrx_word' id='word_1_152' title='bbox 479 2412 552 2484; x_wconf 64' lang='lat' dir='ltr'><strong>[AJ.</strong></span> 
     </span>
     <span class='ocr_line' id='line_1_17' title="bbox 307 2501 494 2569; baseline -0.011 -14"><span class='ocrx_word' id='word_1_153' title='bbox 307 2501 403 2569; x_wconf 80' lang='lat' dir='ltr'><strong>Berper</strong></span> <span class='ocrx_word' id='word_1_154' title='bbox 421 2505 494 2555; x_wconf 76' lang='grc'><strong><em>2938.</em></strong></span> 
     </span>
    </p>
   </div>
   <div class='ocr_carea' id='block_1_8' title="bbox 440 2623 1625 2719">
    <p class='ocr_par' dir='ltr' id='par_1_8' title="bbox 440 2623 1625 2719">
     <span class='ocr_line' id='line_1_18' title="bbox 440 2623 1625 2719; baseline -0.003 -18"><span class='ocrx_word' id='word_1_155' title='bbox 440 2682 480 2702; x_wconf 90' lang='grc'><strong>..</strong></span> <span class='ocrx_word' id='word_1_156' title='bbox 507 2629 650 2702; x_wconf 86' lang='lat' dir='ltr'><strong>electo</strong></span> <span class='ocrx_word' id='word_1_157' title='bbox 678 2625 980 2718; x_wconf 80' lang='lat' dir='ltr'><strong>Ferrariensi,</strong></span> <span class='ocrx_word' id='word_1_158' title='bbox 1008 2625 1264 2719; x_wconf 84' lang='lat' dir='ltr'><strong>apostolice</strong></span> <span class='ocrx_word' id='word_1_159' title='bbox 1291 2623 1413 2699; x_wconf 86' lang='lat' dir='ltr'><strong>sedis</strong></span> <span class='ocrx_word' id='word_1_160' title='bbox 1437 2625 1625 2719; x_wconf 82' lang='lat' dir='ltr'><strong>legat0⁸.</strong></span> 
     </span>
    </p>
   </div>
   <div class='ocr_carea' id='block_1_9' title="bbox 205 2772 1863 3679">
    <p class='ocr_par' dir='ltr' id='par_1_9' title="bbox 205 2772 1863 3679">
     <span class='ocr_line' id='line_1_19' title="bbox 313 2772 1859 2863; baseline -0.001 -22"><span class='ocrx_word' id='word_1_161' title='bbox 313 2776 407 2858; x_wconf 84' lang='lat' dir='ltr'><strong>Cum,</strong></span> <span class='ocrx_word' id='word_1_162' title='bbox 430 2777 514 2842; x_wconf 88' lang='lat' dir='ltr'><strong>sicut</strong></span> <span class='ocrx_word' id='word_1_163' title='bbox 530 2776 727 2863; x_wconf 88' lang='lat' dir='ltr'><strong>accepimus,</strong></span> <span class='ocrx_word' id='word_1_164' title='bbox 751 2775 952 2841; x_wconf 87' lang='lat' dir='ltr'><strong>venerabilis</strong></span> <span class='ocrx_word' id='word_1_165' title='bbox 971 2774 1073 2840; x_wconf 86' lang='lat' dir='ltr'><strong>frater</strong></span> <span class='ocrx_word' id='word_1_166' title='bbox 1096 2778 1208 2840; x_wconf 90' lang='lat' dir='ltr'><strong>noster</strong></span> <span class='ocrx_word' id='word_1_167' title='bbox 1230 2821 1264 2838; x_wconf 90' lang='lat'><strong>..</strong></span> <span class='ocrx_word' id='word_1_168' title='bbox 1288 2772 1521 2840; x_wconf 81' lang='lat' dir='ltr'><strong>Ildesemensis</strong></span> <span class='ocrx_word' id='word_1_169' title='bbox 1545 2774 1718 2861; x_wconf 87' lang='lat' dir='ltr'><strong>episcopus</strong></span> <span class='ocrx_word' id='word_1_170' title='bbox 1740 2773 1859 2840; x_wconf 88' lang='lat' dir='ltr'><strong>cedere</strong></span> 
     </span>
     <span class='ocr_line' id='line_1_20' title="bbox 205 2877 1858 2966; baseline -0.002 -21"><span class='ocrx_word' id='word_1_171' title='bbox 205 2878 376 2966; x_wconf 73' lang='lat' dir='ltr'><strong>regiminib</strong></span> <span class='ocrx_word' id='word_1_172' title='bbox 400 2878 540 2946; x_wconf 77' lang='lat' dir='ltr'><strong>ecclesie</strong></span> <span class='ocrx_word' id='word_1_173' title='bbox 563 2879 797 2944; x_wconf 90' lang='lat' dir='ltr'><strong>Ildesemensis</strong></span> <span class='ocrx_word' id='word_1_174' title='bbox 819 2877 983 2959; x_wconf 85' lang='lat' dir='ltr'><strong>intendet,</strong></span> <span class='ocrx_word' id='word_1_175' title='bbox 1011 2879 1160 2943; x_wconf 85' lang='lat' dir='ltr'><strong>volumus</strong></span> <span class='ocrx_word' id='word_1_176' title='bbox 1184 2885 1217 2943; x_wconf 90' lang='lat' dir='ltr'><strong>et</strong></span> <span class='ocrx_word' id='word_1_177' title='bbox 1239 2879 1443 2965; x_wconf 88' lang='lat' dir='ltr'><strong>presentium</strong></span> <span class='ocrx_word' id='word_1_178' title='bbox 1466 2877 1524 2942; x_wconf 92' lang='lat' dir='ltr'><strong>tibi</strong></span> <span class='ocrx_word' id='word_1_179' title='bbox 1546 2880 1743 2943; x_wconf 90' lang='lat' dir='ltr'><strong>auctoritate</strong></span> <span class='ocrx_word' id='word_1_180' title='bbox 1766 2900 1858 2942; x_wconf 90' lang='lat' dir='ltr'><strong>man-</strong></span> 
     </span>
     <span class='ocr_line' id='line_1_21' title="bbox 206 2980 1860 3070; baseline -0.004 -19"><span class='ocrx_word' id='word_1_181' title='bbox 206 2986 336 3065; x_wconf 90' lang='lat' dir='ltr'><strong>damus,</strong></span> <span class='ocrx_word' id='word_1_182' title='bbox 367 2985 549 3070; x_wconf 76' lang='lat' dir='ltr'><strong>quatinus0,</strong></span> <span class='ocrx_word' id='word_1_183' title='bbox 578 2983 605 3047; x_wconf 93' lang='lat' dir='ltr'><strong>si</strong></span> <span class='ocrx_word' id='word_1_184' title='bbox 630 2982 768 3048; x_wconf 90' lang='lat' dir='ltr'><strong>eundem</strong></span> <span class='ocrx_word' id='word_1_185' title='bbox 792 2983 982 3069; x_wconf 89' lang='lat' dir='ltr'><strong>episcopum</strong></span> <span class='ocrx_word' id='word_1_186' title='bbox 1007 2980 1124 3047; x_wconf 88' lang='lat' dir='ltr'><strong>cedere</strong></span> <span class='ocrx_word' id='word_1_187' title='bbox 1147 2980 1253 3046; x_wconf 76' lang='lat' dir='ltr'><strong>lorte‘1</strong></span> <span class='ocrx_word' id='word_1_188' title='bbox 1282 2982 1469 3066; x_wconf 86' lang='lat' dir='ltr'><strong>contigerit,</strong></span> <span class='ocrx_word' id='word_1_189' title='bbox 1500 2985 1551 3059; x_wconf 91' lang='lat' dir='ltr'><strong>tu,</strong></span> <span class='ocrx_word' id='word_1_190' title='bbox 1581 2980 1765 3045; x_wconf 87' lang='lat' dir='ltr'><strong>cessionem</strong></span> <span class='ocrx_word' id='word_1_191' title='bbox 1788 2982 1860 3046; x_wconf 90' lang='lat' dir='ltr'><strong>eius</strong></span> 
     </span>
     <span class='ocr_line' id='line_1_22' title="bbox 206 3084 1862 3175; baseline -0.003 -21"><span class='ocrx_word' id='word_1_192' title='bbox 206 3088 368 3175; x_wconf 83' lang='lat' dir='ltr'><strong>recipiens</strong></span> <span class='ocrx_word' id='word_1_193' title='bbox 391 3087 482 3152; x_wconf 77' lang='lat' dir='ltr'><strong>vice⁸</strong></span> <span class='ocrx_word' id='word_1_194' title='bbox 504 3093 626 3167; x_wconf 90' lang='lat' dir='ltr'><strong>nostra,</strong></span> <span class='ocrx_word' id='word_1_195' title='bbox 650 3086 793 3172; x_wconf 89' lang='lat' dir='ltr'><strong>capitulo</strong></span> <span class='ocrx_word' id='word_1_196' title='bbox 817 3086 958 3151; x_wconf 83' lang='lat' dir='ltr'><strong>ecclesie</strong></span> <span class='ocrx_word' id='word_1_197' title='bbox 982 3084 1088 3151; x_wconf 74' lang='lat' dir='ltr'><strong>dicter</strong></span> <span class='ocrx_word' id='word_1_198' title='bbox 1108 3084 1288 3173; x_wconf 85' lang='lat' dir='ltr'><strong>precipias,</strong></span> <span class='ocrx_word' id='word_1_199' title='bbox 1310 3091 1347 3150; x_wconf 92' lang='lat' dir='ltr'><strong>ut</strong></span> <span class='ocrx_word' id='word_1_200' title='bbox 1369 3085 1455 3150; x_wconf 89' lang='lat' dir='ltr'><strong>infra</strong></span> <span class='ocrx_word' id='word_1_201' title='bbox 1478 3091 1601 3150; x_wconf 89' lang='lat' dir='ltr'><strong>certum</strong></span> <span class='ocrx_word' id='word_1_202' title='bbox 1623 3085 1820 3167; x_wconf 90' lang='lat' dir='ltr'><strong>terminum,</strong></span> <span class='ocrx_word' id='word_1_203' title='bbox 1842 3107 1862 3150; x_wconf 88' lang='lat' dir='ltr'><strong>a</strong></span> 
     </span>
     <span class='ocr_line' id='line_1_23' title="bbox 207 3186 1863 3279; baseline -0.002 -21"><span class='ocrx_word' id='word_1_204' title='bbox 207 3199 240 3258; x_wconf 93' lang='lat' dir='ltr'><strong>te</strong></span> <span class='ocrx_word' id='word_1_205' title='bbox 263 3190 491 3279; x_wconf 85' lang='lat' dir='ltr'><strong>prefigendum</strong></span> <span class='ocrx_word' id='word_1_206' title='bbox 514 3190 654 3271; x_wconf 89' lang='lat' dir='ltr'><strong>eisdem,</strong></span> <span class='ocrx_word' id='word_1_207' title='bbox 683 3189 744 3255; x_wconf 92' lang='lat' dir='ltr'><strong>sibi</strong></span> <span class='ocrx_word' id='word_1_208' title='bbox 767 3186 808 3254; x_wconf 92' lang='lat' dir='ltr'><strong>de</strong></span> <span class='ocrx_word' id='word_1_209' title='bbox 832 3193 965 3276; x_wconf 83' lang='lat' dir='ltr'><strong>pastore</strong></span> <span class='ocrx_word' id='word_1_210' title='bbox 988 3188 1105 3254; x_wconf 91' lang='lat' dir='ltr'><strong>idoneo</strong></span> <span class='ocrx_word' id='word_1_211' title='bbox 1131 3209 1204 3255; x_wconf 92' lang='lat' dir='ltr'><strong>cum</strong></span> <span class='ocrx_word' id='word_1_212' title='bbox 1227 3194 1283 3253; x_wconf 92' lang='lat' dir='ltr'><strong>tuo</strong></span> <span class='ocrx_word' id='word_1_213' title='bbox 1307 3188 1445 3253; x_wconf 89' lang='lat' dir='ltr'><strong>consilio</strong></span> <span class='ocrx_word' id='word_1_214' title='bbox 1468 3195 1501 3253; x_wconf 92' lang='lat' dir='ltr'><strong>et</strong></span> <span class='ocrx_word' id='word_1_215' title='bbox 1527 3208 1667 3254; x_wconf 89' lang='lat' dir='ltr'><strong>assensu</strong></span> <span class='ocrx_word' id='word_1_216' title='bbox 1689 3189 1863 3276; x_wconf 78' lang='lat' dir='ltr'><strong>providere</strong></span> 
     </span>
     <span class='ocr_line' id='line_1_24' title="bbox 207 3291 1862 3383; baseline -0.002 -22"><span class='ocrx_word' id='word_1_217' title='bbox 207 3300 395 3383; x_wconf 87' lang='lat' dir='ltr'><strong>procurent.</strong></span> <span class='ocrx_word' id='word_1_218' title='bbox 440 3293 535 3368; x_wconf 85' lang='lat' dir='ltr'><strong>Quod</strong></span> <span class='ocrx_word' id='word_1_219' title='bbox 559 3294 587 3359; x_wconf 91' lang='lat' dir='ltr'><strong>si</strong></span> <span class='ocrx_word' id='word_1_220' title='bbox 609 3294 747 3359; x_wconf 84' lang='lat' dir='ltr'><strong>forsitan</strong></span> <span class='ocrx_word' id='word_1_221' title='bbox 769 3294 882 3359; x_wconf 89' lang='lat' dir='ltr'><strong>taliter</strong></span> <span class='ocrx_word' id='word_1_222' title='bbox 904 3293 966 3358; x_wconf 89' lang='lat' dir='ltr'><strong>sibi</strong></span> <span class='ocrx_word' id='word_1_223' title='bbox 990 3313 1056 3358; x_wconf 90' lang='lat' dir='ltr'><strong>non</strong></span> <span class='ocrx_word' id='word_1_224' title='bbox 1080 3292 1235 3359; x_wconf 84' lang='lat' dir='ltr'><strong>duxerint</strong></span> <span class='ocrx_word' id='word_1_225' title='bbox 1256 3291 1506 3380; x_wconf 83' lang='lat' dir='ltr'><strong>providendum,</strong></span> <span class='ocrx_word' id='word_1_226' title='bbox 1528 3297 1565 3357; x_wconf 93' lang='lat' dir='ltr'><strong>tu</strong></span> <span class='ocrx_word' id='word_1_227' title='bbox 1589 3313 1632 3358; x_wconf 87' lang='lat' dir='ltr'><strong>ex</strong></span> <span class='ocrx_word' id='word_1_228' title='bbox 1654 3299 1733 3358; x_wconf 89' lang='lat' dir='ltr'><strong>tunc</strong></span> <span class='ocrx_word' id='word_1_229' title='bbox 1756 3292 1862 3360; x_wconf 90' lang='lat' dir='ltr'><strong>eidem</strong></span> 
     </span>
     <span class='ocr_line' id='line_1_25' title="bbox 208 3395 1863 3487; baseline -0.003 -22"><span class='ocrx_word' id='word_1_230' title='bbox 208 3399 349 3466; x_wconf 87' lang='lat' dir='ltr'><strong>ecclesie</strong></span> <span class='ocrx_word' id='word_1_231' title='bbox 372 3418 548 3487; x_wconf 89' lang='lat' dir='ltr'><strong>personam</strong></span> <span class='ocrx_word' id='word_1_232' title='bbox 568 3396 740 3483; x_wconf 84' lang='lat' dir='ltr'><strong>providam</strong></span> <span class='ocrx_word' id='word_1_233' title='bbox 764 3403 798 3462; x_wconf 91' lang='lat' dir='ltr'><strong>et</strong></span> <span class='ocrx_word' id='word_1_234' title='bbox 820 3396 1006 3476; x_wconf 90' lang='lat' dir='ltr'><strong>honestam,</strong></span> <span class='ocrx_word' id='word_1_235' title='bbox 1037 3404 1135 3482; x_wconf 92' lang='lat' dir='ltr'><strong>prout</strong></span> <span class='ocrx_word' id='word_1_236' title='bbox 1165 3396 1324 3482; x_wconf 87' lang='lat' dir='ltr'><strong>expedire</strong></span> <span class='ocrx_word' id='word_1_237' title='bbox 1360 3395 1495 3474; x_wconf 83' lang='lat' dir='ltr'><strong>videris,</strong></span> <span class='ocrx_word' id='word_1_238' title='bbox 1531 3397 1725 3463; x_wconf 88' lang='lat' dir='ltr'><strong>auctoritate</strong></span> <span class='ocrx_word' id='word_1_239' title='bbox 1752 3401 1863 3460; x_wconf 84' lang='lat' dir='ltr'><strong>nostra</strong></span> 
     </span>
     <span class='ocr_line' id='line_1_26' title="bbox 207 3498 1860 3589; baseline -0.002 -21"><span class='ocrx_word' id='word_1_240' title='bbox 207 3502 360 3589; x_wconf 86' lang='lat' dir='ltr'><strong>proficias</strong></span> <span class='ocrx_word' id='word_1_241' title='bbox 383 3501 417 3567; x_wconf 93' lang='lat' dir='ltr'><strong>in</strong></span> <span class='ocrx_word' id='word_1_242' title='bbox 440 3508 617 3588; x_wconf 88' lang='lat' dir='ltr'><strong>pastorem,</strong></span> <span class='ocrx_word' id='word_1_243' title='bbox 640 3501 767 3566; x_wconf 87' lang='lat' dir='ltr'><strong>faciens</strong></span> <span class='ocrx_word' id='word_1_244' title='bbox 784 3502 850 3566; x_wconf 92' lang='lat' dir='ltr'><strong>eia</strong></span> <span class='ocrx_word' id='word_1_245' title='bbox 871 3500 1000 3589; x_wconf 85' lang='lat' dir='ltr'><strong>prefato</strong></span> <span class='ocrx_word' id='word_1_246' title='bbox 1025 3500 1167 3586; x_wconf 90' lang='lat' dir='ltr'><strong>capitulo</strong></span> <span class='ocrx_word' id='word_1_247' title='bbox 1190 3505 1224 3566; x_wconf 91' lang='lat' dir='ltr'><strong>et</strong></span> <span class='ocrx_word' id='word_1_248' title='bbox 1245 3500 1351 3587; x_wconf 88' lang='lat' dir='ltr'><strong>ipsius</strong></span> <span class='ocrx_word' id='word_1_249' title='bbox 1375 3500 1514 3566; x_wconf 83' lang='lat' dir='ltr'><strong>ecclesie</strong></span> <span class='ocrx_word' id='word_1_250' title='bbox 1539 3498 1679 3565; x_wconf 87' lang='lat' dir='ltr'><strong>subditis</strong></span> <span class='ocrx_word' id='word_1_251' title='bbox 1702 3498 1860 3566; x_wconf 89' lang='lat' dir='ltr'><strong>ohedien-</strong></span> 
     </span>
     <span class='ocr_line' id='line_1_27' title="bbox 211 3603 1315 3679; baseline -0.005 -8"><span class='ocrx_word' id='word_1_252' title='bbox 211 3605 290 3671; x_wconf 91' lang='lat' dir='ltr'><strong>tiam</strong></span> <span class='ocrx_word' id='word_1_253' title='bbox 313 3610 346 3670; x_wconf 93' lang='lat' dir='ltr'><strong>et</strong></span> <span class='ocrx_word' id='word_1_254' title='bbox 368 3605 588 3671; x_wconf 88' lang='lat' dir='ltr'><strong>reverentiam</strong></span> <span class='ocrx_word' id='word_1_255' title='bbox 611 3603 756 3669; x_wconf 89' lang='lat' dir='ltr'><strong>debitam</strong></span> <span class='ocrx_word' id='word_1_256' title='bbox 780 3605 948 3679; x_wconf 88' lang='lat' dir='ltr'><strong>exhiberi;</strong></span> <span class='ocrx_word' id='word_1_257' title='bbox 972 3603 1229 3669; x_wconf 87' lang='lat' dir='ltr'><strong>contradictores</strong></span> <span class='ocrx_word' id='word_1_258' title='bbox 1253 3609 1315 3668; x_wconf 88' lang='lat' dir='ltr'><strong>etc.</strong></span> 
     </span>
    </p>
   </div>
   <div class='ocr_carea' id='block_1_10' title="bbox 316 3724 628 3813">
    <p class='ocr_par' dir='ltr' id='par_1_10' title="bbox 316 3724 628 3813">
     <span class='ocr_line' id='line_1_28' title="bbox 316 3724 628 3813; baseline -0.01 -22"><span class='ocrx_word' id='word_1_259' title='bbox 316 3725 393 3791; x_wconf 86' lang='lat' dir='ltr'><strong>Dat.</strong></span> <span class='ocrx_word' id='word_1_260' title='bbox 416 3732 452 3791; x_wconf 95' lang='lat' dir='ltr'><strong>ut</strong></span> <span class='ocrx_word' id='word_1_261' title='bbox 475 3724 628 3813; x_wconf 78' lang='lat' dir='ltr'><strong>supra⁸³.</strong></span> 
     </span>
    </p>
   </div>
   <div class='ocr_carea' id='block_1_11' title="bbox 831 3866 1242 3877">
    <p class='ocr_par' dir='ltr' id='par_1_11' title="bbox 831 3866 1242 3877">
     <span class='ocr_line' id='line_1_29' title="bbox 831 3866 1242 3877; baseline -0.005 -1"><span class='ocrx_word' id='word_1_262' title='bbox 831 3866 1242 3877; x_wconf 73' lang='lat'><strong>-—-—————-———</strong></span> 
     </span>
    </p>
   </div>
   <div class='ocr_carea' id='block_1_12' title="bbox 210 4073 1868 4384">
    <p class='ocr_par' dir='ltr' id='par_1_12' title="bbox 210 4073 1868 4384">
     <span class='ocr_line' id='line_1_30' title="bbox 997 4073 1084 4148; baseline 0.011 -1"><span class='ocrx_word' id='word_1_263' title='bbox 997 4073 1084 4148; x_wconf 75' lang='lat' dir='ltr'><strong>alc.</strong></span> 
     </span>
     <span class='ocr_line' id='line_1_31' title="bbox 314 4172 1868 4282; baseline -0.002 -17"><span class='ocrx_word' id='word_1_264' title='bbox 314 4172 534 4265; x_wconf 75' lang='lat' dir='ltr'><strong>Innocentius</strong></span> <span class='ocrx_word' id='word_1_265' title='bbox 555 4196 579 4262; x_wconf 89' lang='lat'><em>1</em></span> <span class='ocrx_word' id='word_1_266' title='bbox 584 4195 611 4261; x_wconf 84' lang='lat' dir='ltr'><em>V</em></span> <span class='ocrx_word' id='word_1_267' title='bbox 625 4217 717 4281; x_wconf 82' lang='lat' dir='ltr'><strong>papa</strong></span> <span class='ocrx_word' id='word_1_268' title='bbox 738 4196 919 4281; x_wconf 74' lang='lat' dir='ltr'><strong>[Sipcfrndo</strong></span> <span class='ocrx_word' id='word_1_269' title='bbox 941 4195 1022 4282; x_wconf 89' lang='grc' dir='ltr'><strong>ΠΙ]</strong></span> <span class='ocrx_word' id='word_1_270' title='bbox 1049 4195 1279 4280; x_wconf 71' lang='lat' dir='ltr'><strong>archmptsmpo</strong></span> <span class='ocrx_word' id='word_1_271' title='bbox 1302 4195 1496 4279; x_wconf 79' lang='lat' dir='ltr'><strong>Mapunttno</strong></span> <span class='ocrx_word' id='word_1_272' title='bbox 1518 4192 1666 4273; x_wconf 86' lang='lat' dir='ltr'><strong>mandat,</strong></span> <span class='ocrx_word' id='word_1_273' title='bbox 1696 4197 1734 4258; x_wconf 91' lang='lat' dir='ltr'><strong>ut</strong></span> <span class='ocrx_word' id='word_1_274' title='bbox 1754 4214 1868 4262; x_wconf 72' lang='lat' dir='ltr'><strong>careae</strong></span> 
     </span>
     <span class='ocr_line' id='line_1_32' title="bbox 210 4298 1868 4384; baseline -0.003 -15"><span class='ocrx_word' id='word_1_275' title='bbox 210 4303 393 4371; x_wconf 72' lang='lat' dir='ltr'><strong>eumanum</strong></span> <span class='ocrx_word' id='word_1_276' title='bbox 419 4302 456 4366; x_wconf 84' lang='lat' dir='ltr'><strong>in</strong></span> <span class='ocrx_word' id='word_1_277' title='bbox 481 4301 608 4367; x_wconf 66' lang='lat' dir='ltr'><strong>calena</strong></span> <span class='ocrx_word' id='word_1_278' title='bbox 629 4299 855 4384; x_wconf 78' lang='lat' dir='ltr'><strong>Raticponeusi</strong></span> <span class='ocrx_word' id='word_1_279' title='bbox 872 4299 1052 4384; x_wconf 78' lang='lat' dir='ltr'><strong>scelernm,</strong></span> <span class='ocrx_word' id='word_1_280' title='bbox 1084 4319 1164 4381; x_wconf 83' lang='lat' dir='ltr'><strong>quae</strong></span> <span class='ocrx_word' id='word_1_281' title='bbox 1190 4299 1253 4364; x_wconf 73' lang='lat' dir='ltr'><strong>stoi</strong></span> <span class='ocrx_word' id='word_1_282' title='bbox 1277 4303 1306 4363; x_wconf 87' lang='lat' dir='ltr'><strong>et</strong></span> <span class='ocrx_word' id='word_1_283' title='bbox 1327 4298 1517 4384; x_wconf 78' lang='lat' dir='ltr'><strong>[Philippo]</strong></span> <span class='ocrx_word' id='word_1_284' title='bbox 1539 4299 1630 4364; x_wconf 65' lang='lat' dir='ltr'><strong>emoto</strong></span> <span class='ocrx_word' id='word_1_285' title='bbox 1651 4298 1868 4378; x_wconf 63' lang='lat' dir='ltr'><strong>Feruor-icum,</strong></span> 
     </span>
    </p>
   </div>
   <div class='ocr_carea' id='block_1_13' title="bbox 211 4489 1868 4740">
    <p class='ocr_par' dir='ltr' id='par_1_13' title="bbox 211 4489 1868 4740">
     <span class='ocr_line' id='line_1_33' title="bbox 314 4489 1867 4564; baseline -0.003 -16"><span class='ocrx_word' id='word_1_286' title='bbox 314 4496 339 4564; x_wconf 79' lang='lat'><strong>⁸)</strong></span> <span class='ocrx_word' id='word_1_287' title='bbox 358 4497 447 4548; x_wconf 79' lang='lat' dir='ltr'><strong>Eidem</strong></span> <span class='ocrx_word' id='word_1_288' title='bbox 459 4494 507 4561; x_wconf 88' lang='lat' dir='ltr'><strong>B.,·</strong></span> <span class='ocrx_word' id='word_1_289' title='bbox 525 4496 649 4548; x_wconf 78' lang='lat' dir='ltr'><strong>antecedit</strong></span> <span class='ocrx_word' id='word_1_290' title='bbox 661 4513 687 4547; x_wconf 84' lang='lat' dir='ltr'><strong>u.</strong></span> <span class='ocrx_word' id='word_1_291' title='bbox 702 4499 759 4549; x_wconf 79' lang='lat'><strong><em>220.</em></strong></span> <span class='ocrx_word' id='word_1_292' title='bbox 822 4493 848 4561; x_wconf 77' lang='lat' dir='ltr'><strong>b)</strong></span> <span class='ocrx_word' id='word_1_293' title='bbox 858 4497 972 4563; x_wconf 77' lang='lat' dir='ltr'><strong>regim0n</strong></span> <span class='ocrx_word' id='word_1_294' title='bbox 985 4493 1019 4547; x_wconf 76' lang='lat' dir='ltr'><strong>A.</strong></span> <span class='ocrx_word' id='word_1_295' title='bbox 1061 4498 1065 4502; x_wconf 77' lang='grc'><strong>’</strong></span> <span class='ocrx_word' id='word_1_296' title='bbox 1081 4494 1104 4562; x_wconf 75' lang='lat'><strong>⁰)</strong></span> <span class='ocrx_word' id='word_1_297' title='bbox 1117 4495 1266 4562; x_wconf 78' lang='lat' dir='ltr'><strong>Apostolica</strong></span> <span class='ocrx_word' id='word_1_298' title='bbox 1279 4493 1311 4544; x_wconf 78' lang='lat' dir='ltr'><strong>A.</strong></span> <span class='ocrx_word' id='word_1_299' title='bbox 1373 4489 1399 4559; x_wconf 66' lang='lat'><strong>¹¹)</strong></span> <span class='ocrx_word' id='word_1_300' title='bbox 1418 4492 1525 4545; x_wconf 79' lang='lat' dir='ltr'><strong>forsitan</strong></span> <span class='ocrx_word' id='word_1_301' title='bbox 1535 4492 1569 4544; x_wconf 78' lang='lat' dir='ltr'><strong>A.</strong></span> <span class='ocrx_word' id='word_1_302' title='bbox 1631 4489 1655 4557; x_wconf 73' lang='grc' dir='ltr'><strong>ο)</strong></span> <span class='ocrx_word' id='word_1_303' title='bbox 1670 4493 1822 4545; x_wconf 77' lang='lat' dir='ltr'><strong>auctoritate</strong></span> <span class='ocrx_word' id='word_1_304' title='bbox 1833 4491 1867 4543; x_wconf 77' lang='lat' dir='ltr'><strong>A.</strong></span> 
     </span>
     <span class='ocr_line' id='line_1_34' title="bbox 211 4575 1868 4671; baseline -0.004 -32"><span class='ocrx_word' id='word_1_305' title='bbox 211 4583 231 4650; x_wconf 63' lang='grc' dir='ltr'><strong>Υ)</strong></span> <span class='ocrx_word' id='word_1_306' title='bbox 253 4583 366 4654; x_wconf 81' lang='lat' dir='ltr'><strong>predicto</strong></span> <span class='ocrx_word' id='word_1_307' title='bbox 381 4582 414 4634; x_wconf 80' lang='lat' dir='ltr'><strong>A.</strong></span> <span class='ocrx_word' id='word_1_308' title='bbox 496 4581 522 4646; x_wconf 69' lang='grc' dir='ltr'><strong>Β)</strong></span> <span class='ocrx_word' id='word_1_309' title='bbox 539 4582 556 4634; x_wconf 80' lang='lat' dir='ltr'><strong>r‘.</strong></span> <span class='ocrx_word' id='word_1_310' title='bbox 569 4597 589 4634; x_wconf 85' lang='lat' dir='ltr'><strong>e.</strong></span> <span class='ocrx_word' id='word_1_311' title='bbox 603 4583 641 4633; x_wconf 83' lang='lat' dir='ltr'><strong>lu</strong></span> <span class='ocrx_word' id='word_1_312' title='bbox 659 4584 724 4671; x_wconf 78' lang='lat' dir='ltr'><strong>Non.</strong></span> <span class='ocrx_word' id='word_1_313' title='bbox 743 4583 814 4642; x_wconf 87' lang='lat' dir='ltr'><strong>Iulii;</strong></span> <span class='ocrx_word' id='word_1_314' title='bbox 837 4583 865 4633; x_wconf 80' lang='lat' dir='ltr'><strong>in</strong></span> <span class='ocrx_word' id='word_1_315' title='bbox 879 4583 926 4634; x_wconf 86' lang='lat' dir='ltr'><strong>A.:</strong></span> <span class='ocrx_word' id='word_1_316' title='bbox 949 4584 1045 4634; x_wconf 85' lang='lat' dir='ltr'><strong>Datum</strong></span> <span class='ocrx_word' id='word_1_317' title='bbox 1064 4581 1194 4648; x_wconf 79' lang='lat' dir='ltr'><strong>Lugduni,</strong></span> <span class='ocrx_word' id='word_1_318' title='bbox 1212 4579 1292 4632; x_wconf 82' lang='lat' dir='ltr'><strong>Nonis</strong></span> <span class='ocrx_word' id='word_1_319' title='bbox 1310 4580 1378 4644; x_wconf 90' lang='lat' dir='ltr'><strong>Iulii,</strong></span> <span class='ocrx_word' id='word_1_320' title='bbox 1396 4575 1562 4647; x_wconf 80' lang='lat' dir='ltr'><strong>pontificatus</strong></span> <span class='ocrx_word' id='word_1_321' title='bbox 1578 4579 1659 4631; x_wconf 70' lang='lat' dir='ltr'><strong>noemi</strong></span> <span class='ocrx_word' id='word_1_322' title='bbox 1675 4595 1746 4632; x_wconf 79' lang='lat' dir='ltr'><strong>anna</strong></span> <span class='ocrx_word' id='word_1_323' title='bbox 1764 4588 1868 4647; x_wconf 73' lang='lat' dir='ltr'><strong>quarto:</strong></span> 
     </span>
     <span class='ocr_line' id='line_1_35' title="bbox 211 4674 465 4740; baseline -0.02 -17"><span class='ocrx_word' id='word_1_324' title='bbox 211 4674 246 4740; x_wconf 86' lang='lat' dir='ltr'><strong>es.</strong></span> <span class='ocrx_word' id='word_1_325' title='bbox 259 4689 289 4739; x_wconf 83' lang='lat' dir='ltr'><strong>p.</strong></span> <span class='ocrx_word' id='word_1_326' title='bbox 302 4675 359 4735; x_wconf 79' lang='lat'><strong>166,</strong></span> <span class='ocrx_word' id='word_1_327' title='bbox 375 4677 428 4722; x_wconf 82' lang='lat' dir='ltr'><strong>not.</strong></span> <span class='ocrx_word' id='word_1_328' title='bbox 440 4685 465 4719; x_wconf 89' lang='lat' dir='ltr'><strong>a.</strong></span> 
     </span>
    </p>
   </div>
   <div class='ocr_carea' id='block_1_14' title="bbox 213 4780 1874 5720">
    <p class='ocr_par' dir='ltr' id='par_1_14' title="bbox 213 4780 1874 5720">
     <span class='ocr_line' id='line_1_36' title="bbox 320 4780 1870 4858; baseline -0.004 -14"><span class='ocrx_word' id='word_1_329' title='bbox 320 4790 346 4858; x_wconf 95' lang='lat' dir='ltr'><strong>l)</strong></span> <span class='ocrx_word' id='word_1_330' title='bbox 375 4787 430 4843; x_wconf 80' lang='lat' dir='ltr'><strong>Hic</strong></span> <span class='ocrx_word' id='word_1_331' title='bbox 446 4787 612 4857; x_wconf 74' lang='lat' dir='ltr'><strong>promtum</strong></span> <span class='ocrx_word' id='word_1_332' title='bbox 634 4787 771 4842; x_wconf 67' lang='lat' dir='ltr'><strong>memmae</strong></span> <span class='ocrx_word' id='word_1_333' title='bbox 793 4786 936 4841; x_wconf 69' lang='lat' dir='ltr'><strong>Mdmoin&#39;</strong></span> <span class='ocrx_word' id='word_1_334' title='bbox 949 4786 1000 4840; x_wconf 85' lang='lat' dir='ltr'><strong>IX</strong></span> <span class='ocrx_word' id='word_1_335' title='bbox 1019 4788 1087 4855; x_wconf 80' lang='lat' dir='ltr'><strong>repta</strong></span> <span class='ocrx_word' id='word_1_336' title='bbox 1108 4786 1243 4840; x_wconf 57' lang='lat' dir='ltr'><strong>&amp;annue</strong></span> <span class='ocrx_word' id='word_1_337' title='bbox 1260 4791 1377 4852; x_wconf 69' lang='grc'><strong><em>(1.1245,</em></strong></span> <span class='ocrx_word' id='word_1_338' title='bbox 1402 4786 1472 4853; x_wconf 73' lang='grc' dir='ltr'><strong>Απρ.</strong></span> <span class='ocrx_word' id='word_1_339' title='bbox 1497 4799 1516 4836; x_wconf 89' lang='lat' dir='ltr'><strong>a</strong></span> <span class='ocrx_word' id='word_1_340' title='bbox 1534 4797 1613 4852; x_wconf 78' lang='lat' dir='ltr'><strong>papa</strong></span> <span class='ocrx_word' id='word_1_341' title='bbox 1632 4780 1778 4850; x_wconf 58' lang='lat' dir='ltr'><strong>dquam</strong></span> <span class='ocrx_word' id='word_1_342' title='bbox 1798 4787 1870 4851; x_wconf 65' lang='grc' dir='ltr'><strong>σω·</strong></span> 
     </span>
     <span class='ocr_line' id='line_1_37' title="bbox 215 4867 1868 4943; baseline -0.005 -11"><span class='ocrx_word' id='word_1_343' title='bbox 215 4876 299 4933; x_wconf 68' lang='lat' dir='ltr'><strong>aare</strong></span> <span class='ocrx_word' id='word_1_344' title='bbox 317 4875 349 4930; x_wconf 88' lang='lat' dir='ltr'><strong>de</strong></span> <span class='ocrx_word' id='word_1_345' title='bbox 366 4874 510 4943; x_wconf 68' lang='lat' dir='ltr'><strong>Naana</strong></span> <span class='ocrx_word' id='word_1_346' title='bbox 529 4872 610 4928; x_wconf 80' lang='lat' dir='ltr'><strong>Gesta</strong></span> <span class='ocrx_word' id='word_1_347' title='bbox 627 4872 654 4927; x_wconf 80' lang='lat' dir='ltr'><strong>S.</strong></span> <span class='ocrx_word' id='word_1_348' title='bbox 673 4872 818 4940; x_wconf 67' lang='lat' dir='ltr'><strong>marni,</strong></span> <span class='ocrx_word' id='word_1_349' title='bbox 840 4872 948 4928; x_wconf 73' lang='lat' dir='ltr'><strong>Recuefl</strong></span> <span class='ocrx_word' id='word_1_350' title='bbox 964 4872 1010 4927; x_wconf 77' lang='lat' dir='ltr'><strong>dea</strong></span> <span class='ocrx_word' id='word_1_351' title='bbox 1028 4872 1099 4927; x_wconf 80' lang='lat' dir='ltr'><strong>Hist.</strong></span> <span class='ocrx_word' id='word_1_352' title='bbox 1118 4871 1163 4926; x_wconf 81' lang='lat' dir='ltr'><strong>dea</strong></span> <span class='ocrx_word' id='word_1_353' title='bbox 1182 4870 1283 4926; x_wconf 76' lang='lat' dir='ltr'><strong>Gaulos</strong></span> <span class='ocrx_word' id='word_1_354' title='bbox 1301 4876 1320 4927; x_wconf 87' lang='lat' dir='ltr'><strong>t.</strong></span> <span class='ocrx_word' id='word_1_355' title='bbox 1340 4869 1409 4940; x_wconf 86' lang='lat' dir='ltr'><strong>XX,</strong></span> <span class='ocrx_word' id='word_1_356' title='bbox 1424 4885 1453 4938; x_wconf 79' lang='lat' dir='ltr'><strong>p.</strong></span> <span class='ocrx_word' id='word_1_357' title='bbox 1465 4875 1524 4925; x_wconf 77' lang='lat'><strong><em>352.</em></strong></span> <span class='ocrx_word' id='word_1_358' title='bbox 1600 4868 1627 4938; x_wconf 75' lang='lat'><strong>2)</strong></span> <span class='ocrx_word' id='word_1_359' title='bbox 1654 4867 1697 4936; x_wconf 80' lang='lat' dir='ltr'><strong>Os.</strong></span> <span class='ocrx_word' id='word_1_360' title='bbox 1715 4875 1816 4927; x_wconf 73' lang='lat' dir='ltr'><strong>ram</strong></span> <span class='ocrx_word' id='word_1_361' title='bbox 1834 4899 1868 4910; x_wconf 93' lang='lat'>-</span> 
     </span>
     <span class='ocr_line' id='line_1_38' title="bbox 215 4955 1871 5032; baseline -0.005 -14"><span class='ocrx_word' id='word_1_362' title='bbox 215 4962 272 5020; x_wconf 83' lang='lat' dir='ltr'><strong>Sub</strong></span> <span class='ocrx_word' id='word_1_363' title='bbox 288 4964 358 5032; x_wconf 67' lang='lat' dir='ltr'><strong>Aua</strong></span> <span class='ocrx_word' id='word_1_364' title='bbox 371 4969 405 5016; x_wconf 77' lang='lat'><strong>27</strong></span> <span class='ocrx_word' id='word_1_365' title='bbox 420 4976 498 5031; x_wconf 80' lang='lat' dir='ltr'><strong>papa</strong></span> <span class='ocrx_word' id='word_1_366' title='bbox 520 4961 597 5014; x_wconf 73' lang='lat' dir='ltr'><strong>deuo</strong></span> <span class='ocrx_word' id='word_1_367' title='bbox 614 4959 784 5014; x_wconf 67' lang='lat' dir='ltr'><strong>Ferrariam</strong></span> <span class='ocrx_word' id='word_1_368' title='bbox 807 4960 891 5029; x_wconf 74' lang='lat' dir='ltr'><strong>upon</strong></span> <span class='ocrx_word' id='word_1_369' title='bbox 908 4959 1052 5028; x_wconf 79' lang='lat' dir='ltr'><strong>mandauit,</strong></span> <span class='ocrx_word' id='word_1_370' title='bbox 1071 4963 1103 5012; x_wconf 84' lang='lat' dir='ltr'><strong>ut</strong></span> <span class='ocrx_word' id='word_1_371' title='bbox 1120 4958 1263 5014; x_wconf 73' lang='lat' dir='ltr'><strong>coueutom</strong></span> <span class='ocrx_word' id='word_1_372' title='bbox 1279 4958 1337 5012; x_wconf 80' lang='lat' dir='ltr'><strong>etus</strong></span> <span class='ocrx_word' id='word_1_373' title='bbox 1344 4958 1433 5027; x_wconf 80' lang='lat' dir='ltr'><strong>partie</strong></span> <span class='ocrx_word' id='word_1_374' title='bbox 1440 4961 1621 5026; x_wconf 71' lang='lat' dir='ltr'><strong>prouenturum</strong></span> <span class='ocrx_word' id='word_1_375' title='bbox 1634 4955 1731 5011; x_wconf 78' lang='lat' dir='ltr'><strong>Terrae</strong></span> <span class='ocrx_word' id='word_1_376' title='bbox 1743 4955 1871 5024; x_wconf 78' lang='lat' dir='ltr'><strong>Sanctae,</strong></span> 
     </span>
     <span class='ocr_line' id='line_1_39' title="bbox 213 5034 1870 5118; baseline -0.001 -17"><span class='ocrx_word' id='word_1_377' title='bbox 213 5045 686 5118; x_wconf 71' lang='lat' dir='ltr'><strong>oumeubmdtiaimperttltomani</strong></span> <span class='ocrx_word' id='word_1_378' title='bbox 707 5044 927 5114; x_wconf 59' lang='lat' dir='ltr'><strong>ceparanum</strong></span> <span class='ocrx_word' id='word_1_379' title='bbox 951 5045 1140 5114; x_wconf 62' lang='lat' dir='ltr'><strong>supersedeat,</strong></span> <span class='ocrx_word' id='word_1_380' title='bbox 1164 5045 1189 5099; x_wconf 81' lang='lat' dir='ltr'><strong>ai</strong></span> <span class='ocrx_word' id='word_1_381' title='bbox 1210 5044 1449 5114; x_wconf 73' lang='lat' dir='ltr'><strong>nepotioocclcn&#39;ae</strong></span> <span class='ocrx_word' id='word_1_382' title='bbox 1470 5034 1870 5113; x_wconf 68' lang='lat' dir='ltr'><strong>dunpemieupodireoo‘deret</strong></span> 
     </span>
     <span class='ocr_line' id='line_1_40' title="bbox 214 5127 1871 5206; baseline -0.004 -17"><span class='ocrx_word' id='word_1_383' title='bbox 214 5134 370 5206; x_wconf 67' lang='lat' dir='ltr'><strong>(Pontum,</strong></span> <span class='ocrx_word' id='word_1_384' title='bbox 389 5134 405 5187; x_wconf 87' lang='lat' dir='ltr'><strong>l.</strong></span> <span class='ocrx_word' id='word_1_385' title='bbox 418 5149 440 5188; x_wconf 91' lang='lat' dir='ltr'><strong>c.</strong></span> <span class='ocrx_word' id='word_1_386' title='bbox 458 5132 581 5202; x_wconf 80' lang='lat' dir='ltr'><strong>Append.</strong></span> <span class='ocrx_word' id='word_1_387' title='bbox 594 5138 612 5186; x_wconf 91' lang='lat' dir='ltr'><strong>t.</strong></span> <span class='ocrx_word' id='word_1_388' title='bbox 628 5132 650 5200; x_wconf 89' lang='lat' dir='ltr'><strong>I,</strong></span> <span class='ocrx_word' id='word_1_389' title='bbox 665 5148 693 5200; x_wconf 82' lang='lat' dir='ltr'><strong>p.</strong></span> <span class='ocrx_word' id='word_1_390' title='bbox 708 5138 764 5200; x_wconf 87' lang='lat'><strong>189,</strong></span> <span class='ocrx_word' id='word_1_391' title='bbox 783 5138 891 5198; x_wconf 80' lang='lat' dir='ltr'><strong>u.122;</strong></span> <span class='ocrx_word' id='word_1_392' title='bbox 908 5148 978 5200; x_wconf 76' lang='lat' dir='ltr'><strong>quae</strong></span> <span class='ocrx_word' id='word_1_393' title='bbox 996 5148 1034 5200; x_wconf 80' lang='lat' dir='ltr'><strong>ep.</strong></span> <span class='ocrx_word' id='word_1_394' title='bbox 1052 5132 1083 5184; x_wconf 84' lang='lat' dir='ltr'><strong>in</strong></span> <span class='ocrx_word' id='word_1_395' title='bbox 1098 5131 1163 5201; x_wconf 71' lang='grc' dir='ltr'><strong>Περ,</strong></span> <span class='ocrx_word' id='word_1_396' title='bbox 1176 5148 1233 5185; x_wconf 86' lang='lat' dir='ltr'><strong>non</strong></span> <span class='ocrx_word' id='word_1_397' title='bbox 1250 5131 1346 5201; x_wconf 79' lang='lat' dir='ltr'><strong>emutJ,</strong></span> <span class='ocrx_word' id='word_1_398' title='bbox 1363 5137 1388 5185; x_wconf 88' lang='lat' dir='ltr'><strong>et</strong></span> <span class='ocrx_word' id='word_1_399' title='bbox 1405 5131 1456 5185; x_wconf 81' lang='lat' dir='ltr'><strong>aab</strong></span> <span class='ocrx_word' id='word_1_400' title='bbox 1468 5128 1564 5184; x_wconf 74' lang='lat' dir='ltr'><strong>Nono</strong></span> <span class='ocrx_word' id='word_1_401' title='bbox 1580 5129 1699 5198; x_wconf 74' lang='lat' dir='ltr'><strong>episcopo</strong></span> <span class='ocrx_word' id='word_1_402' title='bbox 1718 5127 1871 5184; x_wconf 66' lang='lat' dir='ltr'><strong>Tinneiam</strong></span> 
     </span>
     <span class='ocr_line' id='line_1_41' title="bbox 214 5215 1871 5287; baseline -0.002 -13"><span class='ocrx_word' id='word_1_403' title='bbox 214 5219 360 5287; x_wconf 80' lang='lat' dir='ltr'><strong>mandauit,</strong></span> <span class='ocrx_word' id='word_1_404' title='bbox 375 5225 406 5272; x_wconf 89' lang='lat' dir='ltr'><strong>ut</strong></span> <span class='ocrx_word' id='word_1_405' title='bbox 418 5219 449 5272; x_wconf 80' lang='lat' dir='ltr'><strong>in</strong></span> <span class='ocrx_word' id='word_1_406' title='bbox 458 5218 567 5287; x_wconf 70' lang='lat' dir='ltr'><strong>Aeolia,</strong></span> <span class='ocrx_word' id='word_1_407' title='bbox 580 5218 750 5272; x_wconf 84' lang='lat' dir='ltr'><strong>Alamannia</strong></span> <span class='ocrx_word' id='word_1_408' title='bbox 759 5223 804 5272; x_wconf 84' lang='lat' dir='ltr'><strong>ete.</strong></span> <span class='ocrx_word' id='word_1_409' title='bbox 815 5233 917 5272; x_wconf 74' lang='lat' dir='ltr'><strong>mucan</strong></span> <span class='ocrx_word' id='word_1_410' title='bbox 932 5218 995 5287; x_wconf 77' lang='lat' dir='ltr'><strong>[pro</strong></span> <span class='ocrx_word' id='word_1_411' title='bbox 1006 5217 1126 5272; x_wconf 79' lang='lat' dir='ltr'><strong>arbaidio</strong></span> <span class='ocrx_word' id='word_1_412' title='bbox 1138 5217 1235 5272; x_wconf 79' lang='lat' dir='ltr'><strong>Terrae</strong></span> <span class='ocrx_word' id='word_1_413' title='bbox 1247 5217 1373 5287; x_wconf 73' lang='lat' dir='ltr'><strong>Sandan]</strong></span> <span class='ocrx_word' id='word_1_414' title='bbox 1381 5215 1537 5285; x_wconf 71' lang='lat' dir='ltr'><strong>praedicant</strong></span> <span class='ocrx_word' id='word_1_415' title='bbox 1546 5215 1644 5282; x_wconf 77' lang='lat' dir='ltr'><strong>faceat</strong></span> <span class='ocrx_word' id='word_1_416' title='bbox 1653 5215 1767 5286; x_wconf 79' lang='lat' dir='ltr'><strong>[Berper</strong></span> <span class='ocrx_word' id='word_1_417' title='bbox 1778 5215 1871 5285; x_wconf 72' lang='lat'><em>2229).</em></span> 
     </span>
     <span class='ocr_line' id='line_1_42' title="bbox 215 5302 1872 5376; baseline -0.004 -14"><span class='ocrx_word' id='word_1_418' title='bbox 215 5307 336 5375; x_wconf 67' lang='lat' dir='ltr'><strong>Irrtertm,</strong></span> <span class='ocrx_word' id='word_1_419' title='bbox 353 5307 423 5376; x_wconf 77' lang='lat' dir='ltr'><strong>Aup.</strong></span> <span class='ocrx_word' id='word_1_420' title='bbox 437 5315 461 5375; x_wconf 79' lang='lat'><strong>5,</strong></span> <span class='ocrx_word' id='word_1_421' title='bbox 478 5305 615 5360; x_wconf 77' lang='lat' dir='ltr'><strong>Hmm&#39;cua</strong></span> <span class='ocrx_word' id='word_1_422' title='bbox 631 5321 679 5359; x_wconf 80' lang='lat' dir='ltr'><strong>ren</strong></span> <span class='ocrx_word' id='word_1_423' title='bbox 696 5304 728 5358; x_wconf 84' lang='lat' dir='ltr'><strong>de</strong></span> <span class='ocrx_word' id='word_1_424' title='bbox 742 5302 867 5358; x_wconf 73' lang='lat' dir='ltr'><strong>(harada</strong></span> <span class='ocrx_word' id='word_1_425' title='bbox 884 5319 942 5372; x_wconf 75' lang='lat' dir='ltr'><strong>repe</strong></span> <span class='ocrx_word' id='word_1_426' title='bbox 955 5304 1091 5358; x_wconf 70' lang='lat' dir='ltr'><strong>ananiam</strong></span> <span class='ocrx_word' id='word_1_427' title='bbox 1104 5303 1178 5372; x_wconf 73' lang='lat' dir='ltr'><strong>aprud</strong></span> <span class='ocrx_word' id='word_1_428' title='bbox 1191 5304 1238 5358; x_wconf 82' lang='lat' dir='ltr'><strong>eie.</strong></span> <span class='ocrx_word' id='word_1_429' title='bbox 1252 5302 1437 5370; x_wconf 63' lang='lat' dir='ltr'><strong>Etanhnsort</strong></span> <span class='ocrx_word' id='word_1_430' title='bbox 1452 5307 1638 5371; x_wconf 69' lang='lat' dir='ltr'><strong>reperturam.</strong></span> <span class='ocrx_word' id='word_1_431' title='bbox 1708 5303 1738 5374; x_wconf 85' lang='lat'><strong>3)</strong></span> <span class='ocrx_word' id='word_1_432' title='bbox 1749 5303 1786 5356; x_wconf 80' lang='grc' dir='ltr'><strong>Δ.</strong></span> <span class='ocrx_word' id='word_1_433' title='bbox 1799 5308 1872 5370; x_wconf 72' lang='grc'><strong><em>1916,</em></strong></span> 
     </span>
     <span class='ocr_line' id='line_1_43' title="bbox 217 5386 1873 5462; baseline -0.004 -14"><span class='ocrx_word' id='word_1_434' title='bbox 217 5390 269 5449; x_wconf 78' lang='lat' dir='ltr'><strong>Iul.</strong></span> <span class='ocrx_word' id='word_1_435' title='bbox 282 5401 313 5449; x_wconf 80' lang='lat'><strong>25</strong></span> <span class='ocrx_word' id='word_1_436' title='bbox 331 5393 432 5462; x_wconf 58' lang='lat' dir='ltr'><strong>mutua</strong></span> <span class='ocrx_word' id='word_1_437' title='bbox 451 5391 608 5447; x_wconf 60' lang='lat' dir='ltr'><strong>&amp;madum</strong></span> <span class='ocrx_word' id='word_1_438' title='bbox 626 5393 777 5461; x_wconf 75' lang='lat' dir='ltr'><strong>episcopum</strong></span> <span class='ocrx_word' id='word_1_439' title='bbox 794 5389 1047 5445; x_wconf 67' lang='lat' dir='ltr'><strong>commentantem</strong></span> <span class='ocrx_word' id='word_1_440' title='bbox 1064 5395 1087 5444; x_wconf 84' lang='lat' dir='ltr'><strong>et</strong></span> <span class='ocrx_word' id='word_1_441' title='bbox 1105 5405 1264 5458; x_wconf 77' lang='lat' dir='ltr'><strong>carpentum</strong></span> <span class='ocrx_word' id='word_1_442' title='bbox 1282 5405 1342 5444; x_wconf 86' lang='lat' dir='ltr'><strong>cum</strong></span> <span class='ocrx_word' id='word_1_443' title='bbox 1360 5388 1422 5442; x_wconf 78' lang='lat' dir='ltr'><strong>altio</strong></span> <span class='ocrx_word' id='word_1_444' title='bbox 1440 5387 1542 5457; x_wconf 67' lang='lat' dir='ltr'><strong>mauu,</strong></span> <span class='ocrx_word' id='word_1_445' title='bbox 1564 5392 1596 5442; x_wconf 88' lang='lat' dir='ltr'><strong>ut</strong></span> <span class='ocrx_word' id='word_1_446' title='bbox 1613 5386 1690 5455; x_wconf 70' lang='lat' dir='ltr'><strong>unfra</strong></span> <span class='ocrx_word' id='word_1_447' title='bbox 1707 5387 1802 5459; x_wconf 83' lang='grc' dir='ltr'><strong>πρίω</strong></span> <span class='ocrx_word' id='word_1_448' title='bbox 1817 5386 1873 5443; x_wconf 80' lang='lat' dir='ltr'><strong>dieo</strong></span> 
     </span>
     <span class='ocr_line' id='line_1_44' title="bbox 215 5470 1872 5548; baseline -0.001 -16"><span class='ocrx_word' id='word_1_449' title='bbox 215 5494 305 5533; x_wconf 87' lang='lat' dir='ltr'><strong>eoram</strong></span> <span class='ocrx_word' id='word_1_450' title='bbox 318 5494 396 5548; x_wconf 79' lang='lat' dir='ltr'><strong>papa</strong></span> <span class='ocrx_word' id='word_1_451' title='bbox 412 5483 585 5547; x_wconf 62' lang='lat' dir='ltr'><strong>conpareret·</strong></span> <span class='ocrx_word' id='word_1_452' title='bbox 601 5477 632 5545; x_wconf 65' lang='lat' dir='ltr'><strong>es.</strong></span> <span class='ocrx_word' id='word_1_453' title='bbox 646 5493 676 5547; x_wconf 79' lang='grc' dir='ltr'><strong>ρ.</strong></span> <span class='ocrx_word' id='word_1_454' title='bbox 689 5482 743 5545; x_wconf 74' lang='grc'><strong><em>163,</em></strong></span> <span class='ocrx_word' id='word_1_455' title='bbox 759 5481 815 5531; x_wconf 84' lang='lat' dir='ltr'><strong>not.</strong></span> <span class='ocrx_word' id='word_1_456' title='bbox 828 5483 852 5531; x_wconf 76' lang='lat'><strong>2.</strong></span> <span class='ocrx_word' id='word_1_457' title='bbox 883 5473 937 5530; x_wconf 80' lang='lat' dir='ltr'><strong>Sed</strong></span> <span class='ocrx_word' id='word_1_458' title='bbox 953 5472 995 5529; x_wconf 81' lang='lat' dir='ltr'><strong>lu‘e</strong></span> <span class='ocrx_word' id='word_1_459' title='bbox 1011 5473 1099 5530; x_wconf 73' lang='lat' dir='ltr'><strong>eodan</strong></span> <span class='ocrx_word' id='word_1_460' title='bbox 1115 5491 1201 5543; x_wconf 81' lang='lat' dir='ltr'><strong>amm,</strong></span> <span class='ocrx_word' id='word_1_461' title='bbox 1219 5479 1252 5530; x_wconf 87' lang='lat' dir='ltr'><strong>ut</strong></span> <span class='ocrx_word' id='word_1_462' title='bbox 1271 5472 1370 5530; x_wconf 75' lang='lat' dir='ltr'><strong>oman.</strong></span> <span class='ocrx_word' id='word_1_463' title='bbox 1387 5490 1426 5543; x_wconf 82' lang='lat' dir='ltr'><strong>ep.</strong></span> <span class='ocrx_word' id='word_1_464' title='bbox 1444 5472 1574 5542; x_wconf 68' lang='lat' dir='ltr'><strong>Henna,</strong></span> <span class='ocrx_word' id='word_1_465' title='bbox 1592 5472 1640 5528; x_wconf 66' lang='lat'><strong>83.</strong></span> <span class='ocrx_word' id='word_1_466' title='bbox 1659 5478 1679 5530; x_wconf 90' lang='lat' dir='ltr'><strong>t.</strong></span> <span class='ocrx_word' id='word_1_467' title='bbox 1695 5470 1761 5543; x_wconf 69' lang='lat' dir='ltr'><strong>m</strong></span> <span class='ocrx_word' id='word_1_468' title='bbox 1771 5488 1802 5543; x_wconf 70' lang='lat' dir='ltr'><strong>m</strong></span> <span class='ocrx_word' id='word_1_469' title='bbox 1814 5478 1872 5543; x_wconf 66' lang='lat'><strong>051,</strong></span> 
     </span>
     <span class='ocr_line' id='line_1_45' title="bbox 214 5556 1874 5634; baseline -0.001 -16"><span class='ocrx_word' id='word_1_470' title='bbox 214 5565 307 5633; x_wconf 73' lang='lat' dir='ltr'><strong>refert,</strong></span> <span class='ocrx_word' id='word_1_471' title='bbox 334 5563 965 5634; x_wconf 62' lang='lat' dir='ltr'><strong>mammonammmnu,</strong></span> <span class='ocrx_word' id='word_1_472' title='bbox 985 5561 1059 5631; x_wconf 79' lang='lat' dir='ltr'><strong>quod</strong></span> <span class='ocrx_word' id='word_1_473' title='bbox 1079 5559 1717 5630; x_wconf 56' lang='lat' dir='ltr'><strong>sucnmacmamuuaaaaem</strong></span> <span class='ocrx_word' id='word_1_474' title='bbox 1740 5556 1874 5617; x_wconf 60' lang='lat' dir='ltr'><strong>abduc</strong></span> 
     </span>
     <span class='ocr_line' id='line_1_46' title="bbox 219 5644 1715 5720; baseline -0.001 -16"><span class='ocrx_word' id='word_1_475' title='bbox 219 5644 1715 5720; x_wconf 58' lang='lat' dir='ltr'><strong>metnnttumaposmlnaeeednlmam,mnimwupuintuolnnmttcedouhmmnffl.</strong></span> 
     </span>
    </p>
   </div>
   <div class='ocr_carea' id='block_1_15' title="bbox 0 0 2191 6228">
    <p class='ocr_par' dir='ltr' id='par_1_15' title="bbox 0 0 2191 6228">
     <span class='ocr_line' id='line_1_47' title="bbox 0 0 2191 6228; baseline 0 0"><span class='ocrx_word' id='word_1_476' title='bbox 0 0 2191 6228; x_wconf 95' lang='lat' dir='ltr'><strong> </strong></span> 
     </span>
    </p>
   </div>
  </div>
 </body>
</html>
