4784 6332
844 381 1257 442 metensomatosis.
1293 386 1370 444 1247.
1870 399 1932 460 205

277 579 316 624 aa
340 564 480 648 puratos,
504 557 672 624 carissimo
694 557 727 622 in
743 555 871 622 christo
893 557 959 624 filio
983 566 1095 624 nostro
1120 559 1160 624 H.
1183 560 1254 646 regi
1270 561 1490 630 Romanorum
1513 563 1632 630 illustri
1648 567 1831 633 assistendo
1854 569 1930 634 viri-

276 665 352 729 liter
373 672 407 728 et
429 669 597 750 potenter,
631 661 872 748 propterquod
897 663 1077 750 apostoliea
1109 664 1197 729 sedis
1232 665 1375 730 lavarem
1400 675 1433 732 et
1463 669 1600 752 gratiam
1630 677 1832 750 meruerunt,
1866 673 1930 737 tuin

278 767 431 853 previbus
471 765 636 837 inclinati,
676 764 888 852 dispensandi
927 787 999 831 cum
1036 767 1169 852 prelatis
1210 767 1352 835 Rodnfflo
1383 779 1416 836 et
1445 771 1592 852 Helioe⁸,
1625 774 1711 858 quod
1746 775 1931 840 huiusmodi

278 871 406 957 possint
436 870 675 934 matrimonium
701 890 894 935 consumare
925 892 963 934 aa
993 871 1026 935 in
1055 893 1094 936 eo
1119 911 1158 918 —
1183 872 1417 958 impedimento
1446 896 1512 939 non
1539 875 1691 940 obstante
1720 877 1866 963 predicto
1890 915 1929 924 -

211 990 224 1026 ⁵
278 976 368 1040 licite
396 995 584 1055 remanere,
613 974 787 1040 dummodo
816 975 936 1062 prefati
967 976 1096 1041 nobiles
1127 977 1160 1040 in
1188 979 1330 1042 ecclesie
1361 979 1535 1045 devotione
1566 980 1758 1066 persistant,
1794 981 1929 1047 liberam

277 1078 347 1157 tibi,
372 1077 400 1142 si
422 1078 580 1164 expedire
604 1078 735 1156 videris,
760 1080 956 1144 auctoritate
979 1081 1180 1166 presentium
1204 1082 1411 1147 concedimus
1435 1075 1636 1150 facultatem.

364 1198 440 1263 Dat.
465 1197 628 1284 Lugduni,
651 1198 755 1264 Nonis
779 1199 938 1280 anuarii
961 1223 1047 1266 anno
1069 1201 1127 1266 IV.

899 1481 1309 1488 ffl--v-

1059 1740 1146 1816 tlt.

379 1857 599 1958 Innocentius
615 1889 670 1954 IV
685 1911 773 1972 papa
796 1889 974 1956 abbatissae
994 1895 1024 1955 et
1045 1891 1183 1974 capitale
1197 1891 1370 1956 saecularis
1385 1891 1527 1956 eeclesiae
1543 1891 1740 1959 senoniensis
1761 1893 1806 1959 ad
1820 1915 1929 1976 preces

274 1995 474 2062 Hartvnanni
495 1995 617 2059 comitis
637 1994 675 2058 de
696 1993 868 2060 Kiralvbere
882 1993 946 2082 [i]‚
968 1997 1123 2078 nepotinm
1145 1996 1288 2060 eeclesiae
1307 1995 1444 2076 fideliter
1460 1997 1691 2079 prosequentis,
1719 1997 1863 2076 mandat,
1892 2002 1928 2061 nt

195 2122 222 2160 ιο
275 2100 408 2182 Saipero
431 2099 566 2180 plebano
591 2097 735 2162 eeclesiae
762 2097 800 2162 de
826 2097 931 2163 Kaine
960 2099 996 2162 in
1022 2100 1226 2164 eeclesiastico
1252 2098 1396 2180 bonefisio
1422 2099 1619 2178 provideant.

1595 2203 1689 2281 1247,
1712 2202 1785 2267 Ian.
1808 2205 1838 2268 8.

381 2323 444 2379 Inn.
456 2323 504 2377 IV
519 2323 582 2392 Ray.
600 2322 656 2376 Vol.
669 2321 693 2389 I,
706 2327 767 2390 tom·
784 2321 845 2377 La.
859 2321 910 2389 IV,
921 2327 982 2376 3⁶6.
1011 2321 1157 2390 Exemplar
1173 2337 1217 2389 ap.
1231 2321 1332 2390 Beryti·
1348 2321 1454 2392 alitum,
1472 2320 1544 2389 qnod
1564 2321 1597 2376 V.
1613 2320 1652 2375 Οἱ.
1666 2321 1698 2375 A.
1714 2321 1784 2375 Man
1798 2320 1926 2388 minimae,

271 2407 967 2478 abwdarmepiinnantinfrapropvvitnmest,
992 2409 1214 2476 ncqsvecvttatnvn
1235 2407 1433 2478 aianepestis
1453 2423 1536 2476 neptae
1557 2424 1590 2461 av
1611 2408 1823 2476 deniqptdnm.
1860 2407 1926 2462 Ovem

271 2499 359 2549 vestm
376 2495 522 2550 Antiniana
545 2495 630 2550 Vatic.
654 2494 728 2548 adiri
744 2511 819 2548 niam
835 2510 891 2548 non
903 2495 996 2563 possit,
1014 2511 1048 2548 ne
1063 2511 1131 2563 opus
1147 2499 1267 2549 nemnem
1284 2495 1364 2548 nimia
1381 2493 1543 2563 retardetur,
1565 2495 1699 2563 epistolmn
1719 2493 1759 2546 ita
1776 2498 1926 2547 invocatam

195 2603 220 2642 η
270 2581 433 2650 praetentae,
449 2582 604 2650 precemini
622 2598 682 2635 aem
699 2597 739 2648 ea,
756 2597 825 2648 qnae
841 2579 1030 2658 desideranter,
1049 2580 1141 2649 nnapni
1158 2580 1281 2634 nnvnsadi
1298 2596 1350 2634 vaae
1362 2580 1497 2650 protana
1513 2595 1569 2634 non
1586 2580 1628 2635 sit.

375 2668 475 2736 Bana
491 2674 562 2722 2352,
1084 2675 1091 2686 “

388 2923 398 2941 .
428 2923 437 2940 .
465 2862 706 2938 abbatisse
735 2868 776 2936 et
803 2863 1008 2956 capitulo
1036 2866 1264 2941 secularis
1292 2864 1482 2940 ecclesie
1509 2863 1808 2938 Seconiensis

787 2983 1166 3062 Constantiensis
1193 2986 1408 3061 diocesis

380 3119 463 3185 Cum
480 3118 617 3184 dilectus
641 3117 726 3182 lilius
742 3118 863 3182 nobilis
887 3119 936 3183 vin
951 3117 1163 3184 Hermannus
1187 3139 1297 3183 comes
1320 3117 1362 3183 de
1385 3115 1565 3182 Hireberc¹
1590 3117 1757 3202 negotium
1773 3116 1924 3188 ecclesie,

193 3261 221 3299 ,ο
274 3224 360 3288 siout
381 3223 584 3310 accepimus,
613 3222 735 3286 devote
766 3243 804 3285 aa
827 3220 968 3286 fideliter
991 3228 1227 3308 prosequatur,
1251 3243 1323 3300 nos,
1347 3219 1482 3285 adeius
1507 3222 1778 3309 supplicationem
1802 3219 1923 3284 dilecto

270 3327 335 3391 filio
360 3327 500 3412 Suigcro
524 3326 665 3413 plebano
694 3324 833 3389 ecclesie
862 3324 902 3389 de
926 3323 1032 3389 Keinn
1057 3326 1205 3390 volentes
1238 3326 1346 3390 iacere
1374 3325 1510 3409 gratiam
1540 3325 1731 3410 specialem,
1762 3324 1922 3388 universi·

270 3437 371 3495 tatem
387 3439 531 3495 vestram
546 3427 742 3494 monendam
758 3428 912 3492 duximus
929 3429 1087 3492 attentius
1104 3436 1137 3492 et
1150 3428 1353 3510 hortandam,
1369 3427 1564 3492 mandantes
1580 3427 1731 3512 quatinus
1746 3426 1868 3492 eidemb
1881 3465 1922 3474 -

270 3535 302 3599 in
327 3536 527 3621 competenti
552 3533 779 3598 ecclesiastico
802 3533 965 3598 beneficio
989 3534 1040 3597 vel
1064 3532 1257 3619 prebendali
1287 3531 1328 3596 ad
1352 3532 1558 3595 collationem
1582 3537 1723 3594 vestram
1749 3537 1921 3615 spectante

271 3677 312 3686 -
334 3637 506 3725 providere
530 3637 652 3700 curetis
675 3675 728 3699 -.

190 3777 217 3817 2⁵
377 3759 454 3825 Dat.
477 3759 641 3844 Lugduni,
667 3758 714 3822 VI
738 3757 816 3821 Idus
840 3757 993 3838 Ianuarii,
1018 3777 1102 3822 anno
1127 3763 1250 3840 quarto.

889 4035 1300 4044 .-.—-—-.—-..-.—--—

1052 4300 1137 4373 273.

372 4419 590 4518 Innocentius
605 4449 660 4517 IV
668 4473 758 4534 papa
777 4449 966 4536 Glrepoviv]
987 4451 1024 4514 de
1038 4450 1239 4534 Montetvnpo
1253 4447 1442 4513 svbdiaeono
1463 4449 1491 4512 et
1505 4449 1630 4512 notario
1651 4467 1715 4527 sino,
1735 4448 1922 4530 apostolieae

267 4559 350 4624 sedis
373 4560 480 4641 tapeto,
503 4556 643 4635 mandat,
669 4560 702 4620 at
724 4577 792 4620 aum
815 4555 952 4620 decanus
973 4559 1002 4618 et
1023 4555 1194 4635 capitatum
1217 4553 1360 4618 eeclesiae
1374 4552 1550 4617 Feitvensis
1571 4555 1600 4616 et
1614 4551 1818 4618 Beiianensis
1836 4552 1922 4616 Tisa-

266 4683 336 4726 nem
360 4661 543 4726 eanonicam
570 4659 780 4736 manasen,
802 4661 913 4723 natam
934 4657 1095 4738 Biaqaini
1125 4657 1162 4722 de
1187 4655 1332 4735 Camino,
1355 4655 1541 4737 apostolieae
1563 4655 1645 4719 sedis
1666 4655 1778 4733 navat,
1800 4657 1836 4720 iv
1858 4656 1922 4738 epi-

230 4797 239 4814 ·
266 4785 391 4848 sennim
410 4761 640 4846 postulaverint
662 4763 691 4825 et
711 4783 733 4826 a
753 4781 786 4826 se
801 4760 980 4841 petiverint,
1003 4763 1039 4824 nt
1060 4780 1129 4826 cvm
1151 4781 1185 4827 co
1206 4779 1300 4840 snper
1314 4757 1436 4844 defecta
1452 4758 1597 4822 ordinum
1619 4763 1648 4824 et
1668 4757 1782 4823 aetatis
1796 4759 1921 4844 dispen-

185 4903 213 4942 so
266 4874 352 4934 soret
373 4869 460 4950 cique
482 4867 789 4933 administrationem
813 4864 956 4930 eeclesiae
978 4865 1184 4940 ementitias-el,
1206 4862 1243 4927 de
1265 4863 1541 4926 administratione
1563 4863 1592 4926 ci
1613 4861 1828 4928 committenda
1847 4883 1920 4943 pra

264 4972 377 5052 aiant,
400 4973 480 5036 sient
502 4969 646 5052 capedine
669 4969 791 5034 videvit.
1565 4967 1658 5046 1247,
1682 4965 1755 5030 Ian.
1780 4965 1831 5032 15.

369 5091 491 5146 Inan
506 5091 569 5160 Rep.
594 5091 646 5146 Vol.
668 5090 762 5158 1‚356;
780 5087 839 5143 La.
854 5088 904 5158 IV,
918 5095 972 5144 353.
1009 5089 1158 5157 Epistolam
1177 5103 1210 5141 ae
1229 5085 1345 5154 Repetitis
1362 5085 1496 5154 dmaipm
1521 5085 1549 5138 V.
1569 5084 1610 5139 Gt.
1628 5085 1661 5139 Α.
1684 5085 1762 5139 Man.

368 5179 466 5248 Barper
483 5183 559 5233 2349.

371 5321 697 5330 -.—-—-—--.-—-
710 5322 735 5327 .-
767 5322 772 5327 .
786 5319 980 5326 ...—.-...—-
992 5319 1071 5323 —-.---
1083 5318 1201 5323 ——---
1225 5317 1236 5322 -.
1247 5317 1382 5322 ——-—-
1392 5316 1399 5321 .
1419 5316 1626 5321 -——--.——-
1641 5313 1811 5320 ——.——-

370 5441 394 5506 ⁸)
414 5443 490 5495 Halia
509 5441 537 5493 S.
609 5440 634 5506 b)
653 5459 718 5508 patae
736 5445 792 5504 fere
808 5441 886 5492 verba
904 5440 998 5491 maisin
1015 5455 1068 5490 ease
1084 5437 1191 5504 possint,
1208 5453 1239 5487 en
1255 5453 1282 5487 n.
1304 5441 1350 5488 149
1367 5435 1481 5500 calligas.

181 5620 208 5658 m
370 5595 395 5660 1)
416 5594 622 5650 Hartmannavn
638 5596 757 5649 camitem
774 5595 808 5648 de
826 5592 970 5661 Kinitbevp
988 5591 1016 5660 [ι
1033 5607 1094 5644 mer.
1113 5590 1160 5645 cia.
1178 5587 1246 5656 Uim,
1264 5605 1345 5658 qnam
1363 5588 1496 5642 civitatem
1516 5585 1650 5642 Hensicsm
1666 5601 1716 5640 nea
1733 5600 1822 5638 amam
1839 5585 1919 5652 fissan

263 5680 359 5736 amesia
377 5681 437 5735 Ian.
455 5681 560 5747 studea
578 5681 697 5750 obsedit]
715 5681 764 5732 aa
780 5679 827 5734 lave
843 5679 951 5732 nmaine
967 5679 1047 5732 latere
1062 5683 1198 5747 pittantiis.
