4328 6232
816 364 864 419 EX
883 363 1102 420 INNOCEN'III
1120 362 1159 417 IV
1177 360 1358 418 REGISTRO

1066 537 1110 601 II.

991 664 1189 738 Eisdem.

366 801 431 866 Per
454 822 514 866 uos
537 802 627 886 ipsos
651 805 710 865 etc.
737 804 773 862 ut
796 818 895 884 supra
917 797 950 861 in
971 795 1119 860 LXVIII
1141 797 1270 860 littera¹
1294 803 1356 862 etc.
1381 818 1486 883 usque
1512 797 1544 860 iu
1566 796 1675 861 finem.

1066 1200 1122 1273 19.

366 1301 582 1394 Innocentius
597 1325 651 1391 IV
659 1346 750 1406 papa
762 1323 948 1409 [Pbibippo]
967 1324 1106 1403 episcopo
1124 1322 1341 1388 Oarrrerinensi
1362 1327 1391 1385 et
1412 1323 1519 1387 abbati
1534 1321 1646 1386 Sancti
1661 1320 1770 1385 Secari
1788 1319 1917 1387 Urbeoc·

261 1431 433 1496 tantidem
455 1429 571 1506 scribit,
593 1427 676 1509 quod
696 1426 962 1508 archipresbytero
984 1426 1140 1491 Perusino
1162 1426 1218 1490 sab
1241 1427 1323 1508 Arcp.
1341 1429 1401 1503 26;
1423 1424 1462 1504 cs.
1485 1445 1517 1489 n.
1536 1427 1587 1487 10.

1258 1531 1352 1607 1243,
1377 1531 1470 1594 initio
1492 1529 1608 1594 mensis
1631 1528 1830 1609 Septembris.

368 1617 571 1687 ramsey.
590 1616 682 1685 rar,
702 1624 746 1682 ra
764 1615 824 1668 no.
840 1615 862 1682 1,
880 1622 921 1670 ar.

368 1705 467 1772 Berpcr
484 1709 524 1757 87.

264 1941 303 1958 ..
332 1883 561 1974 episcopo
581 1881 910 1955 Carnerinensi
939 1887 981 1954 et
1001 1937 1009 1955 .
1032 1938 1039 1954 .
1060 1881 1219 1954 abbati
1246 1881 1402 1954 Sancti
1431 1879 1593 1954 Severi
1621 1878 1920 1952 Urbevetani.

371 2014 620 2080 Deliberatione
644 2014 818 2100 prehabito
842 2020 904 2080 ete.
927 2020 963 2078 ut
987 2035 1086 2100 supra
1107 2015 1140 2077 in
1162 2013 1293 2078 LXVII
1316 2015 1426 2079 littera
1449 2033 1551 2098 usque
1575 2014 1609 2077 in
1631 2013 1740 2077 finem.

888 2243 1300 2250 —————-—.———--

1064 2434 1124 2505 IO.

369 2531 586 2624 Innocentius
598 2556 653 2622 IV
662 2576 750 2637 popm
764 2555 894 2640 [Petro]
906 2556 1133 2637 archiepiscopo
1145 2556 1374 2638 Ratomapcnsi,
1389 2554 1595 2639 [Witbcbno]
1608 2553 1747 2634 episcopo
1762 2552 1921 2633 quasdam

264 2663 444 2726 Mutinensi
465 2665 496 2724 et
516 2659 721 2745 [bi'iitrelmo]
742 2660 850 2723 abbati
872 2658 985 2724 Sancti
1007 2660 1155 2724 Facundi
1176 2659 1340 2740 respondet
1362 2657 1547 2737 beneplaciti
1568 2657 1620 2721 sni
1641 2674 1718 2731 esse,
1741 2658 1777 2718 nt
1798 2656 1926 2719 nuntiis

261 2766 418 2847 principis
440 2764 484 2830 ad
501 2763 715 2845 praesentiam
736 2781 827 2826 snam
851 2764 1022 2827 accessuris
1047 2764 1252 2829 absolutionis
1279 2764 1458 2842 beneficium
1479 2760 1680 2841 impendatur
1702 2764 1730 2823 et
1755 2759 1837 2822 idern
1863 2779 1924 2839 pro

265 2868 418 2932 cosneio
440 2868 533 2948 pacis
554 2867 649 2930 etiam
669 2863 851 2949 [Berardo]
873 2863 1101 2947 archiepiscopo
1123 2866 1352 2931 Panormitano
1377 2865 1568 2949 conferatur.
1610 2861 1660 2948 Of.
1685 2882 1718 2928 n.
1734 2864 1763 2928 9.

1579 2969 1671 3042 1243,
1695 2965 1779 3044 sapt.
1802 2968 1834 3029 2.

372 3057 434 3109 rna.
449 3055 496 3109 rr
510 3055 573 3124 aa.
593 3053 684 3121 var
703 3062 746 3120 a·
765 3052 863 3119 nas
882 3059 920 3107 a.

371 3142 501 3209 Pedion,
522 3141 586 3211 Rep.
601 3148 688 3206 111213
706 3138 805 3210 Berper
822 3143 864 3193 93.

268 3320 677 3413 ..archiepiscopo
697 3319 1085 3409 Rothomagensi‚
1107 3375 1139 3391 ..
1161 3318 1387 3411 episcopo
1407 3317 1925 3411 quondamhiutinensi‚

727 3446 770 3514 et
799 3496 838 3514 ..
867 3440 1029 3513 abbati
1058 3440 1220 3514 Sancti
1248 3440 1465 3515 Facundi.

376 3576 574 3641 Litterarum
592 3581 773 3638 vestrarum
798 3573 882 3636 serie
907 3570 1084 3656 diligenter
1100 3572 1221 3649 audita,
1246 3571 1410 3638 devotioni
1427 3579 1535 3637 vestre
1551 3572 1703 3636 duximus
1718 3570 1925 3657 responden·

268 3679 361 3759 dum,
394 3679 545 3763 quatinus
569 3684 621 3741 est
644 3676 842 3762 beneplaciti
866 3676 983 3747 nostri.
1013 3683 1049 3739 ut
1073 3677 1194 3740 nuntiis
1223 3678 1376 3763 principis
1407 3676 1448 3740 ad
1471 3683 1616 3741 nostram
1640 3675 1824 3741 accessuris
1847 3696 1923 3761 pre-

271 3781 432 3846 sentiam²
456 3783 548 3845 iuxta
569 3780 706 3844 formam
730 3780 869 3844 ecclesie
888 3786 920 3843 et
943 3781 1027 3843 sieut
1044 3780 1136 3844 vobis
1153 3783 1226 3845 viva
1241 3803 1321 3846 voce
1338 3782 1480 3846 diximus
1497 3781 1712 3847 absolutionis
1728 3780 1927 3846 beneficium

269 3884 480 3971 impendatis;
510 3882 698 3968 quodlicet
722 3881 1010 3949 ..Panormitano
1034 3883 1285 3970 archiepiscopo
1314 3906 1353 3948 eo
1382 3885 1546 3949 difficilius
1576 3891 1610 3951 et
1638 3884 1763 3948 tardius
1791 3883 1928 3949 concedi

270 3989 416 4066 deberet,
433 4008 496 4072 quo
511 3986 692 4050 Romanam
711 3985 895 4061 eeclesiam,
913 3987 964 4050 eui
981 3986 1109 4051 debitor
1126 3988 1156 4050 in
1174 3989 1282 4051 multis
1298 4009 1370 4052 esse
1387 3988 1577 4060 dinoscitur,
1600 3989 1732 4074 gravius
1748 3987 1927 4053 offendisse

270 4090 405 4170 videtur,
429 4097 538 4154 tamen
562 4110 620 4174 pro
644 4086 806 4153 desiderio
830 4089 931 4173 pacis.
957 4090 988 4152 in
1012 4111 1075 4174 qua
1101 4091 1255 4155 ironorem
1279 4092 1342 4157 Dei
1367 4094 1531 4178 querimus
1556 4100 1590 4157 et
1612 4093 1723 4180 populi
1747 4091 1928 4157 Christiani

270 4195 427 4271 salutem,
461 4194 625 4271 volumus,
660 4189 814 4269 utillud,
846 4192 928 4255 sicut
951 4191 1042 4264 aliis,
1071 4193 1256 4258 conteratur
1286 4197 1406 4267 eidem;
1441 4195 1495 4281 qui
1524 4197 1702 4282 recipietur
1725 4217 1745 4259 a
1766 4195 1861 4260 nobis
1884 4193 1927 4259 ad

270 4318 399 4363 omnem
433 4303 607 4361 tractatum
641 4294 730 4380 pacis
759 4299 792 4358 et
824 4295 1011 4367 concordie,
1054 4297 1137 4360 sient
1169 4299 1270 4362 catari
1303 4301 1405 4364 mmtii
1436 4298 1659 4365 admittentur.
1714 4298 1785 4363 Nec
1817 4305 1927 4363 tamen

270 4402 441 4487 intelligat,
466 4399 552 4485 quod
576 4405 709 4486 propter
733 4396 917 4462 huiusmodi
942 4397 1157 4461 absolutionis
1181 4401 1318 4483 gratiam
1346 4402 1431 4486 apud
1462 4402 1575 4467 sedern
1604 4402 1817 4491 apostolicam
1842 4407 1927 4465 tam·

271 4527 366 4592 quam
392 4505 657 4590 archiepiscopus
681 4502 721 4566 ad
745 4522 882 4588 presens
906 4501 1035 4566 lionoris
1051 4516 1107 4566 aut
1124 4504 1244 4569 favoris
1261 4507 1399 4589 gratiam
1418 4514 1638 4593 consequatur
1655 4509 1706 4573 vel
1724 4507 1928 4594 percipiendi

270 4632 328 4675 sue
355 4614 533 4696 proventus
564 4606 705 4671 ecclesia
730 4605 850 4669 babeat
873 4603 1079 4677 treunam.
1114 4628 1186 4669 crim
1211 4606 1343 4691 dignum
1368 4611 1425 4681 sit.
1457 4619 1491 4674 ut
1515 4610 1571 4675 ubi
1595 4612 1704 4696 gravis
1729 4611 1826 4696 culpa
1848 4632 1927 4698 pre-

271 4714 412 4779 cessisse
436 4712 645 4798 perspicitur,
670 4732 710 4774 na
733 4708 944 4794 delinquendi
968 4709 1063 4773 (latur
1085 4709 1239 4777 audacia.
1264 4711 1424 4798 condigna
1447 4716 1672 4801 compensatio
1694 4715 1926 4800 subsequatur.

382 4831 457 4899 Dat.
483 4830 644 4916 Anagnia,
670 4829 735 4894 llll
760 4829 874 4895 Nonas
898 4830 1112 4915 Saptmnbris.
1136 4852 1220 4895 anna
1246 4833 1358 4917 primo.

1069 5232 1112 5305 hl

380 5330 592 5423 Inrrmcntncs
608 5355 633 5421 1
638 5354 664 5419 V
678 5374 767 5436 pmpa
782 5354 950 5440 [Nicabml
975 5356 1114 5437 ‹pisana›
1139 5354 1301 5437 Propensi,
1323 5356 1430 5421 abbati
1449 5356 1487 5421 dc
1502 5357 1681 5425 lircrrrrotoc
1702 5364 1732 5424 et
1750 5363 1931 5444 praaprmda

271 5460 428 5544 Propensi
448 5458 556 5525 scribit
578 5458 615 5524 do
637 5458 847 5524 anrbnursin
868 5464 979 5523 crarta
1004 5478 1099 5541 scopin
1126 5462 1255 5523 inarata
1283 5458 1410 5523 ccclesia
1435 5459 1645 5541 tiburtinensi,
1675 5464 1729 5529 cni
1754 5464 1931 5549 aprunam

1587 5606 1593 5611 ·
1639 5606 1823 5621 -···-—·-—-·

375 5686 400 5752 l)
419 5683 459 5750 (ts.
474 5698 503 5753 p.
519 5690 553 5751 tt,
570 5686 624 5736 aot.
640 5691 659 5737 1.
728 5684 757 5751 2)
775 5682 816 5751 (ts,
831 5678 1068 5751 ammanitem,
1088 5680 1105 5739 t.
1120 5698 1141 5736 c.
1159 5688 1262 5740 tantm
