4328 6232
201 323 263 386 354
748 321 797 376 EX
814 321 1032 377 INNOCENTII
1050 321 1089 376 IV
1107 321 1288 379 nuessrno

201 496 376 582 exemptis,
400 495 441 559 ad
465 517 546 581 opus
568 501 670 559 tuum.
684 502 807 560 certam
831 497 993 582 reciperet
1015 497 1153 582 pecunie
1169 499 1396 582 quantitatem.
1442 497 1529 562 Sane
1544 496 1650 562 dictus
1666 498 1849 584 episcopus

199 598 302 684 ipsius
331 605 486 684 pretextu
516 599 660 662 mandati
690 599 818 664 dilectis
847 601 922 664 filiis
946 649 953 662 .
973 648 981 663 .
1005 600 1045 664 de
1070 599 1229 686 Capella¹
1252 608 1286 666 et
1310 649 1344 668 ..
1368 601 1409 666 de
1432 600 1635 667 Maristella²
1657 601 1849 686 ceterisque

198 702 374 766 abbatibus
399 702 627 768 cisterciensis
650 703 772 767 ordinis
796 705 941 790 predicte
965 704 1120 782 diocesis,
1148 711 1244 789 prout
1272 704 1513 770 insinuantibus
1540 705 1621 790 ipsis
1643 705 1847 790 accepimus,

199 805 258 869 sub
293 827 379 891 pena
409 807 755 872 excommunicationis
786 814 819 872 et
851 810 948 874 etiam
971 808 1184 894 depositionis
1213 809 1387 887 iniuncxit,
1418 807 1504 894 quod
1533 810 1595 874 sibi
1624 809 1758 873 nomine
1787 816 1847 872 tuo

199 916 321 975 certam
355 912 493 996 pecunie
528 932 688 976 summam
725 913 808 978 inira
836 920 959 978 certum
986 915 1161 978 torminum
1195 916 1322 980 solvere
1352 919 1574 1001 procurarent.
1624 911 1707 977 Cum
1732 920 1846 978 autern

199 1014 443 1099 procurationes
479 1015 665 1100 pecuniario
699 1036 758 1100 pro
793 1017 911 1100 legatis
946 1018 1123 1103 apostolice
1161 1017 1249 1083 sedis
1285 1018 1373 1103 exigi
1402 1038 1466 1082 non
1502 1016 1630 1081 soleant
1658 1015 1699 1081 ab
1731 1015 1849 1080 ordine

200 1124 394 1197 memorato,
427 1119 633 1197 mandamus,
667 1121 819 1203 quatinus
853 1119 894 1184 ab
925 1120 1005 1205 ipsis
1034 1120 1218 1185 huiusmodi
1245 1122 1416 1206 pecuniam
1444 1120 1533 1205 exigi
1564 1119 1605 1184 de
1639 1125 1751 1183 cetero
1779 1138 1848 1182 non

200 1221 393 1307 permittens
421 1244 458 1286 ac
486 1223 632 1287 revocari
661 1223 801 1301 taciens,
832 1224 859 1286 si
889 1223 973 1287 sorte
1004 1230 1117 1287 contra
1146 1224 1237 1309 ipsos
1260 1230 1394 1310 proptor
1417 1224 1477 1287 boo
1504 1224 1536 1286 in
1560 1222 1670 1308 aliquo
1693 1228 1747 1286 est
1768 1242 1849 1307 pro·

200 1349 337 1407 cessum,
362 1326 499 1390 eumad
524 1348 633 1390 corum
659 1328 857 1392 monasteria
881 1327 933 1392 vel
956 1327 1021 1392 alia
1044 1327 1167 1390 ordinis
1192 1327 1339 1391 eiusdem
1363 1327 1550 1404 accesseris,
1575 1327 1619 1389 sis
1642 1347 1682 1389 eo
1707 1332 1848 1388 conten·

200 1436 266 1508 tus,
300 1429 385 1514 quod
419 1431 538 1514 legatis
573 1429 613 1493 de
641 1431 744 1495 latere
773 1430 912 1495 Romani
941 1430 1101 1516 pontificis
1131 1430 1303 1495 destinatis
1333 1430 1504 1495 consuevit
1535 1431 1566 1493 in
1590 1427 1705 1494 codem
1730 1427 1849 1492 ordine
1904 1454 1930 1491 ro

200 1535 386 1598 ministrari.

308 1654 383 1720 Dat.
407 1656 569 1742 Lugduni,
592 1656 657 1721 XV
672 1655 746 1721 Kal.
772 1655 891 1735 Martii,
916 1676 1001 1720 anno
1018 1654 1090 1722 V⁰³.

817 1935 1227 1946 ———-—-——

978 2199 1064 2272 502.

307 2309 524 2404 Innocentius
549 2337 606 2402 IV
618 2360 709 2419 papa
741 2339 859 2421 Rufino
894 2340 931 2403 dc
961 2341 1140 2420 Ararnenpo
1170 2339 1214 2402 ad
1241 2359 1349 2420 preces
1378 2359 1454 2403 erras
1480 2338 1629 2416 macedit,
1655 2342 1691 2402 at
1713 2341 1860 2401 castrum

208 2439 360 2502 Verrucoe
381 2439 582 2505 Vercelleneis
597 2442 734 2521 dionesie,
749 2443 831 2523 qnod
845 2443 882 2506 de
897 2444 1042 2508 nonnitus
1056 2443 1215 2508 Frideriet
1229 2443 1385 2524 qwridom
1400 2444 1599 2527 imperatoris
1613 2442 1860 2522 recuperaverit,

198 2564 259 2626 per
280 2541 462 2606 decantatum
483 2548 512 2608 et
533 2545 654 2609 diutins
675 2567 772 2627 usqne
794 2547 837 2610 nd
859 2547 1084 2630 toraopiacitnrn
1106 2547 1307 2631 apostolicum
1329 2547 1386 2610 sud
1407 2546 1549 2610 custodio
1569 2566 1630 2610 sua
1652 2550 1766 2609 terreat.

305 2662 429 2717 [salv
441 2664 502 2733 Ray.
522 2665 684 2733 Vol.1,coc,·
701 2665 760 2721 Lib.
777 2667 873 2735 iteca
1478 2649 1765 2728 1248,Feor.17.

306 2750 405 2819 Borprr
421 2756 492 2804 3636.

271 2911 418 2986 Nobili
445 2914 540 2986 viro
568 2916 737 2989 Rufino
765 2918 819 2991 de
843 2918 1092 3009 Aramengo
1119 2918 1372 2990 castellano
1400 2916 1548 2991 castri
1574 2913 1788 2989 Verruce⁴

750 3038 1052 3112 Vercellensis
1078 3037 1300 3111 diocesis.

309 3186 478 3250 Honorem
503 3185 645 3252 ecclesie
668 3209 858 3273 promovere
882 3187 1030 3251 sollicitis
1054 3208 1118 3250 uon
1143 3187 1213 3251 sine
1237 3187 1367 3251 incursu
1391 3186 1577 3272 multiplicis
1596 3187 1729 3251 lesionis
1752 3184 1856 3271 digne

204 3289 245 3352 ab
279 3289 460 3375 apostolica
491 3290 569 3354 sede
604 3289 684 3354 illud
716 3289 815 3356 debet
847 3291 1006 3376 premium
1037 3291 1226 3376 provenire,
1261 3311 1319 3376 per
1353 3288 1439 3376 quod
1468 3291 1555 3356 circa
1585 3291 1690 3378 ipsam
1723 3291 1858 3356 sincere

203 3392 388 3457 devotionis
411 3393 576 3479 suscipere
600 3393 767 3477 gaudeant
790 3393 1037 3459 incrementum.
1084 3392 1171 3457 Sane
1194 3399 1249 3458 tue
1273 3393 1367 3457 uobis
1385 3400 1479 3457 tenor
1494 3393 1664 3479 petitionis
1687 3394 1858 3481 exposuit,

204 3496 288 3580 quod
319 3502 355 3559 tu
383 3517 441 3581 pro
468 3497 691 3583 recuperando
725 3503 832 3561 castro
850 3497 997 3562 Verruce
1021 3497 1061 3560 de
1085 3497 1235 3562 manibus
1264 3496 1301 3561 F.
1325 3497 1488 3582 quondam
1516 3496 1741 3583 imperatoris,
1773 3498 1857 3563 illud

205 3599 284 3662 olim
308 3607 502 3685 occupatum
526 3621 586 3685 per
608 3600 796 3665 violentiam
820 3600 1014 3676 detinentis,
1037 3622 1101 3663 non
1127 3600 1197 3664 sine
1222 3600 1315 3663 multi
1340 3600 1499 3664 effusione
1530 3602 1698 3686 sanguinis
1721 3601 1857 3667 labores

207 3703 365 3787 plurimos
389 3710 422 3767 et
445 3725 609 3791 expensas
632 3705 844 3789 gravissimas
866 3704 1045 3789 pertulisti,
1076 3704 1216 3768 maxime
1245 3724 1318 3766 cum
1343 3703 1520 3768 restaurari
1547 3725 1657 3769 muros
1681 3712 1716 3770 et
1737 3703 1856 3770 domos

205 3806 307 3891 ipsius
340 3808 437 3870 castri
473 3808 615 3892 reparari
644 3808 778 3886 seceris,
802 3829 883 3892 quas
907 3814 984 3871 tunc
1008 3814 1172 3871 morantes
1196 3806 1315 3870 ibidem
1345 3806 1576 3872 destruxerant
1598 3808 1793 3888 Sarraceni,
1818 3832 1858 3874 ac

206 3910 305 3973 etiam
338 3930 411 3973 cum
445 3917 476 3973 te
512 3932 642 3996 semper
670 3931 728 3996 pro
757 3911 1003 3975 conservatione
1035 3910 1138 3996 ipsius
1171 3915 1321 3994 oporteat
1343 3909 1459 3975 baberi
1482 3911 1661 3975 sollicitum
1684 3918 1718 3977 et
1741 3913 1856 3978 subire

206 4014 391 4099 frequentia
425 4037 526 4081 onera
560 4035 776 4099 expensarum
811 4015 850 4078 ad
886 4015 1021 4079 evidens
1054 4014 1224 4079 comodum
1259 4015 1370 4100 populi
1393 4014 1617 4079 Vercellensis
1652 4022 1686 4080 et
1715 4016 1857 4080 aliorum

208 4116 398 4182 devotorum
438 4118 594 4197 ecclesie,
634 4119 689 4203 qui
727 4125 861 4183 stratam
900 4140 959 4204 per
994 4125 1136 4182 castrum
1171 4119 1280 4204 ipsum
1314 4118 1462 4184 obtinent
1499 4125 1533 4184 et
1570 4119 1674 4184 salem
1713 4141 1752 4184 ao
1791 4121 1857 4185 alia

208 4222 399 4286 necessaria
422 4230 665 4307 consequuntur
677 4225 697 4287 ⁵.
744 4222 900 4287 Ceterum
916 4222 1036 4287 devota
1052 4222 1125 4287 Deo
1150 4230 1183 4288 et
1206 4223 1347 4288 ecclesie
1371 4230 1427 4287 tua
1449 4223 1624 4309 progenies
1646 4243 1707 4308 pro
1731 4224 1857 4289 tuenda

208 4324 430 4390 Vercellensis
460 4326 601 4391 ecclesie
630 4325 780 4390 libertate
810 4347 845 4390 se
875 4347 895 4389 a
923 4326 1031 4411 longis
1059 4327 1260 4412 temporibus
1284 4333 1397 4391 contra
1425 4327 1565 4411 impetus
1587 4328 1856 4412 persequentium

207 4450 334 4493 murum
368 4429 566 4494 fortitudinis
596 4438 789 4516 posuerunt,
822 4436 855 4494 et
887 4430 972 4494 idem
1006 4438 1148 4495 castrum
1176 4452 1235 4516 per
1262 4431 1390 4516 aliquos
1414 4453 1457 4496 ex
1480 4429 1594 4496 eadem
1618 4430 1778 4516 progenie
1800 4452 1859 4518 per

209 4533 311 4596 multa
339 4539 521 4619 temporum
551 4535 659 4620 spatia
687 4535 749 4598 tuit
777 4534 918 4599 fideliter
946 4543 1190 4615 conservatum,
1219 4542 1251 4601 te
1280 4557 1318 4600 ae
1341 4537 1422 4622 ipsis
1446 4541 1581 4621 propter
1602 4541 1694 4600 tauto
1721 4535 1858 4600 sinceri·

210 4637 289 4700 tatis
313 4643 346 4701 et
369 4637 445 4700 fidei
468 4643 577 4702 vestre
602 4639 818 4702 constantiam
843 4638 980 4724 predicti
1003 4637 1039 4702 F.
1057 4640 1123 4704 tale
1147 4639 1388 4703 incurrentibus
1412 4638 1531 4719 odium,
1555 4643 1592 4702 ut
1614 4636 1751 4703 assidua
1766 4637 1858 4703 vobis

209 4740 392 4804 sollicitudo
423 4741 591 4805 immineat
619 4742 659 4806 de
689 4741 835 4806 custodia
863 4763 1084 4828 personarum.
1141 4741 1223 4806 Cum
1253 4743 1363 4827 itaque
1394 4743 1529 4826 dignum
1557 4742 1612 4821 sit,
1642 4749 1679 4805 ut
1706 4763 1767 4827 pro
1790 4749 1855 4806 tam

313 5003 337 5067 l)
358 4999 455 5068 eoppa
481 5000 512 5053 in
538 5000 624 5054 Kant.
646 4999 757 5066 Zttrich,
787 5015 819 5052 aa
843 5003 904 5067 sept.
922 4999 970 5054 cio.
988 5000 1055 5068 an.
1097 4999 1155 5054 sao
1172 5018 1197 5053 a.
1217 5007 1291 5065 1247,
1320 4999 1424 5052 Intro
1447 5016 1523 5067 papo
1552 4997 1643 5052 abbati
1666 5002 1690 5051 a
1718 4999 1862 5052 wnrentai

210 5085 243 5140 dc
263 5086 370 5154 (tapetio
387 5085 545 5154 indnberat,
563 5093 595 5140 nt
612 5103 673 5140 orm
686 5091 793 5154 propter
810 5102 932 5153 sequaces
950 5085 1084 5140 Fn'dcrici
1100 5086 1236 5154 quondm
1252 5085 1421 5153 irnmrmoris
1438 5084 1530 5140 dictae
1545 5084 1635 5151 effide
1651 5084 1682 5137 in
1699 5086 1862 5139 morio

208 5189 259 5226 sao
287 5189 375 5227 senne
403 5172 529 5226 sturm
554 5189 613 5226 non
635 5177 755 5240 werna,
785 5171 873 5225 cadon
901 5171 931 5223 in
960 5172 1065 5225 corbeia
1085 5173 1172 5226 sandi
1198 5170 1325 5238 Stephani
1354 5171 1504 5226 anicmsis
1528 5171 1703 5238 celabrmnt3
1729 5170 1860 5235 Patara

210 5260 274 5328 neq.
295 5267 387 5324 1260&
417 5276 485 5327 oriae
511 5275 549 5328 ep.
576 5260 607 5313 in
636 5259 701 5327 Rrp.
725 5275 782 5312 non
808 5263 886 5311 aetat.
913 5288 946 5295 —
973 5257 1029 5311 Sat
1055 5276 1080 5311 a.
1100 5265 1176 5326 1248,
1206 5257 1291 5311 Mart.
1309 5265 1341 5312 25
1367 5258 1513 5312 Wittalmas
1534 5273 1582 5311 ren
1598 5256 1678 5311 Mea
1701 5258 1861 5312 mosomio

209 5344 347 5412 quandam
368 5346 484 5414 pratiam
504 5346 578 5414 facit·
602 5343 843 5410 Bdbmcrd'icker,
868 5345 885 5397 t.
903 5360 924 5397 c.
948 5353 1019 5399 4905.
1126 5347 1154 5414 2)
1175 5344 1263 5398 Maris
1283 5346 1373 5412 stella,
1398 5345 1416 5399 i.
1433 5362 1453 5399 a.
1473 5345 1630 5414 Wottinpcra
1675 5344 1767 5399 Adbuc
1793 5343 1860 5397 Grn-

208 5431 294 5485 radus
323 5438 379 5486 tam
407 5438 471 5486 erat.
621 5433 649 5499 3)
673 5430 731 5486 sao
760 5428 838 5483 Febr.
863 5439 877 5483 1
903 5428 985 5483 cidem
1011 5431 1093 5498 tapeto
1121 5428 1305 5498 mondaverat,
1332 5435 1363 5482 at
1389 5448 1408 5482 o
1430 5430 1585 5498 damtione
1615 5429 1741 5484 marri
1767 5429 1861 5484 (taa-

209 5518 542 5586 mamaeam,-
560 5520 658 5589 Βῆριν
668 5524 741 5573 3610.
819 5518 847 5584 4)
866 5515 911 5571 Ac
930 5515 1040 5570 Padum
1056 5518 1093 5586 tl,
1111 5533 1125 5570 a
1141 5532 1202 5571 ian.
1219 5520 1303 5572 etocc
1319 5516 1365 5573 cia
1383 5515 1554 5574 Vercellenaia
1631 5518 1660 5587 tr)
1678 5514 1719 5587 cs.
1736 5514 1860 5573 Boina-

210 5604 313 5675 Firtrr,
331 5607 347 5660 t
364 5623 386 5662 c.
404 5613 482 5663 3665.
