4328 6232
768 329 969 385 EPISTOLAE
986 328 1178 387 SliLECl'AE.
1215 332 1288 386 1249.
1794 337 1854 399 491

200 510 311 596 ipsam
333 508 382 573 sie
405 506 546 573 sollicite
568 527 684 592 gerere
707 505 841 573 studeas
866 510 899 571 et
921 505 1110 591 prudenter,
1138 506 1225 590 quod
1254 512 1343 571 terra
1371 506 1427 571 illa
1450 507 1483 570 in
1506 507 1592 571 bono
1619 514 1681 572 etc.
1705 514 1742 572 ut
1765 526 1864 592 supra

201 613 238 677 in
260 612 329 689 illa,
351 631 416 697 que
438 609 594 677 scribitur
615 630 675 694 pro
699 607 884 695 Campanis.

314 715 353 781 In
375 714 517 781 eundem
539 713 672 779 modum
696 712 803 778 eidem
827 734 886 799 pro
910 712 977 777 illis
1000 712 1041 778 de
1066 712 1211 777 Sabinis.
1262 793 1266 801 Ι

314 819 353 884 ln
379 818 521 885 eundem
549 816 681 882 modum
710 818 873 881 universis
901 814 1054 880 fidelibus
1083 817 1202 880 nostris
1233 836 1291 902 per
1320 816 1491 881 Sabiniam
1524 817 1711 882 constitutis
1742 837 1860 904 usque:

203 924 459 989 committentes.
504 919 648 1005 Ideoque
677 919 882 984 universitati
907 926 1016 983 vestre
1045 918 1106 983 sub
1136 918 1247 983 debito
1280 918 1445 983 fidelitatis
1476 918 1622 986 districte
1652 920 1863 1006 precipiendo

202 1024 408 1107 mandamus,
431 1024 586 1110 quatinus
609 1023 714 1088 eidem
739 1023 896 1089 cardinali
920 1030 981 1087 etc.
1007 1030 1043 1086 ut
1066 1044 1167 1109 supra
1190 1024 1222 1087 in
1246 1023 1312 1103 illa,
1337 1044 1400 1107 que
1425 1022 1580 1087 scribitur
1602 1022 1812 1089 Marchianis.

996 1314 1071 1379 vu.
1172 1273 1173 1276 Ὺ

310 1420 528 1514 Lacaenas
542 1447 567 1511 I
571 1447 600 1510 V
604 1466 694 1530 papa
708 1444 840 1531 P[ct·rc]
855 1445 1017 1511 cardinali
1038 1447 1137 1527 lcpcto
1159 1444 1365 1510 acra-aramve·
1384 1448 1527 1509 taracinam
1542 1444 1686 1508 ccclesiae
1700 1443 1864 1510 Revrtcace

207 1551 331 1616 nornine
350 1570 449 1634 rapae
469 1551 514 1615 ad
534 1550 635 1616 ἀεοωιι
656 1550 750 1615 milia
771 1569 954 1615 merrccrnm
976 1550 1101 1633 arpenn
1122 1553 1151 1613 et
1173 1549 1335 1633 obligandi
1356 1549 1393 1613 ob
1415 1548 1451 1612 id
1472 1554 1575 1613 terras
1596 1552 1625 1612 ct
1647 1551 1753 1612 casca
1774 1548 1864 1612 ecclc-

210 1657 329 1720 siaram
347 1654 442 1721 Urbis
458 1658 639 1737 potestatem
662 1652 807 1718 coaccedit.
1535 1652 1628 1729 1249,
1651 1651 1731 1731 Apa:
1747 1655 1776 1714 7.

310 1775 373 1829 Ian.
386 1774 437 1828 IV
451 1773 516 1842 Rea.
533 1772 595 1830 La.
612 1773 661 1841 VI,
678 1773 699 1840 f.
714 1780 751 1840 7⁵2,
769 1788 824 1826 cnr.
842 1790 869 1826 n.
881 1782 920 1826 41.

311 1861 439 1927 Petrina,
459 1859 523 1928 aa.
541 1866 633 1927 132753
652 1860 750 1928 Beroe·
766 1866 839 1914 4702.

211 2132 215 2139 Ι
338 2040 379 2113 Ρ.
408 2039 561 2112 Sancti
591 2037 769 2132 Georgii
796 2040 847 2113 ad
867 2039 1019 2112 Velum
1048 2040 1242 2113 Aureum
1273 2038 1475 2129 [diacono
1504 2035 1743 2125 cardinali,

699 2160 975 2252 apostolice
1002 2162 1132 2234 sedis
1159 2159 1369 2251 legato]‘¹.

315 2311 397 2377 Cum
413 2318 447 2376 te
463 2329 522 2396 pro
539 2310 668 2393 negotio
685 2312 778 2395 regni
795 2311 918 2389 Sicilie,
943 2312 1115 2376 commisso
1134 2309 1191 2374 tibi
1208 2310 1306 2394 plene
1321 2306 1496 2393 legationis
1513 2306 1631 2385 officio,
1649 2305 1863 2373 destinemus.

211 2417 284 2503 quia
313 2413 427 2505 [quo]b
456 2415 561 2499 magis
592 2420 643 2478 est
672 2414 808 2479 arduum
844 2414 931 2480 idem
960 2416 1143 2500 negotium,
1176 2434 1215 2477 co
1245 2420 1278 2478 tu
1308 2434 1367 2500 pro
1399 2412 1486 2475 illius
1517 2411 1711 2475 executione
1741 2411 1864 2495 negotii

210 2519 352 2586 subsidio
381 2518 509 2605 indiges
543 2517 680 2604 potiori,
715 2519 905 2586 discretioni
941 2526 997 2585 tue
1032 2518 1246 2584 contrahendi
1282 2524 1417 2604 propter
1450 2516 1511 2579 hoc
1542 2522 1690 2579 mutuum
1724 2514 1864 2579 ecclesie

209 2623 355 2689 Romane
384 2623 513 2688 nomine
545 2642 649 2707 usque
678 2623 719 2688 ad
749 2622 867 2688 decem
900 2624 989 2688 milia
1012 2644 1194 2688 marcarum
1218 2621 1345 2706 argenti
1371 2627 1405 2683 ct
1427 2618 1594 2704 obligandi
1619 2618 1660 2682 ob
1686 2617 1717 2681 id
1741 2616 1864 2704 predia,

210 2735 311 2793 terras
341 2734 376 2792 ct
408 2733 514 2791 castra
545 2727 758 2791 ecclesiarum
787 2726 887 2792 Urbis
920 2749 1046 2792 necnon
1077 2726 1335 2791 contradictores
1370 2744 1468 2809 super
1503 2723 1564 2786 boc
1600 2743 1660 2809 per
1694 2742 1863 2786 censuram

211 2830 466 2895 ecclesiasticam
501 2829 721 2915 appellatione
756 2832 936 2917 postposita
974 2828 1202 2916 compescendi
1239 2828 1370 2914 prienam
1410 2832 1444 2890 ct
1481 2826 1618 2889 liberam
1658 2824 1865 2889 concedimus

212 2934 403 3000 anctoritate
425 2933 625 3019 presentium
649 2940 859 3018 potestatem.

315 3055 392 3122 Dat.
415 3055 578 3142 Lugduni,
599 3054 666 3119 Vll
690 3055 739 3122 Id.
762 3055 895 3143 Aprilis,
920 3076 1006 3120 anuo
1026 3053 1090 3117 Vl⁰
1105 3055 1126 3116 ¹.

315 3177 355 3242 In
392 3175 533 3242 eundem
567 3175 699 3241 modum
734 3175 840 3242 eidem
875 3198 995 3262 usque:
1032 3173 1242 3240 contrahendi
1277 3179 1412 3258 propter
1445 3173 1507 3237 hcc
1542 3178 1691 3236 mutuum
1726 3167 1866 3233 ecclesie

213 3280 354 3347 Romane
378 3281 509 3346 nornine
532 3300 638 3367 usque
662 3279 703 3344 ad
728 3278 842 3344 decern
866 3281 954 3344 milia
976 3280 1144 3345 unciarum
1169 3278 1237 3342 auri
1263 3284 1297 3340 ct
1320 3275 1487 3360 obligandi
1513 3275 1555 3338 cb
1581 3273 1613 3339 id
1629 3293 1744 3336 roccas
1761 3271 1866 3357 ipsius

214 3385 348 3452 ecclesie
372 3384 406 3450 in
428 3384 638 3449 anconitana
664 3383 825 3455 marchia,
855 3382 975 3448 ducatu
999 3382 1193 3469 spoletano,
1224 3380 1425 3444 Patrimonio
1449 3379 1538 3442 beati
1562 3377 1652 3441 Petri
1676 3376 1709 3440 in
1733 3373 1864 3452 Tuscia,

141 3512 148 3533 ·
215 3486 391 3574 Campania
405 3493 439 3552 et
454 3486 618 3552 Maritima
634 3486 827 3567 existentes,
850 3487 981 3571 plenam
1000 3493 1034 3551 et
1049 3485 1184 3548 liberam
1210 3481 1420 3547 concedimus
1444 3482 1639 3545 auctoritate
1663 3478 1865 3563 presentium

213 3598 417 3677 potestatem.

316 3710 393 3778 Dat.
416 3719 454 3777 ut
476 3733 583 3799 supra.

987 3846 1081 3911 vul.

312 3951 532 4046 Innocentius
561 3979 586 4043 Ι
589 3978 618 4042 V
635 3999 726 4060 propo
752 3977 961 4063 [Rayvtrcldo]
992 3977 1131 4058 episcopo
1162 3974 1300 4039 Ostiensi
1332 3975 1492 4056 certificat
1524 3990 1555 4032 sc
1587 3968 1744 4051 nmotirvm
1777 3966 1868 4047 nepai

203 4080 355 4159 Siciliae,
385 4082 468 4164 qnod
495 4082 560 4164 ipsi
586 4082 683 4146 ninsis
708 4103 804 4163 proce
827 4085 931 4161 neret,
962 4079 1090 4164 P[c!rc]
1112 4079 1274 4143 carrlincli
1303 4077 1506 4142 ccnrnrisissc:
1535 4073 1680 4149 rrrcndct,
1707 4073 1743 4132 ct
1772 4068 1869 4133 cidem

203 4186 369 4252 analium
390 4184 541 4252 cabinet.
1536 4178 1629 4252 1249,
1652 4175 1732 4255 Apr.
1750 4176 1779 4236 7.

313 4304 440 4361 InnIV
454 4305 517 4374 Rea.
536 4303 597 4361 Iac.
614 4305 663 4373 VI,
679 4306 700 4371 f.
715 4312 754 4374 72,
773 4321 829 4360 cnr.
847 4323 874 4358 n.
892 4314 934 4359 42.

312 4392 440 4460 mitae,
461 4392 524 4461 aa.
540 4398 630 4457 asara·
650 4392 751 4461 sape
768 4399 842 4448 eros.

763 4543 801 4559 ..
832 4485 1063 4578 episcopo
1091 4480 1320 4557 Ostiensi.

316 4635 408 4703 Inter
430 4642 552 4717 cetera,
575 4638 748 4723 circaque
771 4641 882 4701 nostre
906 4631 1133 4699 sollicitudinis
1156 4630 1306 4716 invigilat
1329 4627 1455 4706 oculus,
1478 4624 1520 4690 ad
1544 4624 1714 4709 negotium
1736 4621 1864 4708 specia-

207 4736 286 4806 liter
307 4741 401 4827 regni
423 4740 536 4807 Sicilie
561 4741 689 4807 intenta
712 4739 975 4806 consideratione
1007 4736 1217 4822 respicimus,
1246 4754 1327 4818 erga
1353 4731 1416 4796 hoc
1447 4729 1604 4816 precipue
1634 4725 1751 4793 sedula
1778 4725 1866 4810 cogi·

204 4845 332 4910 tatione
347 4864 526 4927 versamur,
549 4846 627 4911 totis
651 4847 890 4932 promotionem
914 4843 1019 4930 ipsius
1043 4840 1214 4927 cupientes
1238 4837 1413 4903 affectibus
1436 4840 1471 4901 et
1493 4832 1607 4897 modos
1630 4830 1866 4915 investigantes

205 4955 244 5011 et
265 4947 346 5030 vias,
368 4968 428 5035 per
449 4969 530 5035 quas
552 4947 764 5014 laudabiliter
787 4949 897 5014 divina
920 4953 1120 5033 cooperante
1144 4944 1266 5007 virtuto
1289 4941 1400 5005 valeat
1423 4937 1605 5023 provenire.
1650 4932 1720 5000 Nos
1745 4933 1866 5017 itaque,

207 5048 351 5117 discrete
378 5058 573 5138 pensantes,
603 5052 688 5138 quod
717 5074 817 5138 grave
848 5052 908 5116 tibi
939 5051 1036 5115 nimis
1068 5049 1151 5114 tanti
1182 5067 1264 5110 onus
1288 5043 1411 5128 negotii
1434 5039 1631 5119 extitisset²,
1662 5044 1696 5102 et
1718 5037 1866 5101 volentes

313 5315 339 5375 ⁸)
357 5314 447 5366 Eidem
464 5312 511 5373 Rs
528 5314 655 5366 antecedit
671 5332 698 5365 n.
712 5313 807 5365 XXII.
912 5310 936 5375 ¹2)
957 5328 1009 5378 qno
1027 5311 1095 5363 deest
1113 5309 1157 5367 R.,·
1175 5310 1209 5374 cf.
1228 5326 1254 5358 n.
1269 5304 1364 5356 XVII.

312 5450 341 5514 1)
360 5448 476 5518 Propter
497 5454 591 5503 rectam
614 5448 731 5503 ccccl.
749 5449 938 5518 pascerentur,
968 5453 993 5500 et
1018 5446 1084 5514 ceria
1108 5440 1248 5497 resistente
1272 5446 1311 5494 cst
1329 5454 1432 5508 papurm
1456 5435 1538 5490 Petro
1567 5450 1627 5487 tenc
1654 5448 1714 5487 cnm
1738 5428 1869 5498 &cutione

215 5534 244 5587 ¹¹⁸
267 5550 351 5605 reorw
373 5534 446 5589 beaw
463 5540 617 5605 marnas
642 5536 810 5604 correeooisse,
839 5552 878 5603 ep.
902 5536 970 5602 Apr.
990 5541 1004 5586 7
1028 5530 1210 5585 adsentimus.
1252 5525 1327 5580 Bran
1350 5525 1441 5594 prime
1466 5527 1593 5577 secretam
1619 5517 1704 5586 fuisse
1726 5520 1865 5584 periremus.

216 5620 312 5687 lime
324 5627 422 5691 ponec
439 5620 594 5676 Aiecander
606 5620 656 5675 IV
665 5637 743 5690 papa
761 5621 921 5676 Isrrmcentio
937 5619 1070 5674 successit.
1099 5616 1143 5670 Ab
1158 5633 1184 5670 a.
1201 5621 1267 5670 1244
1284 5629 1344 5667 cnm
1364 5607 1551 5664 cardinalitia
1573 5606 1648 5672 instra
1673 5602 1870 5656 nominantis

1609 5700 1663 5757 62⁸
