4328 6232
919 393 966 448 EX
987 393 1203 449 lNNOCENTll
1222 394 1260 449 lv
1279 394 1459 450 iruulsruu

1151 730 1234 804 mu.

467 845 685 937 Birscccrrte'us
701 871 757 936 IV
770 893 859 952 propo
876 874 1061 954 potestatem
1084 876 1112 934 ct
1135 892 1293 936 comitissae
1316 871 1520 937 Vercctteuses
1543 893 1613 936 cnm
1634 871 1778 934 carceribus
1806 870 1909 947 bouis,
1939 891 2022 952 qaue

361 981 503 1055 terrmorc,
520 960 579 1056 qno
593 974 779 1039 Fridcricus
790 977 940 1055 princeps
955 976 1237 1039 eecoornenm'catns
1248 974 1361 1059 fuerit
1382 975 1577 1056 posscderint
1591 978 1620 1038 ct
1635 996 1715 1056 quae
1731 993 1816 1039 norw
1824 972 2022 1054 praesideant,

362 1078 419 1143 sul
435 1080 627 1158 protectione
649 1098 708 1143 sna
730 1081 869 1161 suscipit,
892 1080 1060 1144 decernens
1079 1084 1115 1142 ut
1128 1080 1293 1159 nundinae
1308 1085 1470 1145 consuetae
1486 1081 1567 1145 sicut
1580 1079 1620 1144 ab
1635 1079 1776 1160 antiquo,
1798 1076 2023 1142 nonobstante

363 1182 522 1246 contrario
542 1185 659 1246 statuto
675 1183 844 1264 mincipris,
868 1184 903 1245 iu
925 1182 1048 1247 ciuitate
1070 1203 1175 1247 eoram
1197 1183 1398 1248 celebrentur.
1680 1183 1774 1261 1245,
1797 1179 1883 1247 Mai.
1901 1182 1931 1247 5.

467 1302 529 1355 rem.
543 1301 591 1354 IV
607 1302 670 1370 ch.
689 1301 783 1370 Voti,
804 1310 862 1366 189;
880 1301 940 1356 Lab.
955 1303 993 1370 II,
1012 1310 1066 1357 573.

468 1389 565 1458 Repe
584 1397 653 1443 1291.

660 1610 699 1625 ..
728 1555 957 1644 potestati
993 1561 1036 1629 et
1069 1555 1296 1628 communi
1323 1542 1719 1628 vercellensibus,

471 1701 515 1764 Et
538 1702 620 1764 ratio
638 1703 784 1786 postulat
802 1710 836 1766 et
852 1705 978 1788 equitas
995 1702 1182 1787 persuadet,
1205 1711 1241 1767 ut
1256 1702 1446 1768 devotorum
1463 1705 1579 1769 merita
1595 1704 1739 1789 benigna
1755 1701 2021 1767 consideratione

364 1811 552 1892 pensantes,
576 1805 825 1870 retributionem
850 1806 1045 1890 condignam
1069 1808 1214 1892 ipsorum
1239 1807 1406 1892 obsequiis
1428 1805 1655 1893 rependamus,
1678 1814 1715 1871 ut
1738 1806 1856 1893 stipsi
1880 1828 1939 1892 per
1956 1806 2020 1871 hoc

364 1909 405 1973 ad
430 1909 563 1974 servitia
587 1908 676 1973 sedis
700 1909 876 1994 apostolice
898 1911 1016 1973 lortius
1040 1911 1226 1974 animentur
1249 1916 1282 1974 ot
1305 1909 1345 1974 ad
1369 1911 1401 1974 id
1426 1930 1537 1973 corum
1562 1910 1714 1995 exemplo
1731 1910 1814 1974 alios
1830 1910 2017 1973 invitemus.

364 2014 561 2098 Eapropter,
601 2013 712 2077 dilecti
747 2015 780 2076 in
811 2013 952 2078 Domino
988 2014 1061 2084 filii,
1097 2020 1192 2100 prout
1227 2015 1379 2077 convenit
1413 2011 1621 2078 attendentes
1656 2012 1740 2098 quod
1776 2012 1808 2076 iu
1844 2010 2020 2077 devotione

364 2116 544 2201 apostolice
568 2115 655 2179 sedis
679 2116 768 2179 illam
792 2116 960 2182 studuistis
985 2118 1162 2181 observare
1186 2117 1434 2192 constantiam¹,
1464 2116 1550 2202 quod
1573 2138 1634 2208 nec
1660 2114 1933 2201 dampnatorum
1958 2137 2021 2181 uec

364 2239 577 2304 personarum
607 2219 752 2303 pericula
780 2241 838 2284 vos
866 2222 907 2285 ab
937 2221 1078 2285 ecclesie
1106 2219 1264 2285 fidelitate
1295 2226 1443 2285 avertere
1468 2227 1674 2307 potuerunt⁸,
1706 2227 1740 2284 ot
1762 2218 1909 2284 debitum
1933 2221 2021 2284 exti-

364 2328 493 2386 mantes
516 2330 553 2385 ut
576 2322 791 2408 petitionibus
814 2324 932 2386 vestris
957 2324 1182 2387 favorabiliter
1198 2344 1389 2401 annuamus,
1413 2324 1532 2387 vestris
1550 2321 1845 2409 supplicationibus
1860 2323 2019 2402 inclinati,

365 2425 531 2490 civitatem
544 2425 794 2490 Vercellensem
818 2433 851 2492 et
874 2448 1032 2512 personas
1050 2428 1223 2492 vestraein
1244 2427 1418 2492 devotione
1435 2426 1575 2491 ecclesie
1591 2448 1630 2490 ac
1647 2425 1839 2491 defensione
1857 2425 2018 2491 catholice

365 2526 440 2592 lidei
464 2534 497 2592 et
519 2528 681 2593 libertatis
706 2529 927 2594 ecclesiastice
949 2532 1174 2616 persistentes,
1198 2551 1258 2594 nec
1283 2551 1345 2594 non
1371 2536 1489 2605 castra,
1513 2529 1608 2592 villas
1632 2536 1665 2593 ot
1685 2528 1913 2615 possessiones
1929 2528 2020 2610 alias,

365 2629 607 2697 iurisdictiones
631 2639 664 2697 et
687 2638 799 2697 cetera
822 2633 908 2696 bona
925 2641 1045 2712 vestra,
1071 2655 1133 2718 que
1158 2633 1235 2696 olim
1252 2639 1409 2719 tempore,
1434 2654 1497 2717 quo
1513 2629 1701 2696 Fridericus
1718 2631 1870 2717 princeps
1886 2652 2020 2696 excom·

365 2735 550 2799 municatus
573 2757 633 2820 per
656 2736 768 2800 sedem
792 2736 1004 2821 apostolicam
1028 2736 1147 2811 extitit,
1173 2737 1397 2800 noscebamini
1421 2734 1588 2821 possidere
1606 2741 1639 2799 et
1654 2755 1717 2819 que
1734 2735 2021 2822 impresentiarum

366 2840 606 2903 rationabiliter
633 2840 806 2926 possidetis
830 2848 886 2904 aut
910 2842 941 2904 in
966 2841 1109 2904 futurum
1135 2841 1228 2903 iustis
1251 2840 1357 2903 modis
1381 2839 1527 2924 poteritis
1551 2838 1703 2925 adipisci,
1734 2839 1794 2902 sub
1817 2837 1906 2902 beati
1930 2837 2021 2902 Petri

366 2950 399 3006 et
422 2949 533 3007 nostra
548 2944 752 3028 protectione
771 2945 968 3029 suscipimus
985 2951 1018 3007 et
1035 2945 1199 3028 presentis
1217 2944 1327 3027 scripti
1345 2943 1526 3028 patrocinio
1544 2943 1789 3005 communimus.
1829 2939 2018 3006 Sententiae

365 3047 607 3125 nichilominus,
640 3047 768 3123 banna,·
794 3053 931 3115 statuta.
960 3045 1196 3125 ordinationes,
1229 3068 1348 3132 penas,
1380 3046 1646 3124 confiscationes,
1678 3045 1851 3131 privilegia
1879 3051 1913 3109 et
1942 3065 2021 3109 con-

365 3151 531 3215 cessiones
554 3150 662 3213 luctab
686 3149 725 3213 de
750 3150 842 3213 bonis
867 3150 1008 3213 civitatis
1032 3149 1180 3214 ciusdem
1196 3152 1248 3214 vel
1265 3151 1385 3214 civium
1402 3157 1457 3214 aut
1473 3151 1639 3215 hominum
1660 3170 1792 3214 suorum
1808 3170 1867 3215 scu
1882 3148 2022 3213 alicuius

366 3275 478 3319 eorum
503 3255 544 3319 ab
569 3255 685 3320 eodem
710 3255 858 3340 principe
874 3256 926 3318 vel
950 3254 1097 3338 quolibet
1120 3254 1183 3318 alio
1201 3276 1266 3339 pro
1291 3255 1361 3340 ipso
1385 3260 1459 3340 post
1483 3255 1583 3319 latam
1607 3256 1640 3319 in
1657 3275 1731 3318 eum
1749 3254 1790 3318 ab
1809 3250 1924 3318 eadem
1941 3250 2022 3317 sede

366 3358 713 3423 excommunicationis
738 3358 936 3423 sententiam
961 3357 1221 3442 quibuscumque
1246 3357 1436 3422 civitatibus
1460 3365 1492 3422 et
1508 3358 1655 3443 personis
1673 3393 1712 3403 „
1729 3355 2021 3421 nonobstantibus

365 3462 553 3525 iuramentis
588 3483 687 3548 super
720 3462 784 3526 hiis
821 3461 968 3547 prestitis
1001 3497 1041 3506 —
1075 3461 1270 3524 auctoritate
1306 3461 1509 3545 presentium
1545 3481 1752 3536 revocamus3
1788 3458 2021 3524 nichilominus

365 3571 561 3641 statuentes,
591 3574 626 3629 ut
656 3566 816 3647 nundine,
849 3587 911 3650 que
943 3561 1060 3650 [lieri]c
1088 3571 1331 3628 consueverunt
1360 3565 1401 3628 ab
1428 3567 1562 3652 antiquo
1592 3566 1625 3628 in
1656 3565 1788 3629 ciuitate
1815 3561 1967 3650 predicta
1990 3570 2024 3629 et

366 3670 436 3734 eius
468 3669 631 3740 districtu,
665 3678 698 3735 et
727 3672 783 3734 ille
813 3670 1002 3757 specialiter
1031 3690 1094 3753 que
1120 3665 1271 3732 dicuntur
1294 3667 1438 3732 nundine
1462 3666 1616 3731 Omnium
1641 3666 1835 3733 Sanctorum
1859 3673 1894 3734 et
1916 3669 2024 3733 sancti

366 3772 513 3852 Eusebii,
536 3774 569 3836 iu
593 3775 758 3838 consuetis
782 3775 861 3839 locis
886 3783 919 3838 et
942 3772 1144 3858 temporibus
1169 3773 1272 3837 libero
1297 3794 1335 3837 ac
1361 3773 1430 3837 sino
1451 3771 1707 3838 contradictione
1724 3773 1834 3858 aliqua
1850 3771 2022 3838 celebren-

367 3882 418 3939 tur
435 3913 476 3923 —
493 3896 556 3939 uon
575 3874 727 3940 obstante
744 3876 829 3961 quod
848 3876 888 3940 de
906 3876 1118 3939 translatione
1136 3874 1352 3939 nundinarum
1370 3876 1513 3960 ipsarum
1537 3875 1579 3940 ad
1603 3876 1768 3940 civitatem
1784 3875 2022 3941 Taurinensem

368 3979 515 4065 prefatus
550 3979 717 4065 princeps,
755 3976 974 4065 [postquam]‘¹
1008 3999 1066 4063 per
1099 3977 1211 4042 sedern
1243 3976 1380 4042 candem
1412 3981 1713 4044 excommunicatus
1744 3979 1869 4056 extitit,
1903 3977 2025 4044 dicitur

368 4084 535 4148 statuisse.
581 4082 671 4146 Nulli
702 4105 780 4168 ergo
804 4092 867 4149 etc.
897 4091 1007 4147 nostre
1037 4083 1266 4168 protectionis,
1296 4083 1514 4147 revocationis
1546 4091 1579 4146 et
1608 4082 1849 4148 constitutionis
1877 4089 1939 4147 etc.
1987 4082 2023 4147 si

367 4187 439 4272 quis
464 4193 526 4250 etc.

476 4308 552 4374 Dat.
576 4307 740 4393 Lugduni,
764 4309 816 4374 III
840 4309 925 4374 Non.
949 4309 1039 4390 Maii,
1065 4328 1151 4372 anno
1175 4307 1357 4374 socundo².

992 4606 1402 4613 ——-——--—.——-—..-·

1157 4880 1239 4953 113.

472 4994 689 5087 Lereocculius
707 5020 761 5083 IV
776 5042 865 5099 papa
886 5022 1067 5104 [Sipcsiido
1084 5022 1163 5105 HI]
1185 5021 1414 5101 arclnepiscopo
1437 5022 1631 5104 Muptaetiao
1653 5022 1768 5101 scribit,
1791 5045 1823 5085 sc
1845 5025 2022 5103 decreuisse,

369 5134 402 5191 at
430 5129 552 5193 litterae
580 5149 601 5190 a
624 5126 783 5190 mairanicis
804 5125 1009 5207 anurrtinis
1038 5127 1070 5188 in
1098 5127 1228 5190 corcellis
1250 5126 1467 5190 Frirlarr'cnsi
1494 5125 1675 5207 depraedatis
1704 5148 1726 5188 u
1752 5127 1821 5191 sede
1852 5129 2023 5208 (apostolica

546 5287 568 5292 ..
588 5286 731 5291 -..-.,,--
750 5286 771 5290 ,,
790 5286 833 5291 -..
854 5285 876 5290 -.
909 5286 935 5290 -.
958 5286 980 5291 -,
1017 5286 1031 5290 -
1058 5287 1074 5290 -
1104 5285 1602 5291 ,...,.,-.---..-,-,,-...,.-.----
1625 5284 1917 5296 -..-......-,,-,,,

410 5378 428 5389 ”
471 5389 495 5453 ⁸)
508 5389 555 5450 B.,·
573 5397 694 5456 poterunt
706 5390 738 5441 P.
825 5387 851 5454 b)
870 5391 950 5440 fuctus
962 5386 995 5436 B.
1083 5385 1107 5451 c)
1125 5388 1181 5437 lieri
1199 5387 1310 5439 dcestR.
1398 5384 1424 5448 (Ι)
1442 5394 1577 5454 postquam
1594 5387 1707 5439 dcestll.

474 5524 499 5590 1)
525 5524 623 5578 titilus
644 5530 761 5590 (11243,
785 5523 869 5577 Mart.
892 5523 927 5576 ab
949 5522 1108 5590 inperatore
1130 5521 1271 5587 desuem
1296 5520 1533 5588 Bdlmrcr-Fiotcr,
1551 5522 1569 5575 1.
1584 5537 1606 5576 c.
1625 5527 1724 5577 daton.
1808 5518 1963 5588 itm
1982 5519 2027 5576 fi

368 5608 479 5679 [rere]
498 5609 616 5677 neapo
635 5608 803 5677 ranan,
823 5609 919 5664 saum
938 5608 1094 5676 naseam
1112 5608 1274 5662 uenena
1290 5607 1354 5662 noc.
1371 5613 1395 5661 c
1414 5608 1510 5663 saras
1528 5608 1660 5663 wear
1676 5605 1844 5669 emaus·
1858 5604 2027 5663 m

363 5694 690 5765 emmeramensem,
712 5712 747 5751 aa
764 5694 933 5752 Veranium
950 5701 1044 5750 contra
1056 5694 1232 5784 maenianis
1249 5693 1332 5748 baim
1350 5698 1465 5748 morou
1481 5693 1617 5749 Μαί
1627 5692 1830 5765 mm
