4784 6332
859 429 1059 486 EPISTOLAE
1077 429 1267 486 SELEG'I'AE.
1303 429 1378 484 1247.
1880 433 1942 495 229

293 610 471 698 prebendis
495 610 547 674 rel
564 607 779 696 dignitatibus
798 627 856 670 seu
873 605 945 670 aliis
961 603 1142 682 beneficiis,
1166 605 1192 668 si
1210 609 1336 685 vacant,
1352 603 1497 690 alioquin
1513 623 1610 688 quam
1627 603 1731 689 primo
1747 603 1944 684 vacaverint,

289 714 501 802 provideatur
516 712 651 790 eisdem,
677 717 710 776 et
726 710 980 775 contradictores
997 730 1095 796 super
1111 709 1173 773 hoc
1189 729 1434 794 percensuram
1454 707 1709 772 ecclesiasticam
1727 707 1944 794 appellatione

291 818 474 906 postposita
490 815 665 882 cohiberea
686 816 787 879 libere
804 814 915 877 valeas
932 851 972 860 -
996 818 1116 876 statuto
1140 812 1180 877 de
1204 817 1290 876 certo
1314 818 1377 879 etc.
1401 818 1436 875 ut
1459 812 1490 875 in
1509 809 1638 874 Vlllab
1655 831 1771 896 usque:
1796 811 1944 890 aliarum,

292 921 440 986 eiusdem
464 920 650 1006 legationis,
674 917 856 982 iuramento
881 923 944 980 etc.
969 935 1073 1001 usque
1097 916 1129 979 in
1153 915 1276 982 finem⁰.

223 1069 235 1106 s
400 1041 477 1106 Dat.
500 1047 536 1104 ut
559 1060 668 1126 supra.

1079 1121 1157 1186 XII.

1034 1231 1200 1304 Eidem.

400 1358 504 1425 Curu‘¹
525 1365 559 1422 te
582 1365 644 1426 ete.
667 1377 787 1442 usque:
811 1355 1029 1438 destinemus,
1060 1356 1208 1420 volentes
1238 1356 1347 1442 aliqua
1369 1355 1427 1419 tibi
1452 1355 1650 1437 concedere,
1679 1374 1738 1439 per
1760 1373 1823 1438 qua
1847 1351 1944 1416 saluti

291 1466 460 1532 consulere
493 1463 604 1528 valeas
633 1462 831 1537 animarum,
866 1457 1055 1525 discretioni
1091 1465 1146 1523 tue
1175 1459 1385 1545 dispensandi
1422 1481 1494 1525 cum
1524 1459 1652 1524 clericis
1682 1463 1738 1522 tue
1767 1455 1942 1542 legationis

291 1570 455 1634 delectum
479 1566 637 1630 natalium
654 1563 865 1650 patientibus,
890 1563 973 1648 quod
990 1599 1031 1610 -
1048 1562 1232 1628 huiusmodi
1256 1583 1321 1627 non
1345 1563 1497 1628 obstante
1521 1563 1651 1628 defectu
1667 1599 1709 1609 -
1726 1562 1758 1624 in
1783 1560 1944 1644 susceptis
2041 1646 2043 1654 Ι

213 1692 237 1730 ¹⁰
291 1674 476 1738 ministrare
508 1669 694 1748 ordinibus,
722 1666 901 1732 ascendere
930 1666 970 1731 ad
999 1667 1138 1731 maiores
1166 1687 1204 1730 ac
1234 1667 1460 1732 eeclesiastico
1482 1666 1642 1732 beneficia
1665 1687 1724 1730 seu
1747 1669 1943 1750 personatus

290 1778 343 1841 vcl
359 1772 743 1861 dignitates,.pontiiicali
763 1771 935 1836 dumtaxat
951 1777 1101 1857 excepta,
1121 1772 1220 1836 etiam
1237 1771 1264 1834 si
1283 1791 1393 1835 curam
1410 1770 1554 1835 habeant
1569 1771 1751 1835 animarum
1768 1788 1943 1843 annexam,

290 1882 439 1946 obtinere
463 1879 609 1958 valcant,
633 1875 771 1940 liberam
797 1875 991 1939 auctoritate
1014 1874 1216 1960 presentium
1240 1873 1448 1940 concedimus
1471 1875 1671 1940 facultatem.

398 2000 475 2065 Dat.
499 2005 534 2062 ut
558 2017 668 2084 supra.

378 2121 417 2184 In
442 2117 583 2185 eundem
605 2115 738 2182 modum
761 2115 868 2181 eidem
892 2136 951 2202 pro
974 2114 1176 2201 patientibus
1200 2115 1365 2182 defectum
1390 2117 1498 2198 etatis,
1522 2115 1608 2202 quod
1632 2114 1804 2194 beneficia,
1828 2131 1942 2199 perso-

209 2249 236 2288 ra
292 2231 388 2291 natus
412 2229 445 2288 et
468 2222 657 2307 dignitates,
681 2225 807 2284 tantum
831 2224 914 2285 ete.⁰
1068 2305 1154 2370 XIII

1032 2416 1198 2490 Eidem.

398 2537 625 2608 Prescntiumf
645 2539 704 2604 tibi
727 2539 923 2604 auctoritate
948 2539 1163 2621 concedimus,
1185 2547 1222 2605 ut
1248 2562 1321 2606 cunr
1343 2541 1492 2628 personis
1509 2539 1753 2620 ecclesiasticis,
1776 2547 1842 2604 tam
1866 2538 1942 2601 reli-

290 2649 391 2734 giosis
414 2665 510 2731 quarn
528 2641 745 2720 secularibus,
769 2648 825 2706 tue
843 2643 1026 2728 legationis,
1051 2664 1114 2728 que
1137 2644 1290 2708 vinculo⁸
1314 2643 1659 2708 excommunicationis
1675 2643 1809 2708 astricte
1833 2662 1943 2706 sacros

291 2755 508 2838 susceperunt
532 2746 662 2810 ordines
691 2747 742 2809 rel
771 2746 995 2811 ministrarunt
1031 2748 1063 2811 in
1094 2748 1175 2826 illis,
1207 2749 1314 2834 possis
1344 2769 1444 2833 super
1472 2748 1713 2832 irregularitate
1743 2745 1940 2826 huiusmodi,

210 2872 238 2911 ro
292 2862 387 2942 prout
411 2853 591 2917 animarum
615 2870 745 2915 suarum
770 2851 868 2915 saluti
892 2851 1049 2936 expedire
1074 2852 1207 2932 videris,
1231 2853 1432 2938 dispensare.

398 2975 474 3040 Dat.
498 2979 534 3038 ut
557 2993 664 3058 supra.

1067 3058 1162 3125 XIV.

1033 3168 1202 3242 Eidem.

378 3303 483 3369 (lumh
506 3303 673 3367 nonnullis
696 3303 848 3389 personis
872 3303 1106 3368 ecclesiasticis
1135 3307 1168 3364 et
1191 3302 1395 3366 secularibus
1423 3307 1478 3365 tue
1502 3300 1678 3386 legationis
1702 3298 1857 3364 liberales
1881 3322 1941 3364 nos

291 3408 536 3474 exhibuerimus
561 3405 634 3470 etc.i
656 3411 694 3469 ut
715 3405 825 3470 littera
847 3405 889 3469 X.

209 3561 236 3600 a
377 3527 452 3594 Dat.
478 3533 513 3592 ut
536 3548 642 3612 supra.

1078 3610 1152 3678 XV.

1032 3721 1201 3796 Eidem.

399 3856 481 3920 Cum
506 3861 539 3920 te
564 3853 644 3920 etc.¹‘
667 3874 785 3938 usque:
809 3851 965 3933 munitus,
989 3849 1175 3916 discretioni
1199 3859 1255 3918 tue
1279 3852 1472 3938 providendi
1496 3854 1656 3936 ecclesiis,
1679 3860 1746 3919 tam
1770 3855 1943 3921 cathedra-

291 3960 377 4025 libus
400 3981 497 4045 quam
521 3959 611 4036 aliis,
640 3957 708 4021 sive
733 3958 902 4042 regulares
927 3957 995 4021 sive
1020 3958 1186 4021 seculares
1211 3956 1371 4038 existant,
1403 3964 1458 4023 tue
1482 3959 1656 4044 legationis
1685 3957 1727 4022 de
1755 3959 1943 4044 pastoribus

292 4085 351 4130 seu
374 4063 524 4150 prelatis,
557 4061 584 4125 si
614 4082 670 4126 eos
694 4082 812 4126 vacare
837 4061 1011 4146 contigerit
1039 4067 1073 4125 et
1103 4061 1146 4152 ad
1178 4061 1288 4126 sedem
1312 4063 1526 4148 apostolicam
1549 4063 1766 4148 provisionem
1798 4065 1943 4149 ipsarum

211 4187 238 4224 ³⁰
293 4168 438 4249 devolvi,
470 4173 503 4232 et
531 4164 786 4230 contradictores
819 4186 918 4251 snper
948 4165 1008 4236 boc
1039 4187 1099 4252 per
1128 4188 1299 4231 censuram
1328 4168 1583 4233 ecelesiasticam
1608 4168 1830 4253 appellatione
1853 4175 1943 4253 post-

292 4272 397 4359 posita
427 4268 655 4355 compescendi
684 4307 726 4318 —
757 4268 962 4354 indulgentia
990 4270 1042 4333 rel
1074 4271 1244 4356 privilegio
1278 4271 1423 4356 quolibet
1453 4270 1541 4336 sedis
1566 4271 1711 4334 eiusdem
1736 4292 1943 4356 nequaquam

292 4375 445 4441 obstante
471 4409 509 4421 -
533 4374 664 4458 plenam
689 4371 898 4436 concedimus
922 4379 1034 4437 tenore
1058 4375 1261 4460 presentium
1285 4380 1495 4460 potestatem.

399 4494 476 4560 Dat.
501 4500 536 4558 ut
560 4513 667 4580 supra.

1072 4578 1164 4645 XVI.

950 4746 952 4750 .
1036 4689 1200 4764 Eidem.

210 4857 237 4896 ³⁵
379 4821 475 4889 Oum¹
497 4831 530 4888 te
547 4829 626 4889 etc:
647 4821 834 4888 discretioni
856 4827 912 4886 tue
933 4821 1113 4907 recipiendi
1129 4823 1294 4888 cessiones
1311 4829 1376 4887 tom
1393 4823 1708 4909 archiepiscoporum
1729 4829 1762 4888 et
1776 4823 1945 4911 episcopo-

292 4950 363 4994 rum
381 4949 477 5014 quam
493 4927 694 5014 prelatorum
712 4926 859 5007 aliorum,
882 4927 950 4990 sire
975 4926 1041 4989 sint
1057 4927 1203 5012 exempti
1220 4927 1287 4991 sire
1312 4947 1386 5007 non,
1411 4933 1466 4992 tue
1484 4926 1657 5011 legationis
1675 4927 1812 4992 liberam
1828 4935 1943 4992 tenore

292 5033 492 5120 presentium
516 5031 723 5096 concedimus
747 5029 948 5094 facultatem.

400 5152 477 5218 Dat.
500 5157 536 5216 ut
560 5172 668 5236 supra.

433 5293 500 5300 *—
519 5294 584 5298 --
641 5291 843 5297 --,-...-....-.--..
881 5292 887 5296 .
926 5290 1027 5296 ..-...—-
1074 5291 1086 5296 -
1123 5291 1143 5295 ....
1164 5291 1171 5295 .
1193 5289 1226 5296 ..-
1236 5291 1295 5295 ---
1353 5289 1446 5295 ---.-.-.
1461 5289 1588 5295 ——.-.

395 5381 418 5444 ⁸)
430 5379 565 5430 cohercere
575 5381 599 5430 3.
670 5375 694 5441 b)
714 5395 738 5428 a.
754 5377 843 5427 2041.
914 5375 1025 5438 ⁰)3lroc
1039 5377 1093 5426 loco
1112 5375 1144 5424 ab
1160 5374 1209 5424 lucc
1227 5391 1264 5440 cp.
1279 5375 1414 5440 discrmat.
1486 5369 1511 5436 d)
1524 5373 1558 5437 cf.
1571 5370 1628 5422 Lib.
1648 5369 1693 5434 VJ,
1704 5387 1758 5421 car.
1771 5370 1881 5434 comm.
1894 5369 1945 5432 XI,

209 5461 241 5519 td
292 5482 347 5515 rrrr.
359 5469 388 5515 12
398 5474 421 5516 ct
438 5484 464 5517 a.
476 5469 527 5517 204
546 5466 573 5516 V.
661 5463 683 5528 ⁰)
697 5463 733 5513 ita
746 5462 1164 5529 1³.‚qars0rraaenep.mraas
1187 5469 1306 5513 accrtrote
1327 5460 1474 5526 exscriptum
1494 5459 1549 5508 siae
1567 5456 1644 5508 dubio
1662 5456 1762 5522 aliqrrr'd
1779 5457 1850 5522 reqrri
1867 5456 1946 5521 debet,

292 5551 360 5616 praed
376 5553 458 5602 versis
475 5549 625 5618 pontificali
646 5549 794 5602 dumtaxat
811 5549 928 5616 exceptu
943 5550 1085 5615 reprendet.
1191 5547 1210 5614 s)
1228 5552 1262 5615 of.
1281 5549 1338 5600 Lu.
1357 5547 1403 5611 VI,
1420 5565 1473 5599 cur.
1492 5553 1524 5598 49
1537 5542 1582 5614 [2]
1600 5555 1623 5598 et
1639 5543 1695 5596 Lib.
1710 5542 1761 5607 XI,
1778 5561 1831 5594 car.
1849 5548 1881 5595 17
1892 5540 1944 5610 [3].

291 5639 317 5701 s)
336 5638 372 5688 ito
390 5643 406 5689 2
423 5648 445 5690 ct
462 5642 494 5703 3,·
513 5640 579 5690 sunt
597 5640 659 5690 add.
680 5639 709 5688 ll.
728 5647 759 5702 rt,
776 5646 803 5686 ut
820 5637 927 5700 uidetur,
945 5635 1063 5688 B.3014.
1142 5635 1167 5702 ¹¹)
1187 5639 1219 5703 cf.
1241 5636 1296 5686 Lib.
1316 5633 1361 5698 VI,
1379 5652 1432 5685 car.
1449 5637 1486 5684 48
1504 5644 1526 5684 ct
1544 5633 1666 5698 laum,
1683 5651 1737 5683 crat.
1755 5637 1791 5682 16.
1874 5629 1892 5698 l)
1911 5633 1945 5698 cf.

290 5728 380 5775 arm
399 5725 457 5790 III,
475 5746 526 5794 qna
544 5727 653 5778 tridenti
669 5724 760 5790 groti-is
774 5724 921 5791 prirentur.
992 5721 1017 5789 ¹¹)
1038 5733 1065 5774 ut
1082 5727 1109 5776 ia
1128 5744 1153 5776 a.
1168 5725 1225 5776 ΙΙΙ.
1295 5719 1314 5786 ¹)
1334 5723 1367 5788 cs.
1388 5720 1442 5771 Lt'd.
1464 5719 1508 5784 VI,
1527 5738 1579 5771 cur.
1594 5724 1637 5772 59.
