4790 6340
244 5259 269 5296 db

244 5725 269 5764 40

878 433 1079 493 EPISTOLAE
1099 436 1292 496 SELECTAE.
1329 439 1404 496 1247.

1098 743 1184 815 473.

418 851 635 946 Innocentiam
657 880 714 944 IV
727 903 818 962 pmpa
848 882 986 964 episcopo
1019 882 1212 963 Anpastensi
1245 882 1380 947 corceedit
1409 882 1609 966 facultatem,
1641 887 1677 944 at
1711 882 1873 962 quosdam,
1908 880 1964 962 qai

314 983 515 1070 Flrieterieo]
541 983 698 1066 quarelam
729 985 910 1068 imperatori
937 1007 1005 1050 curn
1032 986 1208 1071 [amomo]
1242 987 1347 1050 cernite
1383 985 1563 1051 semmae
1599 989 1707 1048 contra
1744 985 1900 1048 ecetesiam
1937 988 1966 1048 et

317 1084 560 1170 O[etacianam]
583 1089 719 1153 Sanctae
741 1087 872 1152 Mariae
893 1085 929 1152 in
953 1088 1014 1153 Via
1029 1089 1113 1152 Lata
1137 1089 1302 1154 diaconam
1325 1087 1527 1162 cardinalem,
1543 1087 1706 1168 apostolice
1723 1087 1805 1152 sedis
1821 1087 1964 1170 tapetam,

315 1211 384 1253 cunr
400 1211 461 1273 per
476 1195 587 1274 partes
609 1190 685 1254 ittas
706 1191 865 1272 transiret,
881 1193 1089 1274 adhaeserint,
1112 1195 1152 1258 ab
1172 1193 1486 1260 ecconnnnnieatione
1502 1212 1596 1272 qaam
1612 1191 1808 1255 incurrerint
1822 1193 1964 1255 cantione

239 1339 244 1351 .
316 1298 437 1376 recepta
458 1294 609 1359 absolvat:
1634 1297 1726 1373 1247,
1750 1293 1824 1359 Dee.
1849 1297 1878 1358 9.

418 1415 481 1469 Inn.
500 1414 549 1468 IV
564 1415 627 1484 aa.
648 1415 701 1470 Vol.
721 1416 743 1484 I,
761 1424 824 1480 557,·
843 1415 902 1471 lrilr.
921 1416 952 1486 V,
970 1433 1026 1472 cnr.
1045 1425 1085 1471 49.

419 1501 514 1573 Bermr
531 1509 604 1560 4099.

838 1688 847 1706 .
876 1689 885 1706 .
914 1632 1127 1725 episcopo
1153 1630 1443 1723 Augustensi.

421 1781 518 1863 Cum,
552 1783 636 1846 sicut
669 1783 870 1867 accepimus,
906 1783 1050 1846 nonnulli
1084 1782 1160 1846 laici
1195 1789 1249 1846 tue
1280 1781 1437 1862 diocesis,
1467 1802 1525 1868 pro
1555 1804 1595 1846 eo
1624 1782 1710 1867 quod
1740 1782 1778 1848 F.
1802 1780 1963 1867 quondam

317 1885 537 1950 Romanorum
570 1886 756 1970 imperatori
791 1906 863 1948 oum
898 1885 1000 1949 nobili
1031 1887 1100 1949 viro
1132 1935 1171 1951 ..
1201 1885 1318 1950 comite
1356 1883 1540 1949 Sabaudie¹
1575 1896 1688 1950 contra
1722 1886 1896 1950 ecclesiam
1932 1893 1965 1949 et

316 1989 471 2054 dilectum
506 1989 609 2053 filium
644 1989 681 2053 0.
707 1989 826 2052 Sancte
858 1988 960 2054 Marie
987 1991 1021 2054 in
1037 1989 1100 2053 Via
1123 1990 1207 2054 Lata
1236 1989 1407 2054 diaconum
1432 1989 1651 2068 cardinalem,
1674 1991 1851 2076 apostolice
1877 1989 1964 2053 sedis

315 2094 474 2177 legatum,
509 2113 582 2156 oum
615 2111 674 2177 per
709 2097 819 2177 partes
853 2092 925 2155 illas
962 2094 1135 2157 transitum
1168 2091 1330 2175 laceret²,
1370 2091 1583 2173 adheserunt,
1619 2092 1964 2158 excommunicationis

317 2194 515 2259 sententiam
537 2195 714 2259 incurrisse
738 2202 931 2259 noscantur:
963 2216 1041 2274 nos,
1076 2195 1268 2261 dilectorum
1302 2195 1441 2260 filiorum
1473 2195 1630 2260 nobilium
1659 2197 1800 2260 virorum
1825 2194 1964 2260 Goffridi

315 2299 529 2364 Vicecomitis
554 2307 587 2364 et
601 2299 712 2363 Iacobi
735 2299 776 2365 dc
793 2298 953 2372 Quinto-³
976 2298 1123 2364 eiusdem
1147 2299 1286 2364 diocesis
1310 2300 1600 2387 supplicationibus
1624 2300 1786 2378 inclinati,
1810 2298 1960 2363 fraterni·

317 2404 378 2466 tati
401 2410 457 2468 tue
481 2403 672 2467 absolvendi
704 2424 814 2467 eorum
842 2403 1006 2482 homines,
1041 2404 1097 2487 qui
1131 2403 1312 2467 huiusmodi
1350 2403 1696 2468 excommunicationis
1721 2403 1886 2466 vinculum
1909 2402 1958 2464 in-

317 2513 501 2586 currerunt,
531 2505 705 2570 dummodo
735 2513 884 2592 prestent
910 2506 1121 2594 corporaliter
1148 2508 1382 2588 iuramentum,
1412 2507 1497 2592 quod
1524 2507 1686 2592 parabunt
1711 2507 1838 2592 precise
1867 2526 1959 2569 man-

316 2610 401 2674 datis
425 2611 563 2676 ecclesie
586 2631 624 2674 ac
647 2610 774 2695 prefato
796 2609 834 2673 F.
858 2629 1019 2695 nunquam
1037 2611 1148 2676 taliter
1163 2610 1378 2692 adherebunt,
1395 2611 1530 2676 liberam
1547 2610 1742 2675 auctoritato
1758 2609 1961 2695 presentium

317 2715 525 2781 concedimus
548 2716 748 2780 facultatem.

425 2836 500 2902 Dat.
526 2835 689 2923 Lugduni,
704 2836 737 2900 V
751 2836 830 2901 Idus
853 2835 1081 2916 Decembris,¹’
1104 2857 1189 2901 anno
1204 2836 1261 2901 V0.

936 3099 1195 3108 --——.--.·.—.-..-.-——.
1236 3101 1242 3105 -
1261 3099 1277 3105 .-
1285 3099 1345 3106 ---

423 3438 641 3534 Innocentius
662 3468 721 3533 IV
732 3489 822 3549 papa
848 3467 1006 3552 [Henrico
1027 3467 1108 3552 ΠῙ]
1129 3467 1268 3548 episcopo
1293 3467 1521 3549 Arpentinensi
1546 3465 1718 3544 committit,
1747 3469 1783 3528 at
1808 3463 1915 3528 abbati
1937 3465 1965 3525 et

317 3573 481 3636 conventui
502 3573 685 3636 rnenasterii
701 3571 988 3654 Genpembocensis,
1005 3592 1063 3652 per
1078 3571 1223 3656 fautores
1238 3571 1397 3636 Frideriei
1412 3570 1569 3652 qnondam
1589 3569 1789 3650 imperatoris
1802 3567 1964 3648 depressio,

317 3675 476 3753 concedat,
508 3679 544 3740 at
581 3695 688 3739 nomm
724 3675 880 3754 ecclesias,
909 3675 945 3738 in
974 3675 1086 3756 quibes
1113 3675 1165 3738 ins
1188 3678 1381 3755 patronatus
1403 3674 1576 3751 obtineant,
1598 3672 1627 3736 si
1649 3675 1765 3748 vacent,
1787 3670 1831 3735 aet
1851 3689 1967 3734 nsanos

317 3799 393 3844 snas
409 3799 470 3860 per
491 3799 612 3843 annum
628 3801 691 3863 pro
712 3777 876 3850 solvendis.
889 3777 1000 3842 debitis
1021 3778 1187 3844 retineant.
1609 3778 1703 3854 1247,
1725 3773 1800 3838 Dee.
1825 3777 1874 3839 12.

423 3900 489 3955 Ine.
508 3900 628 3971 [Πίῳ.
647 3901 702 3955 Vol.
721 3900 744 3968 Ι,
763 3908 828 3964 eea·
847 3899 906 3954 Da.
925 3899 955 3967 V,
974 3906 1032 3954 sos.

425 3987 521 4056 Bauer
538 3993 609 4044 3555.

811 4172 820 4190 .
849 4171 858 4189 .
887 4114 1110 4208 episcopo
1137 4111 1478 4205 Argentinensi.

424 4267 477 4332 Ex
506 4275 637 4332 tuarum
670 4269 754 4332 serie
788 4268 971 4332 litterarum
1000 4266 1201 4352 accepimus,
1232 4263 1319 4348 quod
1353 4262 1466 4328 dilecti
1499 4262 1556 4325 filii
1585 4260 1688 4325 abbas
1723 4269 1756 4326 st
1790 4267 1967 4326 conventus

320 4373 512 4438 monasterii
535 4371 857 4457 Gangembaoensis⁴
877 4369 999 4435 ordinis
1024 4369 1129 4433 sanati
1149 4365 1322 4432 Benedicti
1345 4373 1400 4430 tue
1421 4364 1559 4430 diocesis
1580 4385 1640 4450 per
1653 4363 1795 4428 lautores
1811 4363 1848 4426 F.
1863 4384 1966 4449 quon-

321 4475 395 4540 dam
418 4476 623 4562 imperatoris
647 4475 758 4540 affecti
780 4475 891 4540 multis
915 4472 1040 4538 iniuriis
1065 4478 1098 4536 et
1121 4471 1268 4556 depressi
1292 4475 1387 4534 sunt⁰
1409 4468 1563 4554 gravibus
1586 4467 1800 4543 nocumentis,
1825 4466 1966 4552 quodam

322 4601 365 4643 ex
388 4578 511 4644 eisdem
539 4579 719 4644 fautoribus
742 4577 865 4643 dictum
889 4577 1041 4643 abbatem
1064 4575 1247 4639 accinctum
1276 4571 1317 4638 ad
1347 4573 1410 4635 iter
1439 4569 1550 4635 sedem
1580 4571 1794 4655 apostolicam
1825 4570 1967 4635 adeundi
2032 4621 2034 4624 .

319 4703 437 4768 capere
477 4683 627 4768 nequiter
661 4689 693 4747 st
723 4680 922 4768 aliquamdiu
963 4681 996 4744 in
1038 4677 1194 4743 carcerali
1233 4676 1381 4741 detinere
1420 4674 1569 4740 custodia
1604 4682 1827 4760 presumente.
1885 4674 1967 4740 Cum

319 4793 430 4851 autem
452 4792 585 4873 propter
607 4787 750 4851 iacturas
772 4783 958 4850 huiusmodi
982 4783 1104 4847 dictum
1127 4781 1363 4846 monasterium
1385 4779 1540 4865 gravibus
1572 4780 1614 4843 sit
1643 4779 1763 4843 debitis
1797 4786 1967 4845 oneratum

319 4897 353 4954 ct
375 4889 417 4953 ab
445 4888 509 4953 illis
540 4890 610 4954 sinc
639 4889 808 4974 apostolici
833 4889 1064 4975 cooperatione
1088 4883 1224 4950 subsidii
1246 4906 1311 4949 non
1334 4885 1439 4970 possit
1461 4884 1502 4949 do
1526 4883 1796 4963 nannetensi,
1819 4906 1888 4966 nos,
1904 4885 1967 4948 tuis

321 4992 473 5079 precibus
496 4999 691 5071 annuentes,
715 4993 918 5077 presentium
944 4990 1005 5055 tibi
1028 4990 1220 5054 auctoritate
1244 4988 1490 5067 committimus,
1518 4993 1554 5052 ut
1579 4986 1674 5052 dictis
1698 4985 1808 5052 abbati
1832 4993 1865 5052 et
1889 5007 1967 5050 eon-

427 5151 620 5158 ——-—.-.-—
628 5151 863 5158 ...-.——.-.*—.—..
874 5151 970 5156 ——-
981 5149 1282 5155 .—-.—.——-—.-
1310 5148 1315 5152 .
1348 5149 1354 5153 .
1365 5151 1370 5153 .
1384 5148 1442 5154 ..—-.
1812 5145 1863 5150 ⁴——

426 5252 452 5319 ι)
471 5256 572 5318 Quanto
590 5253 622 5305 Β.
726 5252 752 5318 b)
770 5253 808 5304 ita
825 5252 871 5314 P.;
888 5255 1040 5306 Novembris
1057 5253 1090 5302 B.
1132 5251 1160 5302 V.
1176 5245 1215 5303 (n.
1232 5250 1261 5302 O.
1274 5251 1305 5303 de
1318 5250 1401 5302 Felice
1418 5250 1491 5300 nome
1504 5249 1655 5316 sipniricacit
1667 5249 1749 5300 mcum
1767 5255 1831 5299 certe
1849 5247 1898 5312 lepi
1915 5265 1968 5296 nnn

320 5349 515 5406 petrapulcina
532 5343 596 5392 Nor.
613 5341 792 5406 potiusquam
810 5341 871 5392 Dec.
889 5341 1012 5406 cuipam
1022 5338 1115 5406 fnisee.
1152 5337 1205 5389 Sea
1216 5339 1333 5405 fortasse
1351 5335 1467 5388 Perteins
1484 5336 1617 5402 maqima
1641 5335 1719 5386 annis
1736 5343 1795 5385 mete
1816 5335 1880 5399 ptus
1896 5333 1967 5384 cidit.

322 5425 346 5492 ⁰)
364 5427 416 5478 sint
434 5425 467 5478 B.

425 5547 451 5611 1)
469 5544 512 5598 nr
527 5544 574 5598 mc
590 5545 621 5612 a
638 5562 668 5612 p.
686 5552 743 5615 aa,
761 5551 815 5600 ne.
835 5553 859 5600 e.
967 5547 995 5612 a)
1015 5542 1054 5610 cr.
1068 5559 1097 5612 p.
1116 5549 1171 5612 aa,
1189 5547 1243 5598 ar.
1262 5553 1284 5610 1,
1302 5541 1409 5596 amne
1430 5540 1463 5594 a
1487 5538 1583 5593 naen
1600 5537 1630 5592 r.
1649 5538 1713 5592 rm.
1732 5537 1782 5591 rr
1795 5555 1838 5606 ap.
1858 5539 1967 5605 auae,

324 5631 432 5686 noan.
450 5636 468 5686 t.
485 5631 555 5699 Vn,
570 5649 600 5698 p.
618 5638 676 5700 ea,
698 5637 722 5686 a
738 5633 815 5700 nfra
831 5632 880 5687 aa
896 5650 922 5688 a.
941 5637 1015 5698 aas,
1037 5629 1115 5685 rm.
1134 5637 1173 5685 a.
1248 5631 1275 5697 3)
1295 5627 1421 5684 natan
1440 5627 1527 5696 oum
1545 5641 1578 5680 a
1594 5641 1632 5680 or.
1650 5625 1696 5679 ca.
1716 5626 1808 5678 aaa
1885 5625 1913 5692 4)
1933 5626 1968 5678 n

326 5735 421 5786 rnnpnc
443 5716 545 5770 duecte
563 5716 696 5786 Redemi,
714 5734 728 5772 e
744 5735 805 5774 nter.
823 5723 847 5772 et
863 5734 901 5772 or.
920 5718 968 5773 cic.
988 5716 1139 5785 (tfferdrnre.

426 5811 490 5866 ltro.
503 5811 584 5866 Ponr.
596 5811 631 5866 II.
1729 5803 1763 5858 43
