4328 6232
1070 351 1117 415 EX
1136 350 1354 415 INNOCENTII
1372 348 1412 411 IV
1431 346 1611 413 ausurae

1323 533 1349 598 Ι.

669 663 920 738 Nobilibus
946 660 1066 733 viris
1092 658 1298 734 Henrico
1327 663 1370 732 et
1398 657 1567 730 Iacobo
1595 657 1695 730 eius
1721 661 1832 730 nato
1860 655 2005 731 dictis

942 781 1227 874 Fraiapane,
1262 779 1448 854 civibus
1475 777 1731 852 Romanis⁸.

619 937 693 1002 Etsi
718 958 760 1001 ea
776 939 931 1019 suscepte
948 932 1114 997 servitutis
1131 930 1237 996 officio
1253 937 1434 1009 teneamur,
1457 934 1494 992 ut
1510 927 1748 1014 dampnificatis
1766 929 1914 994 ecclesiis
1929 951 1988 1017 per
2003 931 2132 997 bouoru
2153 963 2164 990 ι,

509 1042 655 1127 ipsarum
678 1040 891 1105 alienationes
914 1057 974 1102 seu
998 1035 1228 1100 concessiones
1251 1034 1382 1097 illicitas
1405 1032 1569 1096 universis
1593 1052 1737 1117 congruo
1760 1033 1906 1098 remedie
1922 1055 2154 1102 succurramus

510 1146 652 1209 ecclesie
675 1149 786 1208 tamen
799 1141 959 1221 Romane,
984 1160 1057 1204 cum
1081 1160 1153 1203 eam
1178 1138 1223 1202 sic
1239 1158 1300 1223 per
1315 1137 1498 1221 aliquorum
1514 1136 1732 1200 temeritatem
1749 1136 1975 1223 dampnificari
1991 1141 2155 1226 contingit

511 1268 550 1312 eo
576 1268 766 1312 succurrere
791 1245 897 1310 studio
920 1243 1124 1329 propensiori
1148 1262 1207 1306 nos
1230 1241 1392 1321 convenit,
1416 1259 1478 1324 quo
1503 1239 1534 1303 ei
1557 1246 1711 1324 tanquam
1734 1241 1889 1327 precipue
1914 1263 2034 1329 sponse
2051 1250 2158 1309 nostr·

511 1369 623 1413 sumus
651 1348 889 1435 quodammodo
922 1346 1095 1434 specialius
1124 1345 1270 1429 obligati.
1317 1342 1400 1408 Oum
1427 1342 1558 1428 igiturb,
1588 1344 1671 1407 sicut
1694 1343 1781 1409 lecta
1804 1365 1914 1410 eoram
1935 1347 2030 1412 nobis
2054 1353 2127 1413 vest
2153 1379 2156 1405 ι

513 1453 626 1538 petitio
642 1452 839 1532 continebat,
863 1471 968 1535 nuper
983 1448 1071 1536 apud
1083 1447 1462 1535 Aquampendentemin
1481 1447 1648 1533 presentia
1662 1447 1818 1533 principis
1834 1450 2005 1516 constituti
2017 1453 2038 1532 ¹,
2055 1451 2157 1518 eide

509 1555 551 1619 ad
575 1577 667 1619 suam
691 1556 880 1620 instantiam
904 1555 1007 1640 ipsius
1030 1555 1146 1618 timore
1167 1553 1332 1638 perterriti
1354 1551 1565 1617 medietatem
1588 1550 1741 1616 (iolliscic
1764 1574 1837 1617 cum
1859 1556 1982 1640 palatio
2006 1558 2136 1622 exterio
2163 1600 2164 1604 =

510 1658 572 1723 sibi
603 1657 774 1724 adiacente
804 1665 838 1723 et
865 1657 1014 1721 omnibus
1043 1655 1169 1720 iuribus
1199 1655 1240 1720 ad
1273 1656 1379 1741 ipsam
1413 1653 1623 1719 medietatem
1652 1656 1906 1740 pertinentibus,
1939 1659 2060 1724 dilecto
2093 1661 2156 1725 filu

508 1758 674 1825 Anibaldo
704 1763 766 1825 civi
788 1762 937 1826 Romano
966 1759 1059 1825 titulo
1090 1760 1233 1845 pignoris
1261 1757 1438 1844 obligatad,
1473 1778 1535 1842 que
1564 1758 1606 1823 ab
1639 1759 1781 1824 ecclesia
1802 1760 1953 1826 Romana
1982 1765 2105 1830 tenetis
2132 1787 2156 1828 r·

508 1863 651 1945 feudum,
677 1864 717 1929 de
741 1864 840 1945 iacto,
865 1886 938 1929 cum
955 1864 997 1930 de
1013 1864 1084 1928 iure
1101 1864 1326 1947 nequiveritis,
1349 1862 1508 1926 duxeritis
1525 1862 1745 1945 concedenda,
1768 1865 1915 1950 prestitis
1930 1867 2158 1934 nichilominu

508 1967 698 2032 iuramentis
721 1990 780 2034 vos
813 1976 926 2033 contra
957 1967 1205 2032 concessionem
1236 1965 1423 2031 huiusmodi
1452 1986 1516 2030 non
1542 1973 1711 2046 venturos,
1743 1976 1839 2054 prout
1865 1969 1898 2033 in
1925 1971 2160 2040 instrumento

509 2070 585 2135 inde
615 2072 766 2137 confecto
796 2073 926 2157 plenius
954 2071 1072 2136 dicitur
1102 2071 1275 2135 contineri:
1305 2070 1382 2134 licet
1411 2092 1454 2134 ex
1480 2069 1542 2133 hoc
1574 2071 1692 2135 essetis
1721 2092 1785 2135 non
1808 2073 1971 2139 immerito
1994 2076 2163 2160 puniendi,

508 2175 715 2240 attendentes
743 2182 854 2240 tamen
885 2174 970 2259 quod
1000 2174 1105 2238 coacti
1132 2173 1370 2259 quodammodo
1401 2179 1526 2238 terrore
1556 2174 1637 2236 tanti
1665 2173 1822 2259 principis
1852 2175 1884 2240 id
1906 2176 2050 2260 fecistis,
2083 2201 2160 2246 con·

509 2279 694 2343 cessionem
724 2277 910 2343 huiusmodi
933 2278 1056 2342 nullam
1079 2299 1152 2341 esse
1176 2277 1307 2363 penitus
1331 2276 1534 2355 nuntiantes,
1564 2276 1709 2362 predicta
1732 2276 1773 2341 ad
1796 2285 1942 2345 vestrum
1965 2289 1998 2347 et
2021 2285 2163 2350 ecclesie

508 2381 656 2446 Romane
680 2383 731 2445 ius
756 2388 788 2446 et
811 2382 1047 2468 proprietatem
1074 2382 1270 2445 auctoritate
1300 2379 1521 2466 presentium‘
1547 2401 1757 2460 revocamus,
1787 2382 1978 2450 iuramentis
2006 2386 2158 2474 predicti

509 2484 740 2550 nichilominus
764 2486 937 2566 relaxatis,
968 2484 1083 2550 eadem
1106 2484 1302 2549 auctoritate
1326 2484 1673 2548 excommunicationis
1696 2485 1825 2549 vinculo
1848 2507 1886 2550 ac
1908 2509 1995 2569 pene
2019 2491 2163 2576 quinque

508 2587 632 2652 milium
656 2610 839 2654 marcarum
862 2589 990 2674 argenti
1014 2609 1136 2667 omnes,
1166 2589 1221 2673 qui
1246 2594 1360 2651 contra
1382 2587 1467 2651 hec*3
1491 2587 1602 2652 venire
1626 2589 1897 2674 presumpserint,
1929 2601 2152 2678 supponentes

508 2690 598 2756 Nulli
622 2713 701 2777 ergo
719 2729 762 2741 —
778 2699 888 2759 nostre
911 2693 1141 2772 revocationis,
1164 2691 1375 2757 relaxationis
1398 2697 1432 2754 et
1455 2691 1689 2776 suppositionis
1714 2699 1777 2757 etc.
1814 2691 1850 2756 si
1874 2694 1947 2779 quis
1969 2700 2082 2762 autem
2098 2704 2162 2763 etc.

618 2811 695 2878 Dat.
719 2815 873 2880 Lateran.
887 2813 980 2921 XXVI
1002 2813 1078 2880 Kal.
1101 2812 1191 2893 Maii,
1215 2811 1424 2898 pontificatus
1447 2811 1550 2876 nostri
1574 2832 1658 2876 anno
1682 2813 1798 2899 primo.

1314 3051 1360 3118 ΙΙ.

609 3179 864 3254 Nobilibus
890 3180 1010 3254 viris
1037 3179 1244 3253 Henrico
1272 3178 1537 3271 Fraiapane
1565 3179 1686 3252 sacri
1716 3181 1887 3272 palatii
1913 3186 2067 3259 nostri

792 3301 1137 3376 Lateranensis
1164 3299 1324 3374 comiti
1352 3304 1395 3372 ei
1421 3299 1592 3371 Iacobo
1620 3304 1733 3373 nato
1761 3302 1877 3376 eius

619 3450 720 3533 Cum,
750 3452 834 3515 sicut
856 3452 950 3516 nobis
974 3471 1140 3536 exponere
1163 3449 1351 3530 curavistis,
1383 3449 1534 3535 prinecps
1558 3469 1578 3512 a
1600 3449 1692 3514 vobis
1716 3451 1794 3515 licet
1816 3452 1927 3518 invitis
1951 3456 2155 3524 medietates

510 3553 671 3619 Colliseih
703 3554 745 3618 ad
773 3576 830 3620 vos
862 3562 1068 3641 spectantem
1096 3575 1169 3618 cum
1201 3560 1270 3617 toto
1302 3551 1459 3617 exteriori
1488 3552 1612 3638 palatio
1642 3551 1821 3620 adherente
1851 3557 1958 3623 eidem
1981 3581 2163 3647 eorumque

509 3659 715 3743 pertinentiis
739 3659 799 3723 sub
823 3658 963 3745 quadam
987 3658 1237 3744 permutationis
1260 3656 1369 3742 specie
1392 3655 1509 3720 fecerit
1532 3655 1596 3720 sibi
1619 3656 1688 3721 dari
1712 3665 1746 3723 et
1768 3658 1808 3724 de
1832 3659 2071 3730 habendarata
2087 3688 2163 3753 per·

509 3761 690 3826 mutatione
722 3761 908 3826 huiusmodi
936 3763 1072 3828 avubis
1099 3761 1261 3847 receperit
1294 3760 1528 3840 iuramentum,
1566 3781 1643 3841 nos,
1675 3762 1811 3847 provide
1841 3764 2048 3833 attendentes
2078 3790 2156 3855 quo

508 3863 655 3950 predicta
687 3865 766 3929 iuris
796 3866 936 3931 ecclesie
959 3866 1107 3932 Romane
1131 3887 1169 3931 ae
1196 3864 1405 3951 proprietatis
1435 3865 1581 3929 existunt
1605 3871 1638 3929 et
1660 3865 1717 3929 illa
1738 3887 1798 3930 vos
1820 3871 1986 3956 vestrique
2009 3875 2149 3958 progeni

509 3974 597 4032 tores
621 3969 662 4033 ab
687 3968 802 4033 eedem
827 3971 969 4036 ecclesia
990 3970 1156 4050 tenuistis,
1181 3969 1333 4055 quodque
1356 3967 1542 4032 huiusmodi
1565 3967 1653 4032 datio
1678 3989 1737 4034 seu
1759 3973 1956 4055 permutatio
1979 3974 2067 4041 licite
2091 3977 2162 4043 te·

509 4092 573 4134 non
589 4072 696 4157 potuit
712 4070 798 4135 dicta
814 4073 955 4138 ecclesia
970 4073 1164 4153 inconsulta,
1188 4073 1305 4138 vestris
1323 4071 1616 4157 supplicationibus
1632 4072 1791 4151 inclinati,
1813 4074 1995 4141 iuramento
2012 4080 2163 4146 relaxato

508 4175 656 4262 predicto
681 4178 943 4257 concessionem,
973 4178 1185 4242 donationem
1209 4197 1268 4242 seu
1292 4176 1501 4241 traditionem
1524 4176 1644 4240 factam
1668 4197 1687 4240 a
1710 4177 1804 4240 vobis
1828 4178 1934 4243 eidem
1956 4180 2099 4268 principi
2120 4182 2163 4249 de

508 4279 685 4363 premissis,
717 4287 750 4345 et
773 4281 928 4367 quicquid
950 4302 992 4345 ex
1016 4302 1056 4346 ea
1078 4282 1132 4347 vel
1155 4280 1196 4344 ob
1221 4281 1326 4367 ipsam
1350 4281 1513 4345 sancitum
1537 4286 1588 4344 est
1611 4286 1667 4343 aut
1691 4281 1786 4366 sequi
1809 4283 1995 4368 contigerit,
2019 4287 2163 4351 auctori-

508 4389 576 4448 tate
609 4383 811 4469 presentium
847 4385 992 4450 totaliter
1026 4404 1233 4463 revocamus,
1274 4383 1490 4448 decernentes
1525 4403 1652 4465 omnes,
1690 4383 1744 4468 qui
1780 4383 1964 4451 huiusmodi
1992 4395 2155 4455 contr-act·

509 4490 622 4551 contra
644 4507 701 4552 vos
725 4495 917 4574 vestrosque
949 4509 1157 4554 successores
1185 4488 1236 4551 uti
1257 4488 1311 4552 vel
1339 4488 1442 4574 ipsius
1477 4488 1651 4552 occasione
1675 4494 1860 4552 contractus
1882 4489 1976 4554 vobis
1999 4491 2164 4581 dictisque

509 4592 755 4657 successoribus
785 4615 963 4678 gravamen
993 4592 1125 4680 aliquod
1154 4592 1276 4658 inferre
1305 4593 1582 4678 presumpserint,
1614 4591 1963 4659 excommunicationis
1987 4598 2143 4664 sententi

509 4715 605 4779 quam
639 4717 740 4783 super
768 4696 829 4761 hoc
857 4699 1005 4777 tulimus,
1040 4697 1223 4762 subiacere.
1268 4694 1360 4760 Nulli
1390 4716 1468 4780 ergo
1493 4699 1666 4760 -nostre
1695 4696 1911 4762 revocationis
1939 4703 1973 4763 et
2001 4703 2148 4766 constitu

508 4798 605 4862 tionis
630 4804 692 4865 etc.
739 4799 870 4886 Siquis
894 4807 957 4865 etc.

619 4918 696 4985 Dat.
720 4919 875 4986 Lateran.
898 4920 985 4985 XIII
1008 4919 1083 4985 Kal.
1107 4919 1197 5001 Maii,
1222 4941 1306 4984 annu
1329 4921 1444 5007 primo.

612 5221 636 5282 δ)
654 5219 767 5270 Romane
780 5215 811 5267 R.
904 5213 929 5281 b)
948 5217 1013 5267 Cum
1031 5217 1111 5284 igitur
1128 5245 1162 5254 —
1180 5225 1354 5284 supponentes
1371 5215 1500 5285 ealdcyre.
1594 5216 1618 5281 e)
1635 5217 1668 5270 B.
1681 5218 1737 5269 MA
1744 5219 1779 5280 U;
1796 5220 1889 5272 Colisei
1900 5219 1987 5286 Rapsa
2080 5219 2106 5288 d)
2124 5223 2163 5273 s‘tu

513 5304 540 5356 T.
555 5313 579 5357 ct
591 5303 677 5372 Rapa.
758 5302 781 5371 θ)
799 5301 840 5362 Tu
857 5303 1000 5354 iuramento
1013 5302 1098 5370 Rapa.
1177 5300 1197 5368 s)
1215 5303 1257 5365 T,
1273 5305 1387 5371 predicta
1399 5304 1484 5372 Rapa.
1567 5304 1592 5371 Β)
1610 5306 1653 5371 Τ.,·
1670 5307 1718 5359 bec
1731 5307 1800 5359 aaa
1811 5305 1896 5374 Rapo.
1979 5303 2006 5372 ΙΙ)
2019 5306 2053 5358 Β.
2064 5308 2120 5359 ΜΔ
2127 5308 2163 5369 U,-

508 5391 622 5442 Colossei
634 5388 667 5443 B.

611 5525 639 5593 1)
651 5524 798 5594 Imperator
813 5543 839 5579 a.
853 5530 921 5579 1244
943 5524 978 5578 ab
999 5523 1076 5578 initio
1097 5526 1193 5579 mestus
1210 5526 1308 5579 Manu
1330 5541 1414 5594 resqecc
1430 5526 1468 5579 ad
1483 5527 1563 5593 finem
1579 5526 1676 5581 mensis
1688 5527 1790 5596 Aymlr's
1806 5524 1881 5596 aprrd
1897 5527 2163 5599 Apameam

507 5609 674 5675 merchatum
694 5609 924 5682 Brittan-Reda,
943 5611 961 5665 l.
973 5626 994 5666 c.
1012 5616 1188 5668 esu-3428.
