4328 6232
754 355 804 410 ux
822 351 1099 431 luuoouuruuv
1118 351 1302 408 unaarum

986 639 1072 712 569.

302 748 520 841 Innocentius
542 780 567 843 Ι
571 779 600 842 V
612 800 703 863 papa
723 779 908 863 [Friperio]
929 778 1068 859 episeopo
1090 777 1285 863 [Perusino]
1305 776 1442 841 oonmdit
1465 775 1649 856 foetuum
1676 777 1866 842 absolverodi

200 880 374 944 Penesinos
389 901 410 943 a
425 882 582 945 sententia
605 881 940 959 excommunicationis,
963 903 1057 962 qnam
1080 881 1285 958 incurrerint,
1307 879 1391 961 qnod
1411 883 1530 944 statuto
1553 886 1663 944 contra
1685 880 1866 945 libertatem

199 984 438 1048 ecclesiasticam
461 984 616 1048 ediderint
638 990 666 1048 et
688 986 831 1050 eeclesias
853 990 882 1048 et
898 1005 1054 1066 personas
1076 984 1299 1049 ecclesiasticas
1321 985 1459 1049 civitatis
1480 989 1508 1049 ct
1530 985 1659 1050 diocesis
1681 984 1866 1049 Perusinae

199 1087 333 1151 collectis
355 1090 605 1169 appraoaoerint.
1279 1136 1281 1140 -
1498 1091 1592 1166 1248,
1614 1087 1699 1152 Mai.
1716 1091 1771 1154 26.

305 1205 369 1258 Ina.
382 1206 403 1258 I
406 1205 431 1258 V
446 1207 508 1274 Rea.
526 1207 580 1260 Vot.
594 1209 616 1271 I,
631 1216 679 1263 545
685 1227 693 1275 ,·
711 1208 772 1262 Lm.
791 1207 819 1274 V,
839 1215 893 1262 977.
930 1208 1085 1276 Eaanplar,
1109 1208 1181 1276 quod
1199 1209 1298 1277 Berper
1315 1207 1405 1276 edidit,
1424 1224 1484 1262 cum
1503 1207 1618 1277 aaran
1635 1209 1749 1263 contulit
1768 1208 1797 1262 V.
1819 1209 1864 1262 Gt.

205 1291 235 1345 0.
254 1291 285 1344 de
305 1290 397 1344 Fam.

306 1378 408 1446 Berper
424 1385 498 1433 4024.
882 1423 889 1438 ,
1196 1423 1204 1437 ,

749 1474 787 1490 ..
817 1444 1045 1514 episcopo
1072 1422 1322 1496 Clusrno⁸¹.

311 1568 393 1632 Oum
416 1568 553 1633 dilectos
576 1570 658 1634 filios
683 1572 770 1635 cives
794 1571 973 1636 Perusinos
998 1570 1039 1634 ob
1064 1571 1193 1635 sineere
1217 1568 1399 1634 devotionis
1421 1569 1597 1651 fervorem,
1619 1591 1717 1656 quem
1742 1571 1783 1636 ad
1803 1594 1865 1637 nos

203 1679 237 1736 et
264 1671 445 1736 Romanam
476 1674 648 1737 eeclesiam
679 1681 817 1739 matrem
846 1696 938 1739 suem
969 1674 1091 1738 habere
1124 1679 1313 1753 noscuntur,
1350 1674 1397 1737 sic
1433 1693 1587 1757 geramus
1615 1674 1649 1738 in
1677 1675 1865 1740 visceribus

204 1775 365 1855 caritatis,
397 1782 432 1839 ut
462 1776 643 1842 animarum
668 1801 800 1843 suarum
824 1781 963 1845 salutem
988 1780 1065 1842 totis
1087 1779 1206 1842 mentis
1230 1777 1402 1842 desideriis
1426 1776 1634 1858 affectemus,
1667 1778 1866 1843 absolvendi

204 1900 261 1943 eos
288 1881 381 1942 iuxta
408 1880 545 1942 formam
575 1883 713 1945 ecclesie
742 1883 784 1945 ab
817 1883 1160 1946 excommunicationis
1192 1881 1368 1961 sententia,
1400 1901 1497 1964 quam
1526 1901 1585 1966 pro
1614 1901 1653 1944 eo
1682 1881 1865 1946 incurrisse

205 1981 365 2063 dicuntur,
394 1985 481 2067 quod
510 1991 634 2048 statuta
664 1985 803 2069 quedam
834 1992 947 2048 contra
970 1985 1157 2050 libertatem
1181 1985 1438 2050 ecelesiasticam
1463 1982 1561 2048 edere
1585 2006 1623 2048 ac
1646 1985 1807 2049 ecclesias
1832 1991 1866 2049 et

204 2108 361 2172 personas
386 2089 627 2151 ecclesiasticas
652 2089 794 2152 civitatis
819 2096 853 2153 et
875 2089 1015 2152 diocesis
1031 2090 1191 2154 Perusina
1215 2108 1398 2172 aggravare
1423 2087 1569 2151 collectis
1586 2093 1619 2152 et
1636 2089 1865 2153 exactionibus

204 2197 487 2275 presumpserunt,
524 2199 657 2276 recepta
685 2194 775 2277 prius
805 2193 846 2257 ab
877 2193 956 2277 ipsis
987 2194 1162 2257 sufficienti
1193 2199 1227 2256 et
1260 2192 1379 2256 idonea
1414 2191 1582 2271 cautione,
1617 2191 1704 2276 quod
1740 2200 1865 2257 statuta

205 2293 321 2358 eadem
349 2301 540 2359 revocantes
569 2295 712 2373 omnino,
744 2296 785 2360 ab
813 2296 999 2360 huiusmodi
1028 2296 1176 2360 collectis
1205 2303 1238 2360 et
1269 2294 1499 2360 exactionibus
1527 2294 1568 2359 de
1597 2302 1707 2360 cetero
1731 2297 1863 2383 penitus

206 2399 450 2483 conquiescant,
474 2398 669 2462 auctoritate
693 2399 753 2463 tibi
775 2402 979 2486 presentium
1003 2400 1213 2465 concedimus
1237 2400 1438 2464 facultatem.

310 2519 386 2584 Dat.
409 2517 572 2602 Lugduni,
588 2517 655 2582 VH
678 2518 752 2583 Kal.
776 2520 871 2601 lunii,
896 2543 979 2585 anno
995 2521 1052 2588 V0.

834 2783 1191 2790 .—.—--———

991 3012 1077 3084 570.

313 3119 531 3211 Brotooentius
553 3149 611 3212 IV
625 3169 713 3229 papa
737 3151 849 3215 Iacobo
875 3152 912 3215 dc
940 3152 1067 3232 depello
1096 3152 1205 3216 clerico
1226 3151 1390 3238 [Nicolai]
1412 3151 1618 3235 patriarchae
1643 3150 1863 3217 Constantino-

202 3251 342 3331 politani
363 3250 511 3333 indulpct,
534 3256 569 3314 nt
589 3273 657 3315 cum
676 3254 885 3332 precisionem
904 3256 936 3318 iu
952 3256 1080 3319 ccclesia
1093 3256 1197 3319 sancti
1211 3254 1381 3317 Laurentii
1395 3255 1433 3318 de
1446 3254 1553 3334 Spolia
1562 3257 1695 3335 propter
1709 3255 1862 3319 malitiam

208 3357 353 3436 temporis
364 3356 490 3436 assequi
501 3375 564 3417 non
575 3357 723 3439 potnerit,
739 3358 824 3421 alius
839 3359 874 3420 in
889 3358 995 3423 cedern
1010 3360 1137 3424 ecclesia
1152 3358 1214 3422 sibi
1228 3377 1292 3422 non
1304 3357 1516 3438 praeferatur.
1564 3360 1657 3436 1248,
1673 3357 1758 3423 Mai.
1770 3361 1824 3425 26.

312 3477 375 3529 Iun.
389 3474 441 3527 IV
455 3474 519 3543 Rea.
539 3474 600 3528 Irib.
619 3475 665 3543 VI,
683 3477 704 3541 f.
720 3485 739 3543 7,
759 3494 786 3530 n.
800 3485 851 3530 177.
887 3478 1009 3545 Epistola
1026 3477 1096 3530 circa
1112 3480 1192 3543 {inan
1209 3476 1305 3529 nuruis
1322 3475 1391 3544 Sept.
1409 3476 1549 3545 reparata
1566 3481 1612 3531 ast.

312 3561 441 3628 Manat,
463 3561 525 3629 Ra.
540 3566 635 3623 raroa-
655 3563 754 3630 Remu
771 3570 845 3616 erro.

304 3742 471 3813 Iacobo
499 3742 553 3814 de
580 3741 771 3833 Aspello
800 3741 981 3814 elerico
1010 3745 1317 3816 venerabilis
1344 3743 1516 3816 fratris
1543 3745 1701 3818 nostri
1731 3799 1771 3817 ..

640 3863 900 3953 patriarche
927 3864 1434 3957 Constantinopolitani.

272 4048 277 4058 ·
319 4013 523 4077 Constitutus
546 4013 579 4076 in
603 4012 770 4097 prasentia
792 4017 907 4077 nostra
929 4013 1023 4076 nobis
1047 4014 1214 4079 humiliter
1237 4015 1440 4099 supplicasti,
1463 4019 1500 4079 nt
1523 4035 1597 4079 oum
1620 4013 1762 4093 litteras,
1786 4037 1865 4103 quas

211 4117 270 4182 tibi
299 4139 396 4202 super
423 4117 611 4201 provisione
641 4124 697 4180 tua
720 4117 752 4179 in
777 4117 920 4180 eeclesia
944 4119 1048 4182 saneti
1071 4118 1262 4182 Laurentiib
1286 4118 1326 4182 de
1351 4118 1482 4203 Spello²
1505 4118 1645 4184 diocesis
1668 4119 1868 4206 Spoletane⁸

211 4221 440 4299 concessimus,
464 4220 652 4304 nequiveris
676 4227 810 4305 propter
832 4221 990 4285 malitiam
1015 4223 1171 4307 temporis
1194 4227 1384 4308 presentare
1393 4222 1417 4301 ⁴,
1440 4242 1481 4286 ne
1504 4222 1633 4286 interim
1650 4224 1725 4287 aliis
1740 4246 1761 4288 a
1777 4224 1868 4289 nobis

212 4327 263 4390 vel
287 4325 403 4408 legatis
427 4325 606 4409 apostolice
630 4323 717 4388 sodis
741 4325 881 4390 similem
905 4327 1044 4411 gratiam
1068 4327 1101 4389 in
1126 4325 1242 4391 eadem
1266 4325 1410 4389 ecclesia
1432 4325 1683 4411 impetrantibus
1707 4327 1768 4392 tibi
1792 4351 1866 4414 pre-

211 4415 366 4492 iudieium
393 4428 543 4510 generari
575 4429 698 4507 valeat,
731 4429 904 4513 providero
935 4452 1035 4517 super
1061 4431 1123 4495 hoe
1146 4436 1285 4515 paterna
1308 4428 1526 4494 sollieitudine
1551 4451 1753 4497 curaremus.
1799 4431 1867 4496 Nos
1915 4456 1931 4490 :

212 4533 325 4616 igitur,
356 4531 420 4595 tuis
450 4533 745 4617 supplicationibus
770 4534 931 4613 inclinati,
965 4542 1001 4598 ut
1025 4534 1188 4613 omnibns,
1220 4534 1275 4619 qui
1298 4533 1331 4598 in
1355 4532 1469 4598 eadem
1493 4534 1637 4598 eeclesia
1657 4540 1734 4620 post
1757 4534 1867 4598 datam

211 4637 394 4700 litterarum
424 4641 552 4699 tuarum
582 4637 721 4701 similem
751 4638 890 4721 gratiam
921 4640 1153 4724 impetrarunt,
1185 4639 1217 4702 in
1247 4638 1453 4703 assecutione
1483 4637 1658 4721 preferaris
1690 4636 1869 4724 prebende,

213 4738 406 4803 auctoritate
431 4739 488 4803 tibi
513 4741 716 4826 presentium
739 4741 956 4826 indulgemus.
1002 4742 1092 4806 Nulli
1116 4762 1193 4827 ergo
1217 4748 1280 4806 ete.
1304 4748 1415 4805 nostre
1438 4741 1659 4806 concessionis
1683 4750 1746 4807 etc.

320 4863 398 4929 Dat.
421 4861 585 4946 Lugduni,
610 4860 675 4925 VII
697 4859 772 4924 Kal.
797 4861 894 4940 Iunii,
921 4859 1019 4948 [anno
1035 4859 1094 4948 ΥΟ]
1103 4873 1125 4926 ⁰.

316 5091 341 5157 Β)
354 5092 442 5142 Eidem
455 5090 500 5149 aa
518 5089 552 5155 cs.
565 5095 616 5139 not.
626 5091 647 5139 t.
736 5085 761 5152 b)
774 5089 851 5139 Laur.
866 5087 898 5138 a.
986 5089 1009 5152 o)
1020 5105 1089 5140 anuo
1100 5090 1146 5154 V⁰,
1164 5106 1229 5154 atras
1240 5089 1318 5140 cerba
1331 5089 1385 5138 airu
1398 5087 1474 5137 mma
1487 5086 1635 5152 supplenda
1646 5096 1715 5151 mast,
1732 5087 1825 5139 &aaut
1837 5088 1868 5138 R.

318 5213 344 5277 1)
364 5210 421 5263 Sub
445 5207 515 5261 Μαί.
535 5215 563 5260 11
586 5221 661 5273 papa
682 5205 903 5275 archipresbytero
925 5211 950 5259 et
971 5207 1088 5274 capiterio
1115 5206 1160 5275 [in
1185 5206 1296 5260 erendum
1321 5205 1429 5260 mum
1456 5205 1523 5258 clero
1546 5209 1570 5257 et
1593 5204 1707 5275 ψμιὶο]
1731 5205 1870 5259 minos

212 5299 410 5367 sipiritioamrat,
429 5312 456 5348 sc
470 5293 676 5361 postulationem
694 5291 728 5344 ab
740 5292 773 5344 iis
786 5292 817 5344 de
829 5293 943 5359 episcopo
957 5291 1069 5345 Clusino
1077 5293 1178 5358 srwtum
1190 5292 1328 5345 admittere
1338 5291 1501 5358 ercndmsquc
1512 5288 1550 5343 ud
1561 5290 1696 5343 aarum
1709 5291 1870 5344 Pessinous

213 5384 371 5450 transferra-
388 5386 411 5434 et
429 5381 478 5434 aab
495 5379 583 5434 mrtem
599 5379 643 5433 die
659 5379 806 5447 episcopam
820 5379 965 5432 Clusinum
982 5378 1014 5432 dc
1030 5396 1061 5432 ea
1078 5396 1107 5433 re
1123 5381 1258 5433 certiorem
1273 5381 1367 5445 fecerat
1385 5393 1496 5446 comptu
1513 5394 1532 5429 a
1549 5376 1664 5444 simulo,
1681 5392 1735 5445 pso
1752 5376 1870 5431 sarm

215 5470 345 5524 Cinarae
362 5473 494 5522 teneretur
511 5466 660 5532 adstrictus,
684 5467 843 5529 obediero&
868 5465 963 5533 Berpcr
980 5472 1048 5519 4022
1064 5472 1089 5519 ct
1107 5472 1182 5521 4023.
1218 5465 1292 5520 uma
1308 5465 1375 5519 linio
1388 5464 1510 5532 mutabo
1526 5463 1633 5520 rabum
1649 5462 1766 5519 ‘moon’
1782 5463 1870 5517 m

213 5561 279 5609 recte
295 5554 503 5623 superscriptum
520 5553 630 5620 ridetur,
646 5570 707 5607 eccm
725 5553 850 5621 ‘episcopo
864 5552 1007 5606 Perusino’
1019 5553 1068 5621 topi
1085 5553 1182 5607 detnat.
1271 5555 1298 5613 2)
1319 5553 1368 5607 Ex
1379 5559 1444 5622 sept.
1456 5553 1504 5608 cio.
1518 5550 1644 5624 Fauna
1727 5548 1868 5623 illim!

213 5640 290 5697 tuda
307 5640 344 5695 aa
361 5639 482 5699 uocatu
500 5640 729 5715 autumnum
748 5640 868 5716 mama
955 5640 982 5708 4)
1002 5639 1042 5709 cr.
1055 5656 1086 5722 p.
1099 5646 1153 5719 err,
1171 5646 1255 5696 aas
1272 5647 1297 5696 u
1312 5656 1342 5727 p.
1355 5645 1411 5709 reo,
1427 5644 1481 5695 uu
1495 5645 1520 5703 e.
