4328 6232
197 316 262 378 470
762 309 812 365 Ex
830 309 1051 366 INNOCIIN'I'II
1069 307 1108 363 IV
1125 308 1308 366 ascenso

199 491 440 571 competentem
473 485 645 564 exhibeat,
677 491 714 549 ut
744 490 884 550 tenetur.
930 483 983 548 Ad
1013 484 1075 548 hec
1097 485 1247 549 volumus
1275 493 1308 550 et
1337 486 1397 551 tibi
1429 488 1625 554 auctoritate
1656 488 1862 574 presentium

198 589 346 656 districte
376 591 595 675 iniungimus,
626 595 663 652 ut
693 593 808 653 contra
835 588 941 673 ipsum
970 586 1087 651 ducem
1111 595 1266 672 tanquam
1290 590 1450 654 adversus
1474 590 1615 655 ecclesie
1638 590 1862 656 adversarium

200 695 411 759 manifestum
426 693 459 758 in
476 692 570 757 dictis
587 691 720 757 civitate
744 711 782 756 ac
806 690 928 756 diocesi
951 691 1088 756 verbum
1112 692 1218 755 crucis
1241 692 1395 777 predices
1418 701 1452 757 et
1473 693 1576 758 iacias
1591 693 1765 779 predicari,
1790 715 1863 758 eam

198 797 280 878 illis,
315 798 370 883 qui
398 797 504 861 crucis
536 800 705 881 assumpto
735 794 904 880 signaculo
936 795 1157 880 processerint
1188 802 1302 860 contra
1329 817 1403 861 eum
1434 797 1467 861 in
1496 796 1685 862 huiusmodi
1715 798 1865 882 nequitia

200 901 450 988 persistentem,
490 920 622 965 suorum
658 902 871 984 peccatorum
902 898 1030 961 reniam
1060 895 1288 977 concedendo,
1325 920 1389 983 que
1419 900 1663 965 transeuntibus
1696 901 1729 965 in
1761 901 1864 965 Terre

203 1005 324 1069 Sancte
348 1003 530 1069 subsidium
553 1004 586 1068 in
610 1001 757 1088 generali
782 1001 920 1066 concilio
943 1007 996 1065 est
1020 1021 1189 1067 concessa.

311 1126 388 1192 Dat.
412 1124 574 1210 Lugduni,
592 1123 676 1187 VIII
699 1123 748 1188 Id.
772 1122 957 1204 Februarii,
981 1142 1066 1187 anno
1084 1121 1157 1188 VI⁰.

830 1385 1241 1396 ----..

992 1647 1080 1721 656.

310 1764 528 1857 Innocentius
556 1788 613 1853 IV
632 1810 723 1871 papo
755 1789 921 1874 [Alberto]
954 1787 1183 1870 archiepiscopo
1215 1787 1380 1867 Pmeseicc,
1419 1789 1607 1872 apostolieae
1639 1791 1725 1855 sedis
1758 1791 1870 1874 legato,

206 1895 352 1974 maudut,
385 1900 421 1959 ut
449 1894 589 1979 fratrem
621 1893 796 1958 Hcsm'mm
830 1893 867 1956 de
899 1891 1075 1958 Stritlserclt
1107 1891 1294 1958 sacerdotem
1327 1892 1451 1957 ordinis
1482 1891 1721 1958 Teutomieorum
1755 1894 1873 1960 diocesi

212 1999 374 2067 Warmiuc
395 1998 443 2062 oct
464 1997 564 2062 alicui
584 1997 645 2061 alii
666 1996 780 2061 diocesi
803 1994 955 2061 Proiectae
977 1995 1105 2060 vacanti
1120 1996 1291 2080 praeficiat
1313 1997 1348 2060 in
1366 1999 1542 2077 pastorem,
1571 1997 1653 2062 etsi
1679 1998 1710 2062 ei
1739 1998 1869 2062 interim

207 2102 333 2184 aliquid
353 2102 537 2166 humanitus
559 2100 703 2177 evenerit,
726 2099 808 2164 silem
828 2099 930 2180 faeiat
951 2099 989 2164 de
1011 2100 1076 2165 olio
1094 2099 1211 2185 fratre,
1234 2100 1290 2182 qm'
1309 2099 1416 2164 ordini
1437 2100 1480 2164 sit
1501 2104 1653 2181 acceptus.

1498 2207 1592 2284 1249,
1613 2205 1711 2271 Febr.
1728 2209 1781 2272 11.

311 2327 375 2380 Imm
388 2325 438 2379 IV
453 2326 516 2395 Rep.
530 2325 589 2380 Iob.
602 2324 650 2393 VI,
666 2324 687 2391 f.
702 2330 742 2393 26,
760 2341 788 2378 n.
800 2330 858 2379 348.
887 2324 1037 2392 Exemplar
1050 2324 1169 2392 Balreeii,
1183 2324 1262 2378 Mine.
1275 2328 1292 2377 t.
1310 2322 1375 2391 m
1390 2339 1418 2391 p.
1431 2331 1481 2379 468
1496 2325 1658 2380 contulimus
1669 2341 1731 2380 cum
1746 2325 1873 2394 Repertis.

312 2412 440 2481 Pompe,
462 2411 525 2480 Rep.
540 2417 630 2477 13213,¹
648 2411 746 2480 Beryto·
761 2417 838 2466 4340.

428 2663 467 2681 ..
495 2607 838 2701 archiepiscopo
865 2608 1070 2698 Pruseie,
1096 2609 1323 2701 Lyroniea
1350 2613 1393 2681 et
1419 2608 1653 2698 Eustouie,

742 2728 994 2822 apostolice
1022 2729 1143 2803 sedis
1167 2730 1330 2822 legato,

319 2878 461 2944 Dedisse
485 2878 544 2943 tibi
568 2877 706 2944 dicimur
728 2880 850 2944 nostris
873 2880 992 2945 litteris
1014 2880 1047 2944 in
1069 2878 1243 2958 mandatis,
1266 2883 1303 2943 ut
1327 2878 1471 2964 aliquem
1495 2899 1537 2942 ex
1559 2878 1719 2945 iratribus
1743 2882 1874 2947 clericis

211 2984 383 3072 hospitalis
413 2990 525 3048 sancte
555 2983 658 3049 Marie
687 2985 984 3061 Thentoniccrum,
1020 2985 1076 3069 qui
1106 2983 1284 3070 pontificali
1321 2991 1519 3068 congrueret
1551 2983 1643 3047 oneri
1678 2990 1712 3049 et
1746 2984 1875 3064 honori,

213 3094 365 3154 cessante
389 3088 546 3173 cuiusque
570 3087 734 3153 dilationis
759 3094 792 3153 et
813 3086 1017 3152 difficultatis
1045 3087 1228 3163 obstaculo,
1258 3088 1315 3152 uni
1339 3087 1464 3152 diocesi
1485 3087 1638 3168 Pruseie,
1668 3108 1742 3151 cum
1773 3110 1876 3176 super

212 3193 274 3258 hoo
297 3213 317 3256 a
339 3189 471 3255 dilectis
494 3191 569 3255 tiliis
594 3191 750 3257 tratribus
773 3191 852 3256 dicti
875 3189 1047 3277 hospitalis
1071 3190 1257 3255 constitutis
1280 3190 1404 3256 ibidem
1427 3191 1604 3275 requisitus
1627 3193 1810 3269 existeres,
1840 3194 1874 3256 in

214 3294 426 3383 spiscopumb
455 3295 614 3381 preficere
642 3316 852 3380 procurares,
884 3303 918 3360 et
946 3295 1116 3361 accersitis
1146 3293 1272 3359 duobus
1302 3295 1356 3359 vel
1386 3294 1491 3358 tribus
1520 3295 1676 3361 iratribus
1701 3297 1733 3361 ei
1755 3318 1878 3373 munus

214 3399 469 3464 consecrationis
492 3397 696 3484 impendens,
726 3399 788 3464 sibi
811 3421 831 3464 a
855 3398 992 3464 subditis
1016 3399 1145 3464 faceres
1168 3397 1389 3463 obedientiam
1413 3405 1447 3462 et
1468 3399 1687 3465 reverentiam
1713 3400 1879 3477 exbiberi,

215 3501 472 3568 contradictores
495 3508 558 3569 eto.
604 3500 686 3566 Cum
716 3508 826 3567 autem
854 3502 978 3567 nullum
1007 3502 1114 3567 adhuc
1142 3501 1184 3568 de
1213 3502 1400 3567 huiusmodi
1422 3503 1528 3588 gratio
1549 3502 1680 3568 dicatur
1702 3505 1878 3570 comodum

215 3607 416 3694 provenisse,
441 3627 511 3685 nos,
534 3607 686 3673 volentes
711 3605 797 3692 quod
820 3607 892 3692 ipsa
916 3606 963 3670 eis
986 3605 1155 3670 fructuosa
1177 3604 1344 3685 reddatur,
1367 3605 1565 3671 fraternitati
1587 3612 1644 3672 tue
1666 3629 1727 3693 per
1742 3614 1879 3694 aposto·

215 3710 279 3774 lice
308 3710 427 3795 scripta
454 3711 486 3774 in
515 3711 636 3774 virtute
666 3709 854 3774 obedientie
882 3708 1030 3773 districte
1060 3707 1272 3794 precipiendo
1300 3707 1510 3789 mandamus,
1539 3710 1691 3794 quatinus
1719 3710 1878 3776 dilectum

217 3814 319 3878 tilium
343 3813 475 3877 tratrem
493 3812 676 3878 Henricum
700 3812 739 3876 de
758 3811 961 3876 Strithereh⁰
985 3812 1188 3878 sacerdotem
1214 3812 1317 3898 ipsius
1341 3811 1473 3893 ordinis,
1496 3813 1599 3877 virum
1622 3815 1737 3900 utique
1761 3815 1878 3879 lauda·

218 3916 293 3981 bilis
317 3916 575 3979 conversationis
599 3921 633 3980 et
656 3915 723 3979 vite
747 3936 785 3978 ac
808 3916 901 3980 nobis
925 3920 958 3978 et
990 3916 1131 3980 ecclesie
1154 3915 1303 3980 Romane
1331 3914 1502 3995 devotum,
1533 3917 1588 3982 uni
1619 3939 1662 3982 ex
1689 3917 1881 3984 diocesibus

219 4019 423 4099 memoratis,
456 4019 581 4084 scilieet
602 4017 751 4082 Warmie
779 4025 836 4083 aut
863 4018 961 4083 alicui
989 4018 1059 4098 elii,
1090 4019 1184 4103 siqna
1211 4017 1332 4082 ibidem
1357 4026 1453 4084 vacat
1482 4019 1522 4083 ad
1545 4039 1680 4106 presens
1704 4022 1757 4087 rel
1782 4042 1881 4107 qnam

220 4122 284 4187 cito
300 4142 422 4187 vacare
444 4123 629 4208 contigerit,
652 4129 802 4210 prompto
826 4123 947 4188 affectu
971 4123 1121 4209 preficias
1143 4124 1175 4187 in
1200 4130 1365 4209 pastorem
1380 4126 1401 4188 ¹.
1439 4123 1483 4188 Et
1507 4124 1533 4188 si
1556 4124 1642 4189 forte
1666 4123 1709 4188 dc
1732 4125 1883 4212 predicto

219 4226 322 4289 fratre
345 4223 467 4310 aliquid
490 4226 622 4291 interim
645 4226 835 4291 humanitus
859 4226 1021 4306 eveniret,
1052 4225 1085 4289 id
1108 4226 1213 4311 ipsum
1242 4225 1346 4291 facias
1375 4225 1416 4291 de
1445 4226 1507 4292 elio
1535 4227 1636 4293 tratre
1660 4227 1796 4311 idoneo,
1828 4228 1882 4315 qui

222 4326 346 4394 eisdem
368 4328 524 4394 fratribus
548 4330 590 4394 sit
613 4335 784 4415 acceptum
808 4335 1000 4416 preceptum
1024 4336 1170 4394 nostrum
1193 4331 1303 4394 taliter
1326 4330 1528 4416 impleturus,
1552 4337 1589 4395 ut
1610 4331 1712 4416 digne
1727 4333 1884 4398 laudibus

222 4436 256 4497 et
278 4432 398 4496 sororis
421 4437 599 4516 augmento
622 4437 758 4519 propter
779 4432 840 4497 hoc
864 4432 950 4520 apud
974 4455 1034 4498 nos
1059 4439 1115 4497 tua
1139 4433 1309 4498 sinceritas
1333 4433 1505 4499 habeatur.
1550 4434 1707 4520 Alioquin
1731 4456 1776 4501 ex
1799 4458 1885 4501 nunc

223 4534 438 4601 decernentes
468 4536 595 4600 irritum
625 4541 659 4600 et
684 4537 799 4614 inane,
830 4536 936 4620 siquid
964 4538 997 4601 in
1026 4537 1087 4601 hac
1115 4544 1209 4622 parte
1233 4542 1347 4602 contra
1370 4537 1614 4624 beneplacitum
1637 4546 1784 4605 nostrum
1808 4561 1885 4606 con-

223 4639 337 4724 tigerit
370 4639 574 4725 attemptari,
608 4640 792 4705 venerabili
826 4640 917 4704 fratri
949 4647 1060 4705 nostro
1090 4689 1128 4706 ..
1157 4640 1404 4727 archiepiscopo
1440 4640 1628 4707 Coloniensi
1664 4664 1726 4729 per
1758 4646 1886 4710 litteras

225 4748 355 4807 nostras
384 4742 598 4827 iniungimus,
628 4749 664 4807 ut
693 4764 792 4831 super
819 4743 881 4807 hoc
909 4743 1001 4808 iuxta
1031 4744 1168 4809 formam
1192 4744 1252 4809 tibi
1275 4744 1427 4810 traditam
1453 4745 1643 4811 mandatum
1665 4749 1886 4834 apostolicum

226 4851 425 4932 exequatur;
449 4844 705 4912 contradictores
728 4853 792 4914 etc.

332 4966 410 5031 Dat.
432 4965 597 5051 Lugduni,
622 4965 673 5030 III
696 4965 744 5032 Id.
769 4967 953 5052 Februarii,
977 4970 1153 5036 annoV10.

331 5195 355 5259 ⁸)
374 5197 468 5263 Lyvon
486 5196 514 5247 in
531 5196 660 5262 margine·
677 5197 806 5263 Lysoneit
824 5199 852 5249 in
869 5199 956 5250 metro.
1054 5197 1079 5263 b)
1099 5206 1159 5281 epm
1177 5199 1203 5249 in
1223 5197 1255 5248 Ii.
1274 5198 1406 5264 repetitum
1425 5207 1449 5248 et
1462 5198 1566 5264 paractis
1583 5199 1703 5250 deletum.
1802 5200 1825 5266 ο)
1845 5202 1889 5253 liu.

227 5284 255 5335 tlr
275 5283 359 5333 minere
377 5283 479 5343 clarae·
497 5282 529 5334 B.
548 5282 615 5333 idem
634 5282 699 5348 legit.

334 5419 360 5485 1)
379 5418 440 5472 Hoc
456 5417 564 5471 imes'm
578 5419 681 5484 semum
697 5419 753 5472 tam
770 5423 840 5484 erat,·
863 5437 928 5474 nom
948 5419 1160 5489 omtiqimopsm
1180 5419 1213 5472 im
1233 5418 1327 5472 elmrto
1344 5437 1370 5473 a.
1387 5425 1457 5487 1249,
1478 5419 1539 5472 lan.
1554 5429 1586 5474 10
1601 5421 1700 5490 mepta
1717 5426 1831 5476 testetur
1846 5429 1890 5489 rm,

229 5505 390 5573 quibusdum
413 5502 604 5573 mediantibus,
628 5505 697 5559 inter
717 5522 784 5574 quos
803 5507 949 5562 ‘Henricas
966 5507 1141 5562 Wumniemie
1157 5505 1299 5574 episcopus
1319 5506 1460 5574 reperitur,
1480 5522 1575 5575 pacem
1596 5507 1667 5562 inter
1687 5525 1716 5562 se
1731 5515 1756 5563 et
1774 5510 1891 5565 ordines·

235 5590 438 5646 Ymemsicmmm
454 5591 628 5660 reformatum
643 5606 711 5658 esee·
731 5591 870 5663 Perlbucts,
888 5593 994 5651 Reuss.
1014 5593 1077 5665 Imp.
1095 5609 1123 5648 a.
1135 5598 1192 5650 tto.
