4328 6232
200 331 262 395 386
753 327 802 381 EX
823 327 1041 383 INNOOENTII
1059 326 1098 381 IV
1116 325 1298 383 emiseno

199 501 304 566 crucis
334 502 580 586 crucesignatos
610 501 796 566 huiusmodi
826 508 859 565 et
888 500 1069 566 concedens
1098 501 1145 565 eis
1176 501 1250 565 illas
1279 521 1413 563 suorum
1436 498 1565 563 veniam
1587 502 1800 583 peccatorum
1823 500 1856 559 et

199 605 453 690 indulgentiam,
485 626 547 690 que
577 606 824 670 transeuntibus
855 607 888 668 in
910 605 1012 670 Terre
1038 605 1159 670 Sancte
1188 603 1367 668 subsidium
1393 604 1425 666 in
1448 602 1596 687 generali
1620 600 1757 665 coneilio
1781 605 1856 662 sunt

200 730 371 784 concesse;
404 708 660 773 contradictores
684 717 763 786 etc,
793 746 834 755 -
857 730 923 772 non
952 708 1104 772 obstante
1133 707 1355 792 indulgentia,
1385 707 1413 770 si
1444 727 1509 792 qua
1537 712 1589 770 est
1621 703 1786 789 aliquibus
1815 701 1857 765 ab

199 812 379 897 apostolica
413 811 493 877 sede
528 834 697 891 concessa,
732 819 767 876 ut
802 812 952 877 interdici
985 812 1038 877 vel
1072 812 1347 883 excommunicari
1383 832 1447 875 non
1480 810 1606 896 possint
1635 831 1696 896 per
1727 808 1857 872 litteras

199 915 414 1000 apostolicas,
447 936 511 1000 que
542 915 583 980 de
613 916 685 1000 ipsa
713 914 917 998 indulgentia
946 935 1136 1000 expressam
1165 934 1230 977 non
1253 915 1392 979 fecerint
1414 914 1631 993 mentionem,
1664 932 1724 976 seu
1748 910 1859 996 aliqua

199 1019 274 1099 alia,
298 1017 338 1082 de
362 1019 481 1102 quain
504 1019 622 1082 litteris
646 1019 765 1082 nostris
789 1019 911 1082 mentio
936 1018 1006 1082 fieri
1028 1017 1148 1082 debeat
1172 1017 1336 1101 specialis.
1624 1004 1626 1009 ’

306 1137 385 1203 Dat.
406 1145 443 1203 ut
467 1159 574 1225 supra.

987 1498 1079 1600 ers

307 1637 527 1729 Innocmuies
553 1667 609 1730 IV
630 1688 720 1750 popu
748 1668 908 1746 praefecto
942 1667 1051 1746 Urbis,
1086 1668 1181 1731 Petro
1213 1666 1393 1752 Bonifatii,
1423 1665 1570 1729 Anactori
1597 1664 1668 1744 filio
1700 1663 1862 1744 querulam

206 1770 368 1835 (lebrietis
397 1769 433 1832 de
462 1769 639 1855 Praefectis
667 1777 696 1834 ct
721 1771 798 1834 aliis
820 1770 1039 1849 Prcct'cctanr's
1060 1773 1169 1835 scr-ibit
1191 1791 1223 1835 sc
1244 1770 1428 1847 decrevisse,
1455 1775 1491 1832 ut
1516 1766 1656 1830 homines
1678 1765 1716 1829 dc
1738 1765 1813 1829 Vico
1834 1770 1862 1828 ct

202 1873 239 1935 cle
273 1872 379 1936 Btedc
411 1878 440 1936 et
469 1873 546 1936 aliis
580 1875 688 1950 terrie,
722 1895 828 1937 eorem
854 1874 1001 1950 vassalli,
1031 1877 1087 1956 qai
1114 1896 1146 1938 sc
1175 1879 1203 1938 ct
1230 1880 1337 1940 eastra
1364 1874 1470 1937 erden
1497 1871 1672 1952 capitaneis
1700 1869 1862 1935 Friderici

204 1976 362 2057 quondam
384 1977 584 2056 ‘imperatoris
602 1979 775 2058 proditorie
798 1977 1023 2055 extribuisscnt,
1046 1979 1091 2041 nd
1109 1980 1248 2059 pretinm
1271 1979 1415 2042 ecclcsiae
1436 1995 1501 2039 non
1523 1974 1776 2050 cdreittercntar,
1798 1971 1864 2035 nisi

202 2080 345 2159 plenarie
373 2080 617 2164 satisfecisscrit;
642 2082 788 2158 recredet,
817 2087 852 2144 ut
879 2082 928 2144 liis
956 2086 984 2144 et
1012 2082 1089 2146 aliis
1117 2083 1285 2147 rebellibus
1311 2082 1456 2146 ccclesiae
1476 2079 1614 2143 viriliter
1635 2077 1799 2141 resistent.
1822 2115 1862 2123 —

203 2181 320 2245 Iisdem
349 2184 429 2246 idem
451 2182 523 2267 fere
550 2185 658 2247 scribit
684 2184 721 2248 dc
751 2184 936 2265 quibusdum
966 2186 1043 2249 otiis
1070 2185 1251 2267 infidelibus
1273 2184 1467 2248 Patrimonii
1495 2183 1531 2244 in
1563 2181 1696 2258 Tuscia,
1730 2180 1787 2260 qui
1818 2179 1862 2243 cis

202 2286 317 2367 previa
338 2286 456 2349 ἀαηιηα
480 2287 697 2368 irrogaverint.
1500 2287 1594 2358 1248,
1617 2285 1699 2365 Apr.
1722 2288 1776 2349 30.

306 2406 370 2458 Irin.
390 2406 438 2459 IV
448 2406 511 2475 Req.
530 2407 584 2460 Vol.
604 2408 629 2474 1,
649 2414 716 2469 52&
735 2407 796 2461 [ab.
816 2409 846 2475 V,
867 2416 916 2463 801
935 2414 960 2462 et
979 2416 1038 2462 802.
1076 2408 1175 2461 Pcrttii
1198 2408 1332 2476 exceptor
1352 2406 1472 2474 medelae
1492 2403 1597 2473 rmum
1619 2404 1781 2458 cordrdimas
1803 2419 1862 2457 mus

207 2490 335 2559 Theirscr,
356 2491 416 2546 Coc.
435 2492 497 2560 ἀέρι
515 2492 582 2547 (torri.
601 2498 675 2561 imp.
693 2510 714 2547 s.
732 2493 800 2547 sedis
817 2500 835 2548 t.
855 2495 922 2561 1,p.
943 2501 1001 2562 126,
1020 2512 1047 2548 a.
1067 2500 1124 2548 233.

309 2578 440 2646 Pottlvast,
461 2579 523 2648 Rep.
543 2587 633 2647 12916;
651 2580 754 2649 Bmper
771 2587 836 2635 3849
854 2587 877 2634 et
895 2588 968 2635 3850.

1023 2736 1050 2798 Ι.

390 2861 629 2935 Nobilibus
656 2863 762 2934 viris
791 2920 799 2934 .
830 2920 838 2934 .
868 2864 1068 2953 prefecto
1096 2862 1245 2948 UrbiS,
1274 2862 1414 2933 Petro
1443 2861 1683 2948 Bonifatii,

310 2981 510 3055 Amatori
543 2983 664 3055 filio⁸
690 2986 914 3075 quondam
952 2982 1185 3055 Gabrielis
1222 2985 1275 3054 de
1309 2982 1535 3055 Proiectis
1571 2981 1764 3053 dominis

653 3105 706 3177 de
734 3105 839 3176 Vico
868 3110 912 3177 et
939 3103 1054 3177 aliis
1081 3103 1407 3176 Prelectanis¹.

315 3254 399 3328 Quia
430 3252 546 3338 cuique
577 3275 636 3338 pro
667 3254 790 3318 meritis
823 3252 1038 3316 retributione
1073 3253 1226 3317 convenit
1260 3274 1406 3337 congrua
1439 3252 1647 3339 responderi,
1684 3251 1800 3318 fideles
1833 3259 1865 3317 et

207 3354 344 3421 devotos
369 3358 520 3436 ecclesie,
550 3357 690 3421 maxime
714 3379 795 3442 quos
819 3358 983 3442 presentis
1008 3357 1162 3442 temporis
1187 3356 1389 3420 examinavit
1416 3357 1610 3435 necessitas,
1640 3355 1750 3441 dignis
1773 3355 1866 3421 decet

208 3462 410 3525 remunerari
440 3461 572 3546 premiis
603 3466 636 3525 et
664 3460 844 3525 infidelium
872 3483 909 3524 ac
935 3460 1161 3524 indevotorum
1185 3461 1439 3524 inconstantiam
1460 3482 1547 3545 pena
1566 3459 1678 3525 debita
1701 3461 1864 3546 castigari,

207 3570 243 3626 ut
260 3569 293 3627 et
308 3565 437 3627 illorum
454 3565 675 3628 remuneratio
691 3563 825 3627 inducat
841 3564 923 3627 alios
941 3564 981 3627 ad
999 3565 1103 3649 ipsius
1128 3565 1267 3628 ecclesie
1291 3564 1485 3627 famulatum
1509 3570 1543 3628 et
1567 3565 1704 3628 istorum
1723 3565 1864 3628 vindicta

208 3668 327 3731 ceteris
357 3688 473 3730 ausum
501 3666 653 3732 cohibeat
675 3666 897 3751 delinquendi.
942 3668 1029 3731 Hinc
1058 3674 1124 3744 est,
1157 3667 1243 3752 quod
1267 3690 1341 3731 curn
1364 3666 1515 3732 homines
1539 3667 1579 3732 de
1595 3669 1679 3734 Vico
1704 3676 1739 3734 et
1763 3668 1863 3732 Bleda

208 3791 247 3834 ac
272 3771 345 3834 aliis
368 3771 464 3834 terris
487 3771 618 3849 vestris,
641 3771 776 3834 vassalli
798 3773 910 3851 vestri,
934 3772 1092 3836 fidelitate
1116 3793 1180 3857 qua
1195 3772 1290 3836 vobis
1311 3778 1466 3836 tenentur
1481 3772 1607 3835 astricti
1624 3772 1753 3849 relicta,
1776 3771 1865 3836 vobis

208 3874 242 3936 in
271 3873 446 3937 devotione
481 3874 623 3937 ecclesie
657 3873 924 3959 persistentibus,
961 3883 1128 3960 tamquam
1163 3876 1348 3960 proditores
1383 3897 1419 3940 se
1456 3881 1489 3939 ct
1522 3882 1632 3939 castra
1665 3883 1778 3940 vestra
1811 3875 1865 3940 ubi

208 3976 420 4040 morabantur
447 3977 627 4061 capitaneis
655 3977 691 4040 F.
716 3976 879 4062 quondam
908 3978 1131 4043 Romanorum
1166 3980 1374 4065 imperatoris
1405 3978 1564 4043 exhibere
1594 3981 1865 4066 presumpserint,

209 4080 440 4144 nichilominus
463 4082 497 4143 in
520 4080 593 4143 aliis
616 4081 742 4160 castris,
771 4083 924 4145 vassallis
948 4090 981 4147 et
1004 4083 1099 4147 bonis
1124 4082 1266 4170 dampna
1289 4085 1402 4169 gravia
1426 4084 1629 4168 irrogantes:
1663 4104 1735 4159 nos,
1765 4083 1866 4149 neda

209 4184 309 4248 illatis
332 4185 438 4249 taliter
460 4184 552 4248 vobis
576 4185 710 4250 offensis
733 4186 960 4271 relinquantur
982 4188 1141 4272 impunes,
1166 4188 1367 4273 presentium
1384 4187 1580 4250 auctoritate
1597 4187 1808 4273 precipimus,
1831 4191 1866 4248 ut

210 4290 319 4351 omnia
345 4287 532 4352 huiusmodi
562 4288 703 4374 dampna
732 4291 778 4353 sic
808 4290 899 4353 vobis
925 4312 945 4352 a
973 4291 1128 4375 predictis
1157 4291 1308 4355 vassallis
1338 4291 1391 4353 vel
1419 4289 1591 4352 occasione
1614 4288 1745 4353 illorum
1768 4290 1868 4367 illata,

210 4398 329 4478 etque
354 4392 521 4478 deinceps,
551 4392 704 4478 quamdiu
729 4394 761 4455 in
786 4392 973 4456 huiusmodi
997 4394 1189 4457 infidelitate
1214 4393 1429 4478 perstiterint,
1455 4392 1567 4456 inferri
1592 4392 1782 4478 contigerit,
1810 4412 1869 4455 nec

210 4518 275 4561 non
300 4503 333 4560 et
356 4497 468 4561 ablata
492 4498 601 4560 emnia
624 4495 716 4560 vobis
739 4496 780 4559 ab
805 4497 886 4580 ipsis
911 4498 1061 4560 vassallis
1085 4504 1119 4561 et
1133 4499 1259 4560 fructus
1276 4519 1314 4560 ae
1332 4504 1509 4582 proventus
1526 4497 1672 4583 ipsorum
1689 4503 1869 4560 castrorum

210 4600 319 4663 taliter
353 4599 582 4663 ammissorum
617 4600 708 4662 vobis
744 4600 871 4684 integre
906 4607 1142 4678 restaurentur,
1176 4605 1351 4684 antequam
1387 4601 1535 4684 plenarie
1571 4598 1797 4664 satisfecerint
1830 4597 1870 4661 de

210 4703 379 4787 premissis
411 4701 450 4766 ad
482 4702 620 4786 gratiam
652 4702 792 4765 ecclesie
824 4703 1008 4766 nullatenus
1041 4702 1261 4766 admittendis.
1308 4702 1351 4765 Et
1375 4703 1452 4786 quia
1474 4701 1570 4766 iidem
1595 4703 1731 4766 vassalli
1754 4723 1814 4765 vos
1837 4709 1870 4766 et

210 4806 293 4869 alios
317 4807 455 4870 ecclesie
479 4806 595 4870 fideles
618 4806 810 4890 impugnare
835 4829 873 4869 ac
902 4805 1069 4871 offendere
1099 4829 1162 4869 non
1195 4807 1373 4882 desistunt,
1406 4804 1521 4869 cadem
1550 4805 1645 4869 vobis
1677 4808 1871 4870 auctoritate

210 4910 431 4989 concedimus,
456 4915 491 4973 ut
514 4909 554 4973 de
579 4909 713 4973 offensis
738 4911 837 4973 illatis
861 4909 1040 4974 rebellibus
1063 4918 1097 4974 et
1119 4911 1192 4974 aliis
1213 4912 1354 4976 ecclesie
1372 4910 1511 4975 inimicis
1527 4933 1566 4974 ac
1583 4911 1682 4974 etiarn
1699 4909 1741 4975 de
1762 4919 1872 4975 cetero

211 5013 303 5077 vobis
327 5013 506 5079 inferendis
530 5013 703 5077 occasione
728 5013 915 5077 huiusmodi
938 5035 1003 5077 non
1027 5016 1163 5100 possitis
1187 5016 1229 5079 ab
1253 5017 1362 5100 aliquo
1387 5014 1567 5089 conveniri;
1597 5012 1638 5078 de
1669 5014 1789 5101 quibus
1813 5034 1871 5077 vos

212 5117 366 5182 duximus
390 5116 618 5182 absolvendos.
653 5117 856 5202 Precipimus
874 5119 1016 5202 insuper,
1040 5121 1182 5183 utnulla
1206 5120 1387 5183 comunitas
1411 5118 1553 5182 civitatis
1577 5118 1631 5182 vel
1656 5119 1766 5195 castri,
1790 5117 1870 5181 baro

210 5225 263 5287 vel
288 5224 352 5287 alia
379 5243 520 5308 persona
547 5221 635 5306 ipsos
663 5222 824 5285 vassallos
856 5228 982 5285 vestros
1010 5244 1048 5285 ac
1079 5224 1165 5287 bona
1193 5244 1322 5298 eorum,
1353 5223 1407 5306 qui
1436 5223 1469 5285 in
1497 5243 1569 5298 vos,
1601 5220 1751 5285 dominos
1782 5241 1869 5300 suos,

315 5484 340 5548 ὓ)
357 5485 410 5535 lilio
428 5485 496 5536 deest
514 5483 547 5535 B.
565 5492 589 5535 et
612 5482 639 5533 T.

317 5621 342 5688 l)
362 5619 402 5687 Of.
421 5637 449 5675 n.
464 5626 515 5678 334
532 5624 555 5674 d
571 5625 628 5677 628.
