4328 6232
260 367 302 435 62
820 357 867 420 lex
886 357 1104 420 Innocuam
1123 361 1161 419 [V
1180 355 1360 418 REGIS'I'RO

260 544 387 609 faciatis
418 543 525 609 eidem
561 542 668 607 electo
696 563 716 606 a
742 542 811 606 suis
842 539 980 606 subditis
1011 539 1232 604 obedientiam
1263 546 1297 602 et
1329 538 1548 604 reverentiam
1578 532 1724 602 debitam
1755 530 1918 607 exbiberi,

259 648 424 733 recepturi
455 646 497 711 ab
527 669 566 711 eo
596 644 806 731 postmodum
836 650 947 709 nostro
971 652 1004 707 et
1027 644 1166 708 ecclesie
1190 642 1340 707 Romane
1364 642 1495 706 nomine
1518 639 1684 705 fidelitatis
1708 637 1807 703 solite
1831 636 1919 700 iura·

260 757 417 830 mentum,
442 750 502 814 sub
526 749 630 813 forma
653 769 751 834 quarn
775 747 867 813 vobis
891 746 952 812 sub
969 746 1060 811 bulla
1076 751 1188 811 nostra
1204 746 1362 809 mittimus
1378 744 1600 809 interclusam.
1638 740 1789 805 Formam
1807 746 1919 804 autern

259 855 450 934 iuramenti,
482 852 569 939 quod
599 854 672 939 ipse
704 852 881 937 prestabit,
912 850 952 915 de
977 850 1079 915 verbo
1108 849 1308 915 adverbum
1335 868 1394 934 per
1423 849 1492 913 eius
1522 852 1676 932 patentes
1707 844 1836 909 litteras
1860 860 1919 906 suo

261 958 369 1041 sigillo
394 958 538 1041 signatas
562 955 656 1020 uobis
679 977 739 1042 per
761 955 926 1042 proprium
951 953 1099 1017 nuntium
1124 951 1284 1017 studeatis
1313 952 1503 1037 quantotius
1528 950 1704 1015 destinare.
1749 945 1920 1032 Alioquin,

262 1082 303 1125 ea
326 1061 387 1124 rite
413 1068 552 1140 cassata,
574 1060 740 1145 provideri
764 1057 893 1123 faciatis
916 1056 1044 1142 prefate
1061 1056 1202 1121 ecclesie
1219 1077 1279 1142 per
1295 1055 1491 1120 electionem
1508 1055 1700 1118 canonicam
1717 1050 1758 1115 de
1774 1055 1920 1136 pastore,

262 1162 519 1227 contradictores
557 1164 584 1227 si
612 1163 668 1248 qui
702 1163 826 1227 fuerint
855 1161 907 1224 vel
943 1159 1085 1224 rebelles
1115 1159 1176 1245 per
1205 1179 1377 1222 censuram
1407 1156 1663 1222 ecclesiasticam
1693 1153 1920 1240 appellatione

262 1265 446 1351 postposita
468 1265 706 1351 compescendo
721 1268 742 1328 ¹.

371 1385 447 1452 Dat.
469 1386 633 1472 Lugduni,
656 1387 689 1451 X
710 1386 787 1453 Kal.
810 1385 906 1450 Febr.
933 1406 1017 1449 anno
1042 1384 1196 1450 seeundo.

885 1661 1296 1670 ———.-—-—-

1062 1927 1124 1999 86.

367 2040 585 2133 Iaaocentias
600 2067 625 2132 I
628 2066 658 2132 V
669 2087 760 2150 papa
781 2067 951 2153 [Roberto]
976 2069 1116 2152 episeopo
1137 2065 1305 2131 Leodieasi
1334 2067 1371 2129 ta
1393 2065 1577 2146 praesentia
1600 2082 1659 2147 saa
1682 2064 1848 2128 mastitato
1869 2063 1920 2139 ia·

263 2172 375 2254 dalqet,
398 2176 433 2236 ut
454 2171 498 2236 ad
518 2169 710 2255 conferenda
732 2171 880 2252 mnemia
902 2175 932 2235 et
947 2170 1156 2252 praebendas,
1179 2191 1260 2251 quac
1274 2169 1318 2234 aa
1333 2169 1527 2234 collationem
1543 2187 1634 2233 satam
1652 2168 1845 2248 pertineant,
1864 2186 1924 2249 per

264 2276 387 2340 litteras
408 2276 595 2356 apostolicas
615 2275 776 2358 pectorales
791 2275 921 2359 procedi
942 2295 1007 2339 noa
1024 2276 1133 2358 possit.
1574 2277 1668 2352 1245,
1691 2271 1765 2336 Ian.
1780 2274 1833 2338 24.

369 2396 434 2450 Ian.
448 2395 496 2450 IV
511 2395 575 2465 Rea
595 2396 649 2449 Vol.
664 2396 689 2463 I,
709 2404 769 2463 141;
786 2396 899 2464 111111,
919 2404 973 2450 191.

370 2482 468 2551 Berpar
479 2490 534 2536 941.

794 2664 833 2681 ..
862 2608 1091 2701 episcopo
1119 2611 1389 2684 Leodiensi.

373 2759 585 2823 Promerentc
621 2764 687 2821 tarn
725 2762 780 2820 tue
817 2756 1001 2822 devotionis
1038 2760 1224 2823 constantia
1260 2779 1356 2844 quam
1392 2758 1468 2823 fidei
1504 2759 1646 2845 puritate
1676 2757 1857 2823 constantis
1890 2764 1923 2821 te

266 2864 443 2951 specialem
474 2862 560 2926 inter
590 2861 728 2927 devotos
758 2861 907 2927 Romane
939 2862 1081 2927 ecclesie
1117 2864 1276 2947 reputari,
1311 2862 1445 2947 dignum
1475 2862 1544 2926 fore
1573 2861 1792 2948 providimus,
1826 2869 1863 2926 ut
1890 2869 1923 2926 te

267 2966 403 3052 speciali
430 2967 640 3052 prerogativa
671 2965 791 3030 favoris
821 2974 854 3030 et
883 2966 989 3050 gratie
1021 2972 1277 3051 prosequentes,
1309 2966 1525 3054 petitionibus
1555 2968 1635 3049 tuis,
1666 2974 1826 3052 quantum
1848 2987 1923 3031 eum

265 3070 337 3136 Deo
367 3091 556 3158 possumus,
588 3070 815 3135 favorabiliter
845 3091 1037 3134 annuamus.
1085 3069 1166 3134 Cum
1190 3072 1298 3155 igitur,
1328 3073 1413 3135 sicut
1436 3073 1469 3135 in
1493 3078 1603 3136 nostra
1625 3072 1825 3158 proposuisti
1847 3091 1923 3156 pre·

265 3175 372 3238 sentia
402 3175 617 3253 constitutus,
648 3174 788 3240 ecelesia
817 3181 873 3238 tua
903 3195 1002 3260 super
1024 3174 1263 3260 prebendarum
1287 3183 1321 3239 et
1343 3174 1579 3240 beneficiorum
1602 3173 1832 3240 collationibus
1855 3181 1924 3238 tam

266 3298 326 3363 per
349 3277 461 3343 sedem
484 3279 702 3364 apostolicam
725 3300 821 3365 quam
844 3279 972 3364 legatos
996 3280 1098 3364 ipsius
1122 3300 1187 3343 non
1211 3278 1372 3343 modicum
1389 3279 1433 3344 sit
1448 3286 1594 3364 gravata,
1618 3298 1689 3359 nos,
1713 3277 1780 3342 tuis
1794 3277 1924 3343 devotis

265 3383 418 3469 precibus
447 3382 611 3462 inclinati,
645 3383 717 3469 paci
746 3389 781 3447 et
811 3383 1040 3468 tranquillitati
1070 3390 1125 3447 tue
1156 3404 1194 3446 ae
1225 3382 1372 3447 eiusdem
1396 3382 1537 3447 ecelesia
1560 3389 1697 3468 paterna
1719 3381 1924 3467 inposterum

267 3486 486 3552 sollicitudine
524 3483 743 3573 [providere]·
776 3488 942 3567 volentes,
982 3494 1018 3551 ut
1053 3508 1126 3551 eum
1167 3487 1266 3550 alicui
1306 3486 1478 3550 scribimus
1513 3506 1614 3572 super
1646 3484 1856 3550 conferendis
1890 3483 1924 3548 in

267 3588 457 3655 Coloniensi
486 3591 655 3675 provincia
682 3592 735 3656 vel
765 3598 823 3655 tua
852 3592 987 3656 civitate
1016 3612 1055 3656 ac
1085 3591 1208 3656 diocesi
1233 3590 1400 3656 benefieiis
1423 3591 1476 3655 vel
1500 3588 1693 3677 prebendis,
1726 3587 1860 3676 procedi
1883 3587 1925 3652 ad

267 3693 467 3759 conferenda
489 3692 651 3759 beneficia
674 3717 734 3761 seu
756 3695 955 3782 prebendas,
978 3717 1041 3781 que
1066 3695 1108 3759 ad
1130 3702 1219 3760 tuam
1236 3695 1445 3759 collationem
1462 3696 1638 3780 pertinent,
1661 3715 1721 3780 per
1735 3691 1923 3758 huiusmodi

266 3797 439 3882 generales
467 3797 593 3863 litteras
624 3799 816 3884 impetratas
846 3821 904 3865 seu
936 3801 1034 3865 etiam
1065 3799 1288 3886 impetrandas
1318 3798 1452 3862 minime
1480 3798 1606 3879 valeat,
1638 3798 1834 3862 auctoritate
1864 3796 1925 3860 tibi

268 3903 468 3988 presentium
492 3903 711 3989 indulgemus.
757 3904 848 3969 Nulli
871 3926 950 3990 ergo
975 3912 1038 3970 ete.
1063 3911 1173 3969 nostre
1198 3904 1419 3968 concessionis
1441 3909 1505 3968 ete.
1551 3902 1587 3965 Si
1612 3902 1684 3986 quis
1707 3908 1770 3966 ete.

375 4022 452 4090 Dat.
475 4024 640 4109 Lugduni,
656 4024 761 4090 VlllI
784 4025 859 4090 Kal.
883 4024 1041 4090 Februar.
1065 4046 1151 4089 anno
1175 4024 1329 4091 secundo.

883 4304 1273 4311 ———-—-..—--
1280 4306 1294 4312 -.

1067 4585 1128 4658 87.

372 4698 591 4791 Ieremias
606 4724 664 4790 rr
675 4746 765 4809 papa
786 4726 884 4791 aaa
906 4726 1060 4809 auam,
1087 4730 1123 4790 a
1144 4726 1188 4791 aa
1204 4724 1576 4809 praematuram
1597 4724 1631 4787 a
1656 4723 1815 4804 manaa
1835 4724 1927 4789 aas·

267 4827 406 4891 masticis
427 4827 568 4907 compelli
587 4846 652 4892 aaa
674 4829 779 4893 ualeat
799 4828 915 4910 absque
938 4829 1087 4894 lamorlaia
1109 4829 1400 4911 sedisapostolicae
1422 4827 1561 4908 speciali.

1577 4931 1671 5009 1245,
1694 4930 1771 4998 Ian.
1785 4933 1840 4998 24.

372 5015 436 5068 Ina.
450 5013 500 5068 IV
516 5014 579 5084 Ray.
597 5015 650 5070 Vol.
664 5016 689 5085 I,
709 5024 768 5082 m,-
785 5015 845 5071 Iab.
859 5016 903 5086 ΙΙ,
923 5024 976 5072 192.

373 5101 472 5170 Beryer
487 5108 543 5156 942.

374 5369 398 5428 ⁸)
418 5369 553 5434 providere
570 5367 639 5419 deest
650 5367 682 5418 B.

373 5503 400 5570 1)
424 5501 483 5556 Sub
503 5502 600 5557 Maia
622 5502 717 5557 eisdan
736 5503 833 5558 itesam
858 5503 1007 5574 mactari,
1034 5509 1068 5558 at
1092 5505 1235 5559 maestae
1262 5503 1293 5557 in
1311 5501 1494 5575 [Amadum]
1516 5502 1636 5558 ‘dmin
1656 5498 1846 5557 m
1865 5500 1930 5573 μ

269 5587 469 5655 afflictationem
490 5587 633 5643 adrem
658 5590 826 5658 apostolieum
848 5591 918 5645 latae
940 5584 1781 5667 adearstelamrdaoeareatetcameoaapera'mffle.
1802 5582 1884 5624 ὅ*

268 5673 450 5743 mammet,
468 5673 667 5743 dimissuram
685 5676 784 5746 Beracr
797 5682 873 5746 leta·
889 5678 923 5745 ef.
938 5684 1001 5733 1228
1017 5684 1042 5732 d
1060 5686 1123 5734 trra
1139 5684 1163 5732 et
1180 5678 1257 5746 infra
1275 5678 1326 5732 aab
1345 5676 1415 5731 Mai.
1429 5684 1468 5731 10.
