4328 6232
254 355 317 419 244
805 344 854 404 EX
875 342 1095 404 iNNOCEN'l'lI
1113 341 1152 400 IV
1170 338 1353 400 REGIS'PRO

350 642 389 659 ..
418 583 520 676 regi
549 581 681 673 Cipri
709 581 902 654 illustri
930 586 976 654 et
1002 580 1192 654 domino
1221 578 1355 672 regni
1384 576 1803 655 lerosolinritani¹.

359 735 496 813 Delrent,
520 735 574 818 qui
599 738 763 819 potestate
788 731 1000 823 praeminent*
1017 730 1191 815 grandiori,
1214 730 1304 794 illam
1328 751 1438 795 curam
1462 736 1495 793 ot
1510 728 1766 795 sollicitudinem
1789 754 1903 817 gerare

253 840 293 904 do
313 840 468 915 subditis,
491 845 527 902 ut
543 859 656 903 eorum
671 837 874 924 providentie
892 835 999 900 studio
1016 835 1106 921 pacis
1130 842 1164 900 et
1180 834 1350 899 concordie
1374 834 1454 919 ipsis
1472 834 1677 920 adaugeatur
1692 841 1903 925 tranquillum

253 952 286 1008 ot
308 946 437 1009 illorum
463 951 567 1006 status
590 942 623 1005 in
645 963 840 1028 prosperum
864 941 1031 1024 dirigatur,
1054 946 1090 1004 ut
1107 939 1360 1004 succedentibus
1385 940 1432 1004 eis
1448 939 1593 1004 felicium
1610 948 1793 1027 temporum
1817 967 1903 1010 com·

253 1047 375 1115 modis.
404 1048 467 1111 iam
499 1067 564 1110 non
589 1045 728 1110 subesse
759 1045 818 1109 sed
845 1045 939 1130 quasi
968 1064 1107 1127 regnare
1138 1043 1197 1108 sub
1224 1044 1290 1107 suis
1313 1043 1492 1107 maioribus
1515 1044 1709 1128 glorientur.
1756 1048 1792 1111 Si
1817 1070 1906 1131 orgo.

252 1153 298 1216 fili
322 1152 506 1227 carissime,
530 1151 707 1233 diligenter
729 1148 881 1214 attendas
906 1154 954 1224 et,
979 1156 1014 1213 ut
1038 1141 1200 1228 convenit,
1224 1147 1402 1219 mediteris,
1426 1147 1510 1234 quod
1535 1148 1582 1212 illi
1606 1158 1693 1214 terre
1717 1153 1844 1238 prosis,
1873 1155 1904 1217 in

254 1277 318 1341 qua
341 1255 435 1320 Iesus
458 1255 608 1319 Christus
641 1275 699 1340 pro
728 1253 861 1317 humani
895 1253 1027 1337 generis
1063 1251 1287 1337 redemptione
1317 1252 1423 1328 nasci,
1454 1254 1641 1317 conversari
1675 1256 1782 1319 voluit
1808 1263 1905 1340 atque

252 1359 351 1438 mori,
384 1358 523 1422 dulciter
546 1357 691 1443 perferes
716 1364 748 1421 et
772 1357 916 1422 suaviter
938 1355 1129 1441 degustabis
1154 1355 1374 1440 quorumlibet
1396 1355 1560 1435 laborum,
1584 1378 1734 1422 curarum
1760 1365 1794 1423 et
1817 1360 1906 1424 solli-

254 1462 432 1526 citudinum
462 1461 697 1546 ingruentiam,
728 1467 765 1524 ut
793 1483 881 1539 eam,
912 1482 975 1546 que
1005 1460 1148 1547 peccatis
1180 1460 1391 1544 exigentibus
1422 1461 1689 1546 persecutionum
1722 1463 1907 1526 concutitur

252 1565 466 1631 incommodis
482 1564 697 1643 diversarum,
722 1565 763 1629 ad
780 1572 901 1629 statum
925 1565 1030 1652 possis
1047 1563 1203 1628 reducere
1220 1563 1404 1637 meliorem;
1428 1584 1528 1650 super
1550 1584 1612 1648 quo
1636 1572 1728 1630 tanto
1752 1566 1904 1630 libentius

254 1679 287 1734 et
310 1669 491 1733 fiducialius
516 1674 548 1733 te
565 1669 762 1752 requirimus
788 1674 1001 1753 clangamus,
1026 1667 1269 1752 quantomagis
1292 1666 1325 1730 id
1347 1673 1403 1731 tuo
1420 1667 1590 1732 commodo
1615 1674 1648 1732 et
1664 1669 1792 1749 honori,
1816 1671 1907 1734 exal-

253 1774 368 1837 tationi
399 1772 538 1836 ecclesie
567 1793 605 1835 ac
635 1773 731 1835 saluti
764 1778 798 1836 et
826 1772 958 1835 utilitati
988 1771 1087 1835 totius
1116 1771 1229 1857 populi
1259 1769 1434 1835 Christiani
1467 1772 1586 1836 scimus
1616 1779 1649 1836 et
1682 1775 1907 1859 cognoscimus

253 1876 422 1963 expedire.
469 1875 618 1959 Exurgat
647 1877 746 1960 igitur
774 1883 830 1940 tue
854 1876 1000 1960 potentio
1024 1874 1195 1954 fortitudo,
1226 1875 1411 1939 confortata
1434 1881 1466 1939 ot
1489 1897 1606 1941 secura
1629 1877 1669 1942 de
1693 1880 1801 1963 gratia
1823 1881 1908 1963 regis

252 2000 383 2063 rogum,
415 2000 477 2064 que
502 1978 561 2042 tibi
585 2000 649 2042 non
673 1979 791 2055 deerit,
820 1980 847 2042 si
877 1978 917 2042 ad
948 1979 1037 2042 illum
1063 1978 1187 2043 referas
1210 1999 1345 2062 gressus
1375 1986 1462 2057 tuos,
1492 1988 1525 2043 et
1554 2001 1689 2065 regnum
1715 1983 1907 2066 predictum,

252 2081 383 2145 labores
416 2104 480 2146 non
504 2089 652 2147 metuens
676 2082 728 2145 vel
752 2103 925 2166 expensas,
948 2082 1003 2145 illo
1027 2082 1157 2144 cautela
1180 2080 1303 2152 studio,
1333 2083 1460 2145 virtutis
1484 2090 1518 2146 et
1540 2085 1686 2168 potentie
1709 2098 1903 2171 argumento

252 2205 367 2269 regere
398 2207 436 2249 ao
467 2186 654 2270 gubernare
677 2205 853 2271 procures,
884 2185 972 2268 quod
1001 2184 1147 2248 eiusdem
1178 2186 1271 2269 regni
1299 2184 1486 2249 hominibus
1515 2194 1547 2250 te
1571 2188 1714 2254 faciente
1739 2193 1909 2275 proveniat

252 2309 318 2374 pax
343 2297 376 2353 et
401 2289 494 2373 quies
519 2288 760 2368 corroboretur,
785 2294 818 2353 et
842 2288 1019 2352 hilarescet
1041 2290 1172 2353 devotio
1196 2288 1382 2352 Christiano
1405 2295 1438 2352 ot
1461 2290 1494 2352 in
1518 2298 1609 2354 tuum
1632 2313 1670 2355 ac
1695 2293 1799 2378 ipsius
1823 2304 1908 2360 torro

253 2391 436 2455 subsidium
453 2394 626 2456 animetur.
674 2391 793 2476 Sicque
818 2393 885 2472 fiat,
909 2398 945 2455 ut
968 2399 1081 2479 preter
1096 2399 1210 2457 eterno
1227 2392 1441 2457 beatitudinis
1458 2394 1591 2478 promia,
1615 2415 1678 2478 que
1696 2401 1908 2483 consequeris

253 2494 402 2581 proinde,
426 2496 575 2561 cumulus
599 2496 658 2560 tibi
674 2503 835 2582 perpetue
853 2495 960 2559 laudis
977 2504 1155 2572 accrescat,
1181 2503 1214 2560 et
1236 2518 1256 2560 a
1279 2496 1374 2559 nobis
1391 2497 1502 2576 etiam,
1526 2517 1608 2580 quos
1624 2518 1757 2584 semper
1772 2501 1908 2565 habebis

252 2599 292 2662 ad
317 2606 375 2662 tua
399 2598 570 2663 commoda
593 2599 793 2664 favorabiles
818 2606 852 2664 et
874 2599 1044 2683 benignos,
1068 2599 1175 2684 dignis
1199 2600 1230 2662 in
1255 2599 1394 2663 Domino
1420 2598 1571 2663 laudibus
1595 2604 1845 2669 commenderis.

357 2719 433 2784 Dat.
456 2718 619 2803 Lugduni,
642 2720 706 2784 XV
729 2719 804 2784 Kal.
828 2720 917 2797 lliaii,
942 2740 1026 2783 anno
1049 2718 1171 2785 111122,

1041 3242 1127 3316 3a5.

357 3338 574 3431 Innocentius
594 3361 650 3427 IV
665 3383 755 3446 papa
785 3363 892 3426 inlibati
921 3367 949 3425 ot
971 3363 1136 3427 concentui
1158 3363 1193 3425 in
1222 3363 1424 3430 ll'rn'zenbnra
1447 3364 1609 3446 Spirensis
1635 3368 1768 3434 diocesis
1795 3371 1911 3433 intuitu

253 3468 292 3532 Ε.
317 3468 354 3531 clo
376 3466 542 3551 Etendotf,
571 3467 607 3529 in
634 3466 767 3548 neporus
794 3466 936 3530 cocleario
959 3465 1313 3546 alienationemque,
1336 3471 1371 3530 nt
1393 3468 1436 3533 ΙΙ.
1461 3470 1582 3548 clanim,
1604 3475 1681 3535 noto
1702 3473 1841 3537 ciiialcrn
1863 3473 1912 3541 E..

254 3572 288 3634 in
311 3571 455 3652 laneficio
477 3569 679 3633 ecclesiastico
696 3568 895 3649 pnmrideant.
1548 3575 1641 3653 1247,
1664 3576 1747 3656 Apr.
1772 3581 1824 3640 1⁸.

358 3688 422 3742 Ima
437 3687 484 3740 IV
500 3687 562 3755 Rep.
579 3686 633 3740 l'ol.
651 3685 676 3754 1,
689 3693 749 3750 391;
773 3687 832 3740 Lib.
847 3688 899 3756 IV,
912 3696 969 3743 696.
1007 3689 1155 3757 Epinoion
1172 3705 1204 3742 ex
1225 3689 1341 3756 Repe-atis
1360 3689 1493 3760 decripsit
1518 3692 1546 3746 V.
1566 3693 1606 3748 01.
1625 3695 1659 3748 Α.
1679 3695 1760 3750 Mori.

357 3775 452 3842 Bonos
470 3780 545 3827 2694.

401 4010 438 4027 ..
467 3953 633 4026 abbati
663 3958 708 4027 et
734 3955 992 4028 conventui
1020 3955 1065 4027 in
1095 3955 1393 4029 Woizehurc³
1421 3957 1593 4033 ordinis
1620 3964 1772 4035 sanoti

699 4074 949 4148 Benedicti
977 4077 1225 4169 Spirensis
1252 4079 1468 4152 diocesis.

358 4226 443 4301 Quia
466 4226 581 4290 honori
605 4226 745 4291 ecclesie
770 4226 967 4291 intendimus
992 4234 1025 4292 et
1049 4234 1223 4312 augmento
1248 4234 1311 4295 etc.
1334 4237 1370 4292 ut
1393 4226 1511 4316 suprab
1534 4250 1652 4316 usque:
1683 4235 1811 4300 utilitas
1834 4258 1908 4322 pro-

255 4340 397 4398 curetur.
443 4330 524 4395 Cum
549 4330 646 4415 igitur
662 4329 801 4394 dilectus
825 4332 909 4396 filius
933 4332 1049 4396 nobilis
1072 4334 1121 4395 vir
1137 4331 1175 4395 Ε.
1199 4332 1239 4396 dc
1257 4332 1462 4398 Grendorf⁰⁴
1485 4335 1518 4398 in
1541 4338 1680 4402 ecclesie
1703 4342 1848 4425 negotiis
1864 4363 1910 4413 so,

254 4443 290 4499 ut
306 4436 503 4520 accepimus,
527 4434 758 4520 obsequiosum
775 4435 961 4499 exhibuerit
984 4442 1017 4499 et
1040 4437 1203 4517 devotum,
1228 4460 1297 4517 nos,
1321 4438 1471 4504 volentes
1496 4440 1602 4525 ipsum
1626 4450 1660 4507 et
1682 4464 1760 4508 suos
1785 4446 1828 4509 ob
1852 4446 1911 4511 boe

254 4539 361 4623 gratia
377 4538 532 4624 prosequi
556 4538 728 4617 etiamne,
755 4541 1002 4604 universitatem
1025 4547 1166 4605 vestram
1188 4563 1339 4626 rogamus
1363 4548 1489 4607 attente
1513 4552 1546 4607 ot
1568 4565 1753 4627 monemus,
1776 4548 1913 4614 firmiter

357 4697 635 4704 --.—-—.....-—--..
656 4698 733 4704 ...--.
753 4698 845 4703 -..-
882 4699 894 4703 -
915 4699 995 4705 .-..-.
1083 4701 1102 4706 ,.
1118 4700 1718 4714 ——--—.———....--

357 4800 381 4863 ¹²)
400 4799 448 4862 B,;
466 4800 527 4850 b'lli
545 4798 631 4865 Rapa
755 4798 780 4864 b)
799 4801 859 4867 lap,
877 4819 942 4867 picae
960 4803 995 4853 sic
1013 4803 1109 4868 incipit,
1127 4820 1179 4853 non
1199 4803 1335 4868 antecedit,
1355 4805 1400 4855 aad
1419 4805 1481 4856 liceo
1494 4808 1616 4871 Jbrnrnlc
1631 4809 1736 4874 inepriata
1754 4811 1860 4877 legitur:
1876 4815 1909 4875 as.

255 4907 279 4938 n.
295 4892 348 4938 1⁴7.
455 4885 478 4948 ο)
496 4885 686 4951 EtendoqsB.;
703 4887 740 4935 ila
758 4895 823 4938 certe
841 4888 975 4953 legendnm
993 4898 1036 4941 eat.

360 5022 385 5088 1)
404 5020 489 5074 Hranc
507 5021 614 5074 tdnliim
630 5038 707 5090 popo
724 5023 747 5074 ai
765 5037 839 5074 nuato
851 5023 942 5089 pariano
958 5024 1093 5087 conseant·
1111 5026 1144 5091 cs.
1157 5042 1184 5078 n.
1198 5033 1251 5080 2¹91.
1289 5024 1329 5091 Cf.
1347 5026 1426 5078 etimu
1438 5043 1467 5094 p.
1485 5034 1545 5094 208,
1563 5034 1646 5084 ηοω
1662 5035 1728 5100 etp.
1741 5040 1799 5102 245,
1816 5040 1871 5089 not.
1886 5042 1909 5089 2.

254 5109 280 5171 2)
301 5108 358 5162 Sub
373 5106 460 5160 collem
477 5105 519 5160 die
528 5124 604 5175 panc
617 5108 734 5160 Minna
745 5107 852 5161 dmrrino
866 5109 961 5177 Benstr'
978 5116 1000 5162 ct
1015 5111 1147 5175 lintribus
1164 5111 1221 5164 eires
1234 5127 1377 5179 emicatque
1387 5113 1451 5178 fillis
1463 5113 1582 5182 indritait,
1593 5120 1625 5168 nt
1635 5118 1738 5185 nullm,
1750 5123 1910 5189 apostoliam

252 5194 320 5247 solis
337 5196 420 5263 lupulo
437 5199 551 5263 eaaqao,
575 5193 671 5261 alisque
695 5193 763 5247 cerlis
787 5194 903 5247 clientem
927 5197 1033 5262 piccioli
1055 5198 1185 5251 nnirulato
1204 5199 1482 5252 excommunicationis
1499 5207 1549 5254 ant
1567 5202 1702 5258 inaniat
1718 5210 1864 5261 meatim
1880 5209 1907 5262 in

254 5298 298 5334 eos
317 5282 400 5334 rnlcat
415 5281 601 5348 piramidum,-
618 5282 716 5348 Beroen
735 5288 819 5337 2524.-
836 5283 870 5346 cf.
890 5282 968 5334 etiarm
987 5290 1053 5337 2884
1071 5291 1093 5337 et
1111 5294 1183 5339 2556.
1254 5288 1281 5351 3)
1301 5286 1323 5340 Ι.
1342 5303 1362 5339 e.
1388 5286 1577 5357 inassatam.
1647 5293 1676 5357 4)
1695 5292 1718 5346 1.
1737 5310 1758 5348 c.
1777 5294 1915 5363 Etendors

252 5385 297 5420 aeri
312 5367 464 5434 Ettertdmf,
482 5383 495 5421 e
512 5384 573 5421 vnn.
593 5375 617 5421 ct
635 5384 685 5420 occ.
703 5367 750 5422 cir.
764 5368 906 5435 Hesperien.
935 5368 993 5422 Sub
1013 5370 1081 5425 Mol.
1101 5381 1131 5424 12
1144 5389 1219 5440 ymno
1231 5372 1332 5426 ‹lecono
1349 5379 1373 5425 et
1384 5375 1502 5441 capitulo
1514 5376 1751 5444 Amafinium
1762 5382 1906 5449 mdorit,

253 5459 282 5505 nt
303 5471 362 5506 crena
381 5453 423 5507 ‘de
435 5454 471 5508 E.
492 5453 600 5507 dmrrino
618 5453 651 5506 dc
666 5453 802 5520 Etendms
813 5455 889 5507 certis
900 5461 1028 5509 wasone
1041 5457 1156 5525 inclitiia,
1172 5458 1247 5526 quod
1263 5458 1353 5511 dietum
1371 5459 1430 5511 istis
1446 5464 1777 5532 tenacissimorum
1791 5470 1907 5539 epium

253 5540 326 5592 orrrni
337 5539 476 5608 diligentia
493 5546 518 5592 et
535 5541 640 5608 anien,
658 5557 713 5608 qna
720 5541 858 5609 potirinet,
871 5541 997 5595 irmionem
1015 5543 1083 5596 salis
1100 5546 1258 5612 opsidione
1266 5549 1451 5615 tamarcem,
1465 5545 1656 5604 Hmnomniat
1665 5550 1800 5625 damni,
1814 5558 1906 5611 ndu

253 5627 319 5695 eitra
336 5627 368 5679 in
384 5627 493 5693 frarem
511 5632 536 5680 et
554 5627 715 5682 aarrmriaem
733 5627 902 5682 admitterent
907 5647 917 5697 ,·
935 5630 1033 5699 Bergan
1049 5638 1123 5688 2684.
