4328 6232
201 343 264 406 252
759 336 807 393 EX
826 335 1043 394 muocuu'ru
1061 332 1100 390 IV
1118 328 1298 390 uuolsruo

200 514 353 594 qrcmadia
378 534 483 578 coram
510 512 675 578 ordinarie
703 533 759 579 sac
787 513 854 577 iuri
883 518 967 577 stare
989 513 1101 593 prareti
1129 511 1207 588 a'at,
1239 514 1331 573 extra
1358 507 1505 591 oppidum
1532 529 1623 573 acram
1645 530 1708 593 per
1734 508 1854 572 litterar

199 617 386 696 apostolicas
406 618 450 683 ed
472 618 625 682 iudicium
647 616 734 681 tratri
754 636 820 680 aaa
836 617 970 700 possiet.
1513 615 1607 690 1247,
1630 612 1716 680 Mai.
1738 616 1770 678 4.

304 737 367 791 rna
380 738 429 792 rr
444 738 509 807 aa.
527 737 620 806 aar,
638 743 703 803 aaa·
720 737 780 790 aa.
797 736 850 803 rr,
870 737 967 790 aaran.

304 825 489 892 &maara

253 982 476 1059 Anselmo
512 985 665 1058 villico
700 991 743 1056 et
776 985 1003 1057 universis
1036 983 1300 1056 hominihus
1335 982 1488 1074 oppidi
1516 981 1806 1073 Pinguensis
1901 1014 1905 1044 r

311 1135 395 1200 Cum
418 1136 481 1209 hii,
505 1135 560 1220 qui
584 1155 619 1198 se
643 1134 824 1220 apostolice
849 1133 920 1198 sedi
942 1141 1037 1218 grato
1060 1132 1245 1197 devotionis
1263 1131 1371 1195 studio
1394 1132 1554 1196 amabiles
1575 1130 1748 1210 exhibent,
1772 1132 1856 1196 sedis

201 1238 511 1304 eiusdem-obtinere
527 1239 673 1303 favorem
689 1237 865 1323 specialius
881 1244 1081 1315 mereantur,
1098 1258 1168 1316 nos,
1185 1242 1296 1300 vestra
1312 1235 1456 1314 servitia,
1471 1256 1535 1320 que
1553 1235 1648 1300 nobis
1665 1243 1700 1300 et
1716 1236 1856 1300 ecclesie

204 1340 351 1405 Romane
375 1342 518 1407 libenter
540 1348 574 1406 et
589 1340 771 1405 liberaliter
786 1340 983 1405 exhibuistis
1000 1341 1162 1405 hactenus
1187 1347 1219 1404 et
1235 1338 1423 1425 impenditis
1439 1340 1654 1418 incessanter,
1669 1339 1859 1405 memoriter

206 1446 387 1509 retinentes
407 1454 440 1510 et
456 1447 603 1509 volentes
627 1445 669 1509 ob
684 1444 747 1508 hoe
771 1464 829 1508 ros
846 1445 982 1530 speciali
998 1445 1083 1508 dono
1100 1444 1207 1528 gratie
1224 1444 1396 1523 honorare,
1414 1442 1612 1508 venerabilis
1627 1443 1739 1508 fratris
1755 1445 1857 1508 nostri

203 1595 238 1611 ..
271 1547 509 1634 archiepiscopi
537 1548 721 1632 Maguntini
754 1568 790 1611 ae
820 1549 938 1612 vestris
968 1547 1262 1633 supplicationibus
1296 1547 1458 1626 inclinati,
1493 1545 1585 1610 vobis
1618 1547 1651 1611 in
1683 1547 1858 1611 deuotione

201 1650 351 1714 Romane
375 1652 516 1716 ecclesie
540 1651 794 1736 persistentibus
818 1653 1014 1717 auctoritate
1038 1653 1240 1737 presentium
1264 1651 1489 1736 indulgemus,
1513 1658 1549 1714 ut
1572 1650 1728 1736 quamdiu
1753 1653 1859 1736 parati

202 1754 330 1818 fueritis
347 1775 456 1818 ceram
475 1754 638 1817 ordinario
654 1761 764 1819 vestro
782 1754 942 1819 exhibere
964 1755 1116 1819 devehis
1134 1755 1413 1839 conquerentibus
1430 1754 1553 1819 iustitie
1569 1756 1860 1840 complementum,

201 1864 297 1920 extra
313 1857 468 1942 oppidum
485 1864 632 1922 restrum
656 1880 716 1943 per
731 1858 856 1922 litteras
872 1859 1071 1944 apostolicas
1087 1880 1145 1922 vos
1169 1861 1221 1923 rel
1238 1859 1356 1945 aliquis
1374 1866 1518 1922 vestrum
1535 1857 1618 1921 trahi
1644 1857 1686 1921 ad
1702 1856 1860 1922 iudicium

201 1980 265 2022 non
288 1961 431 2045 possitis.
455 1961 518 2024 nisi
542 1960 583 2024 de
607 1960 813 2045 indulgentia
829 1960 1013 2026 huiusmodi
1031 1983 1223 2047 expressam
1246 1961 1383 2027 fecerint
1405 1962 1624 2027 mentionem:
1648 1963 1860 2047 presentibus

200 2074 275 2147 pest
297 2064 475 2126 triennium
498 2064 632 2128 minime
656 2065 815 2130 valituris.
861 2064 951 2128 Nulli
975 2071 1037 2130 cte.
1061 2072 1172 2128 nostre
1196 2064 1418 2129 concessionis
1442 2072 1505 2128 etc.

308 2183 385 2249 Dat.
409 2184 572 2269 Lugduni,
595 2185 666 2248 IIII
688 2185 773 2250 Non.
798 2187 888 2252 Maii.
911 2207 996 2249 aune
1021 2193 1146 2269 quarto.

827 2433 916 2439 ..-
926 2434 943 2438 -.
956 2431 1238 2438 -ῌ--ρ

988 2660 1074 2732 338.

306 2771 525 2863 Innocentius
537 2797 592 2862 IV
607 2819 700 2879 papa
719 2797 894 2882 [Hearico]
916 2800 1055 2883 episcope
1080 2800 1316 2864 emerentiana·
1337 2798 1486 2876 raecedit,
1508 2804 1544 2861 ut
1563 2797 1709 2864 abbatem
1733 2795 1861 2861 Reacce-

200 2902 347 2982 pieuscm,
370 2903 426 2981 qai
437 2906 563 2981 proretam
577 2920 679 2982 aalma
694 2900 839 2965 Rtreaccm
861 2905 889 2964 ct
905 2906 1023 2965 turrem
1045 2903 1081 2965 in
1098 2904 1163 2967 clio
1178 2904 1274 2966 latere
1289 2905 1469 2966 existentem
1480 2901 1667 2987 fautoribus
1685 2900 1863 2985 C[ortrodi]

201 3006 273 3066 anti
295 3005 456 3069 Frdtcrici
477 3005 634 3085 quondam
656 3006 856 3088 imperatoris
878 3005 1053 3082 tradiderit,
1077 3031 1099 3070 a
1121 3008 1271 3089 repimiuc
1291 3007 1436 3070 abhatiac
1456 3025 1597 3070 amovere
1618 3005 1739 3070 delicat

1521 3113 1615 3184 1247,
1640 3107 1727 3173 Mai.
1743 3112 1775 3174 4.

308 3228 372 3282 Ina.
386 3228 434 3281 11'
453 3228 515 3296 Rep.
531 3228 585 3282 Vol.
606 3229 705 3296 I,386;
722 3230 783 3283 Lab.
803 3230 854 3299 IV,
866 3237 923 3283 618.
961 3230 1061 3283 Perta-ii
1078 3230 1208 3297 maurulur
1224 3231 1384 3283 ocrdrrliraua
1400 3246 1461 3281 carru
1475 3229 1565 3287 Mene.
1577 3227 1711 3294 Ameipcr
1727 3229 1748 3293 s.
1764 3226 1864 3280 Krrarte

202 3314 228 3368 d.
248 3313 385 3367 claritatum
410 3313 519 3382 l'erreit,
538 3332 564 3368 a.
584 3323 655 3382 1838,
670 3333 700 3383 p.
718 3323 775 3382 347,
793 3317 840 3383 qui
856 3332 894 3384 cp.
908 3332 1050 3383 perperam
1070 3316 1194 3384 Grepram
1213 3316 1261 3368 IX
1275 3333 1364 3384 popm
1380 3316 1501 3368 ‹itta-ilaei!
1520 3315 1601 3384 [MJ.

309 3401 441 3468 Pardua,
462 3401 524 3469 Ra.
544 3408 640 3468 125025
659 3403 758 3470 Beroe
775 3410 846 3457 aaa.

683 3619 728 3635 ..
765 3563 987 3656 episeopo
1020 3564 1383 3638 Constantiensi.

313 3712 386 3776 Tua
408 3712 504 3776 nobis
528 3713 717 3778 fraternitas
740 3712 945 3796 destinarit·,
969 3716 1055 3802 qued
1079 3738 1152 3781 cum
1170 3716 1206 3780 Ο.
1231 3724 1328 3781 uatus
1344 3715 1504 3780 Frideriei
1528 3714 1693 3800 quondam
1718 3715 1860 3801 impera·

203 3818 285 3882 toris
312 3816 522 3882 {advocatiam
552 3820 742 3883 monasterii
764 3819 1015 3904 Renaugensis¹
1045 3826 1100 3884 tue
1129 3819 1285 3887 diocesis.
1313 3840 1411 3905 quarn
1439 3819 1526 3883 idem
1556 3818 1593 3882 F.
1622 3839 1643 3881 a
1666 3819 1770 3882 nobili
1796 3818 1863 3882 viro

202 3922 392 3987 Diethalmo
424 3921 465 3985 de
489 3920 782 4006 Chreinchigen.¹’²
805 3929 839 3986 et
866 3925 951 3986 natis
974 3925 1043 3987 eius
1069 3931 1212 4001 emerat,
1244 3923 1370 3988 eisdem
1399 3922 1565 3986 nobilibus
1594 3927 1669 4006 post
1702 3921 1804 3984 latam
1833 3921 1863 3984 in

203 4026 310 4110 ipsum
333 4022 371 4088 F.
394 4023 612 4108 depositienis
634 4026 840 4103 sententiam,
864 4034 900 4089 ut
916 4026 1113 4090 adhererent
1129 4026 1247 4094 eidem.
1272 4027 1366 4091 titulo
1381 4027 1527 4111 pignoris
1551 4025 1736 4109 obligarit⁰,
1760 4022 1864 4089 abbas

203 4128 306 4213 ipsius
337 4128 529 4191 monasterii
557 4126 718 4191 diabolico
745 4129 860 4213 spiritu
889 4130 1071 4193 concitatus
1094 4137 1226 4215 pontem
1259 4151 1358 4215 supra
1379 4130 1511 4194 Renum
1535 4137 1569 4193 et
1592 4129 1708 4192 turrim
1732 4129 1776 4194 ab
1800 4130 1864 4193 alio

204 4231 308 4295 latere
333 4231 547 4311 existentem,
577 4251 755 4316 perquem
785 4233 889 4316 ipsius
917 4233 1104 4296 monasterii
1128 4231 1343 4296 claudebatur
1365 4233 1485 4312 insula,
1515 4231 1670 4317 predictis
1694 4230 1863 4295 nobilibus

203 4332 404 4418 presumpsit
427 4332 558 4397 tradere
586 4335 619 4397 in
643 4334 748 4419 ipsius
773 4335 960 4398 monasterii
985 4337 1163 4400 maximum
1187 4335 1435 4407 detrimentum,
1466 4336 1580 4420 eisque
1604 4335 1752 4399 scienter
1775 4355 1863 4399 com·

203 4439 349 4502 manicat
373 4438 722 4501 excommunicationis
747 4439 878 4502 vinculo
902 4438 1076 4504 innodatis.
1121 4439 1283 4503 l'olentes
1307 4440 1409 4523 igitur
1432 4437 1538 4503 eidem
1554 4438 1760 4503 monasterio
1785 4437 1863 4501 sub-

203 4543 325 4616 venire,
349 4541 551 4626 presentium
575 4540 636 4604 tibi
652 4543 848 4606 auctoritate
865 4542 1084 4621 concedimus,
1107 4550 1152 4622 ut,
1178 4543 1203 4604 si
1228 4550 1279 4607 est
1303 4544 1359 4607 ita.
1383 4540 1424 4606 ad
1449 4543 1554 4628 ipsius
1575 4542 1863 4628 recuperationem

203 4643 421 4708 sollieitudine
451 4642 600 4728 diligenti
631 4643 800 4718 laborans,
836 4646 976 4711 eundem
1006 4646 1159 4710 abbatem
1192 4667 1251 4731 pro
1281 4654 1348 4709 taur
1379 4647 1505 4710 enormi
1536 4667 1678 4711 excessu
1709 4664 1864 4710 amovere

202 4748 327 4813 debeas
351 4769 371 4810 a
394 4748 552 4832 regimine
575 4747 708 4812 abbatie
732 4770 770 4813 ac
787 4751 958 4836 percipere
974 4752 1101 4835 integre
1126 4751 1228 4835 ipsius
1247 4749 1392 4814 redditus
1416 4757 1450 4814 et
1466 4759 1656 4836 proventus,
1681 4752 1728 4815 ita
1751 4757 1861 4815 tamen

202 4850 290 4938 quod
313 4851 418 4936 ipsius
441 4852 627 4914 monasterii
653 4873 761 4916 curam
778 4873 910 4936 gerens.
932 4854 1106 4916 conventui
1130 4851 1277 4916 eiusdem
1301 4852 1342 4916 de
1366 4853 1446 4937 ipsis
1464 4853 1646 4920 redditibus
1672 4862 1707 4919 et
1721 4877 1862 4941 proven-

201 4957 290 5021 tibus
313 4954 416 5018 taeias
439 4955 586 5039 plenarie
608 4957 795 5020 necessaria
819 4957 1006 5021 ministrari.
1030 4955 1195 5021 residuum
1218 4976 1292 5020 vero
1314 4958 1348 5020 in
1370 4957 1554 5022 subsidium
1576 4958 1704 5043 negotii
1720 4960 1861 5024 ecclesie

202 5060 400 5124 auctoritate
424 5066 539 5121 nostra
562 5065 745 5126 convertas.
768 5067 865 5144 prout
888 5059 1009 5124 rideris
1033 5059 1200 5144 expedire.
1224 5059 1480 5124 contradictores
1505 5061 1593 5126 etc.³

311 5179 387 5244 Dat.
411 5177 573 5263 Lugduni.
595 5178 665 5241 Illl
687 5177 773 5242 Non.
798 5178 886 5244 Maii.
911 5200 996 5243 anno
1021 5178 1165 5264 quartat.

306 5409 331 5472 ⁸)
352 5406 382 5456 P.
396 5405 447 5456 illa
466 5422 503 5454 nra
521 5404 668 5455 intimarit?
755 5403 778 5457 bl
796 5406 987 5472 Chraiuehigeir
1008 5405 1052 5457 tt:
1070 5403 1182 5471 sertum
1199 5408 1391 5475 Cbreiurblgeu
1410 5411 1545 5475 tegendam
1563 5420 1608 5462 eat.
1693 5413 1719 5480 ⁰)
1737 5412 1860 5481 obligavit

202 5494 283 5545 Mt.
390 5488 417 5556 θ)
436 5493 494 5542 Dat
512 5502 637 5558 utsupra
655 5490 687 5540 R.

308 5613 333 5665 ll
354 5607 488 5665 thrma,
507 5623 521 5658 r
539 5622 599 5659 sarr.
617 5607 664 5660 cir.
686 5605 895 5671 Sitrrra'bouarrr.
975 5609 1003 5660 ‘tl
1022 5605 1204 5675 Krcalr'apru.
1222 5625 1255 5662 cr
1272 5617 1333 5678 sept.
1351 5613 1399 5665 cir.
1428 5612 1574 5670 tlirldsdmt.
1654 5614 1687 5691 ὅ)
