4328 6232
853 342 1055 400 EPlS'l‘OLAE
1072 341 1263 399 subuculis.
1298 343 1374 400 1247.

781 630 820 651 ..
849 577 1059 669 episcopo
1091 574 1449 652 Constantirusi.

394 725 478 792 Cum
495 726 644 793 nonnulli
660 727 773 792 cleriei
796 727 862 790 sint
884 727 925 792 ab
946 729 1128 815 apostolica
1147 728 1227 794 sede
1242 730 1380 813 gratiam
1403 729 1435 792 in
1451 728 1695 813 personatibus,
1717 730 1942 816 dignitatibus,

293 832 480 921 prelaturis,
508 829 705 918 prebendis,
739 832 884 896 canoniis
916 840 949 897 et
977 833 1049 897 aliis
1071 832 1241 897 beneficiis
1266 832 1500 897 ecclesiasticis
1524 833 1708 912 consecuti,
1738 835 1944 915 mandamus,

290 937 442 1022 quatinus
472 936 501 1000 si
529 936 617 1022 ipsos
645 935 699 1000 vel
727 935 818 1012 illos,
846 957 982 1020 quorum
1012 935 1250 1001 intercessione
1273 935 1458 1000 huiusmodi
1480 936 1620 1020 gratiam
1651 943 1727 1000 sunt
1751 937 1878 1025 adepti,
1905 938 1941 1006 F.

216 1066 230 1103 s
287 1040 451 1127 quondam
476 1039 665 1126 imperatori
690 1037 741 1103 vel
764 1038 836 1104 eius
859 1044 936 1104 nato
957 1038 1123 1104 inveneris
1147 1037 1326 1117 adherere,
1350 1037 1517 1124 predictos
1541 1040 1680 1104 elericos
1704 1047 1870 1126 tamquam
1894 1043 1942 1106 in-

282 1151 396 1231 gratos
420 1144 531 1231 prives
553 1143 749 1208 auctoritate
773 1151 885 1208 nostra
908 1142 1060 1207 omnibus
1082 1140 1249 1205 beneficiis
1273 1142 1461 1205 memoratis
1480 1141 1616 1228 ipsaque
1639 1144 1787 1210 conferas
1811 1145 1941 1210 devotis

282 1250 441 1329 ecclesie,
462 1268 600 1334 quorum
622 1246 857 1332 consanguinei
881 1253 914 1312 et
937 1245 1033 1309 amici
1057 1245 1159 1308 velint
1182 1252 1215 1309 et
1234 1245 1364 1309 valeant
1386 1246 1420 1310 in
1437 1246 1582 1330 negotio,
1606 1246 1692 1331 quod
1716 1270 1773 1334 pre
1790 1249 1942 1314 manibus

278 1354 406 1440 egitur,
429 1352 602 1428 adiurare;
626 1349 885 1416 contradictores
908 1350 990 1414 etc.¹

393 1473 473 1541 Dat.
496 1471 658 1558 Lugduni,
682 1471 736 1536 ΙΙΙ
758 1470 837 1535 Idus
860 1470 950 1550 Maii,
973 1489 1057 1534 anno
1080 1468 1161 1535 IIII.

914 1701 1011 1707 --—--
1019 1700 1032 1706 ..
1038 1699 1324 1706 .-.--------

1074 1910 1160 1983 361.

185 2049 214 2085 ¹⁰
391 2008 611 2102 Innocentius
632 2034 657 2099 I
660 2033 686 2097 V
704 2054 794 2115 popo
817 2032 948 2117 P[etro]
970 2032 1083 2097 Sancti
1106 2033 1235 2114 Georgii
1257 2032 1300 2096 ad
1327 2030 1435 2097 Velnrn
1458 2033 1600 2096 Aureum
1622 2033 1753 2099 diacono
1774 2036 1944 2114 cardinali,

276 2142 473 2224 apostoticae
499 2139 582 2205 sedis
604 2138 716 2220 leqatc,
742 2136 888 2214 menda,
917 2141 953 2200 nt
974 2136 1132 2221 [Hennae
1154 2136 1213 2222 II]
1237 2138 1329 2202 electo
1355 2137 1503 2218 Spirensi
1531 2137 1568 2200 a
1597 2140 1866 2220 archiepiscopatu
1896 2139 1945 2202 vel

278 2247 466 2329 episcopata
485 2241 683 2324 opulentiori,
706 2260 800 2322 qnam
822 2239 978 2322 Spirensi,
1001 2241 1030 2303 si
1052 2243 1146 2316 vocet,
1163 2240 1339 2320 provideat.
1577 2245 1670 2320 1247,
1693 2242 1777 2307 Mai,
1803 2242 1854 2306 15,

389 2364 456 2418 Insa
469 2361 518 2416 IV
533 2360 598 2430 Ray.
612 2360 667 2414 Vct
680 2360 705 2427 I,
716 2365 779 2426 389,·
797 2358 920 2428 lanf,
939 2366 993 2413 674.

390 2451 488 2519 Berqcr
501 2454 571 2503 2672.

183 2626 207 2662 ¹⁵
387 2613 430 2687 P.
457 2610 621 2686 Sancti
650 2608 840 2701 Georgii
868 2610 922 2682 ad
950 2608 1110 2681 Velum
1130 2607 1334 2681 Aureum
1362 2610 1563 2683 diacono
1591 2610 1847 2699 cardinali,

803 2729 1073 2822 apostolice
1101 2729 1229 2803 sedis
1256 2731 1423 2822 legate.

393 2882 516 2949 Adeol
546 2881 703 2946 claruisse
731 2879 913 2944 dinoscitur
943 2880 1053 2945 dilecti
1087 2880 1143 2944 filii
1169 2928 1204 2945 ..
1231 2879 1397 2967 Spirensis
1432 2882 1551 2946 eleeti⁸
1574 2881 1703 2947 devotio
1734 2882 1872 2968 probata
1907 2882 1940 2945 in

285 2995 434 3074 tempore
456 2985 685 3060 necessitatis,
714 3005 778 3070 qua
800 2984 982 3070 probantur
1004 2984 1126 3057 devoti,
1159 2990 1280 3048 utnon
1303 2990 1428 3049 tantum
1453 2986 1619 3070 legitimus
1643 2984 1701 3049 sed
1727 2992 1761 3049 et
1785 2985 1941 3071 specialis

288 3091 328 3155 sit
350 3090 532 3178 apostolice
559 3087 647 3155 sedis
670 3089 756 3153 filius
780 3088 996 3174 reputandus,
1026 3088 1080 3174 qui
1104 3088 1200 3174 plene
1224 3088 1271 3152 illi
1296 3089 1380 3154 sicut
1404 3091 1498 3154 matri
1521 3089 1682 3154 exhibens
1706 3088 1791 3174 quod
1807 3088 1941 3153 affectui

289 3195 378 3260 filiali
400 3193 555 3273 debetur,
584 3194 617 3257 in
645 3193 848 3278 exequendis
872 3192 1035 3257 mandatis
1059 3193 1130 3256 eius
1154 3197 1187 3255 et
1211 3192 1379 3257 voluntate
1403 3215 1441 3257 ac
1465 3194 1594 3258 actione
1617 3193 1679 3257 sibi
1705 3192 1828 3257 studuit
1852 3214 1937 3256 com-

286 3300 427 3385 placere,
450 3320 487 3363 se
510 3318 569 3385 pro
591 3299 648 3362 illa
664 3296 809 3361 totaliter
825 3295 1037 3382 exponendo;
1061 3316 1161 3381 quare
1186 3316 1245 3360 nos
1269 3296 1442 3382 specialis*
1465 3296 1609 3361 caritatis
1632 3296 1842 3381 prerogativa
1865 3294 1938 3358 dili-

287 3408 402 3487 gentes
419 3401 570 3481 eundem,
586 3408 724 3488 paterne
741 3400 923 3464 allectionis
940 3398 1113 3463 dulcedine
1130 3400 1285 3485 prosequi
1302 3421 1377 3464 euru
1394 3401 1618 3486 proponimus,
1643 3400 1685 3465 ad
1702 3402 1939 3464 incrementum

288 3508 389 3593 ipsius
406 3528 448 3572 cx
464 3506 571 3570 animo
590 3502 809 3591 aspirantesl'.
845 3501 891 3567 Ut
907 3504 1005 3588 igitur
1021 3502 1118 3579 idern,
1135 3523 1232 3588 quem
1249 3503 1387 3568 reddunt
1400 3505 1516 3568 merita
1533 3504 1723 3589 gratiosum,
1740 3504 1880 3568 fructum
1897 3522 1939 3565 ex

289 3631 345 3674 sna
360 3609 537 3675 devotione
552 3613 710 3695 reportet,
727 3613 760 3673 et
781 3614 871 3672 tanto
889 3607 1122 3672 efficatioribus
1144 3608 1262 3672 studiis
1278 3608 1437 3693 prolicere
1460 3614 1599 3692 satagat,
1625 3614 1746 3692 quanto
1763 3612 1941 3692 preventus

183 3733 191 3755 ³
289 3735 419 3779 munere
443 3714 547 3799 gratie
569 3712 734 3800 specialis,
757 3711 851 3775 donis
876 3711 1100 3776 crescentibus
1124 3710 1281 3775 donorum
1310 3712 1469 3797 conspicit
1492 3731 1642 3776 erescere
1667 3711 1823 3789 rationes,
1847 3731 1939 3774 man·

288 3817 418 3895 damus,
456 3817 608 3902 quatinus
644 3814 685 3880 de
724 3815 833 3902 aliquo
868 3815 1153 3902 archiopiscopatu
1188 3817 1239 3881 vel
1277 3816 1472 3903 episcopatu
1513 3814 1710 3901 opulentiori
1746 3815 1940 3901 episcopatu

288 3919 449 4007 Spirensi,
478 3918 505 3985 si
528 3925 624 3984 vacat
651 3920 692 3984 ad
715 3940 851 4006 presens
883 3920 934 3982 vel
959 3939 1054 4006 quam
1079 3919 1143 3983 cito
1167 3941 1285 3984 vacare
1310 3919 1494 4004 contigerit,
1517 3919 1578 3982 sihi
1602 3919 1801 3984 auctoritate
1826 3924 1941 3982 nostra

290 4024 420 4090 studeas
443 4022 650 4110 providere⁴.

391 4142 469 4208 Dat.
492 4144 657 4229 Lugduni,
676 4143 790 4208 Idibus
814 4142 905 4222 Maii,
929 4163 1013 4206 anno
1038 4149 1163 4226 quarto.

914 4368 1316 4379 ——-——-——

1067 4581 1153 4654 369.

388 4678 607 4772 Innocentius
629 4705 654 4770 I
657 4703 688 4770 V
699 4727 790 4790 popa
812 4705 969 4792 Maeona]
996 4705 1171 4770 nrorclcioni
1192 4705 1322 4770 Estensi
1344 4705 1494 4783 coneedit,
1517 4710 1553 4769 nt
1568 4704 1761 4786 promissum
1783 4702 1938 4767 saloriam

289 4813 470 4892 perrenae
497 4811 691 4889 Visentinne,
722 4813 816 4894 qnod,
844 4833 914 4876 cnm
943 4811 1129 4875 Frirteriens
1155 4811 1313 4891 qnondam
1349 4811 1519 4890 imperator
1552 4809 1707 4873 civitatem
1745 4804 1939 4869 l‘ieentinanr

293 4916 492 4998 oenrpaoerit,
519 4915 581 4980 sibi
602 4915 738 4979 solertem
759 4917 901 4994 nonsit,
924 4915 1179 4997 qnonrloenmqne
1204 4912 1342 4993 drenttos
1371 4933 1403 4976 se
1424 4913 1584 4989 obtntcrit,
1613 4910 1654 4974 ab
1683 4909 1788 4974 codena
1816 4909 1940 4971 sinitote

289 5020 442 5096 enuere
463 5018 526 5084 sibi
548 5018 648 5084 liceat.
1582 5017 1677 5091 1247,
1699 5012 1783 5076 Mai.
1801 5012 1852 5078 15.

386 5141 453 5194 aaa
473 5138 518 5194 rr
535 5138 599 5208 aa.
619 5137 673 5192 va.
688 5139 869 5207 naor-esa·
887 5139 948 5194 rso.
969 5139 1020 5207 rr,
1034 5146 1085 5194 rs.

387 5227 487 5295 Rem
503 5232 572 5280 2711.

384 5439 410 5504 ⁸)
427 5438 533 5506 speciali
551 5436 582 5488 P.
686 5432 712 5502 b)
730 5435 875 5502 aspiramus
895 5433 926 5489 P.

387 5545 1935 5625 1)cannameeeuemepawwoomsasuon.aaaemunmnmnehnetqnodann

292 5642 539 5699 tnbn.303XIV.
608 5640 1194 5710 2)Of.ainnlemprooisronemsnbn.265.
1265 5639 1470 5707 aotam
1540 5632 1938 5705 octinmllffln.
