4784 6332
841 403 1043 466 sersrosss
1060 405 1251 468 sscrcrrs.
1272 402 1363 468 'ross
1718 391 1720 398 ⁴
1871 411 1931 482 tos

279 578 430 644 Woldclco
448 601 543 662 snper
557 583 740 666 provisione
758 584 898 652 Conrudi
912 585 1018 651 clerici
1033 585 1308 652 Podorlrnrnensis
1320 587 1392 654 sibi
1406 587 1524 666 71777777,
1541 588 1736 669 77777777νί77
1749 588 1930 670 adimplere,

272 685 338 766 ipsi
359 684 443 750 illud
463 691 667 768 exequuntur
1577 694 1671 770 1246,
1693 691 1773 757 Noc.
1791 692 1843 758 15

381 805 446 860 Inn.
462 806 510 861 IV
530 806 594 875 Ro.
612 807 666 862 Vol.
678 808 702 877 1,
719 815 789 872 347;
807 808 869 867 Lib
889 808 942 876 IV,
960 815 1016 864 278
1059 809 1215 936 1777777777,
1240 807 1311 878 quood
1328 809 1428 880 Berger
1443 809 1547 878 nno,
1558 824 1620 864 cnm
1640 810 1757 883 chestis
1775 795 1889 867 77777777
1906 817 1931 868 ot

274 909 309 946 cc
325 892 362 946 cis
379 887 508 965 supplerit
531 895 560 947 V.
570 891 649 950 Otr.
657 895 736 950 Mon.
1205 945 1206 948 ,

280 985 297 992 ’“
379 979 475 1049 Berocr
492 985 567 1054 2774.

370 1135 786 1216 ..scolasticoet
820 1136 1046 1210 Landulfo
1080 1138 1306 1211 canonico
1341 1137 1539 1212 ecclesie
1573 1085 1851 1212 Sanctorum

489 1257 822 1348 Apostolorum
856 1257 978 1331 Petri
1012 1263 1055 1330 el
1081 1258 1265 1355 Andree
1299 1257 1712 1352 Pedeburgensis⁸.
1781 1339 1783 1344 ,
1903 1275 1905 1278 ·

377 1406 581 1472 Dilectorum
612 1407 751 1470 filiorum
783 1406 943 1472 nobilium
975 1408 1118 1471 virorum
1149 1457 1187 1474 ..
1219 1407 1260 1474 de
1285 1406 1497 1473 7177777777.Μ
1527 1412 1560 1472 et
1593 1455 1633 1472 ..
1661 1406 1702 1471 de
1720 1404 1927 1472 Waldeche²

274 1512 429 1576 comitum
452 1511 605 1596 precibus
629 1511 792 1586 inclinati,
820 1511 956 1576 dilectos
980 1510 1063 1576 filios
1088 1510 1248 1575 decanum
1271 1517 1305 1576 et
1326 1511 1506 1596 'capitulum
1526 1509 1624 1576 'Nove
1647 1510 1795 1576 Ecclesie
1818 1509 1927 1574 Pa'de-

273 1615 448 1680 burnensis
480 1615 623 1680 diocesis
659 1615 824 1701 rogandos
857 1615 1011 1679 duximus
1047 1623 1079 1678 et
1113 1614 1309 1696 monendos,
1345 1615 1460 1680 dentes
1494 1614 1555 1679 sibi
1590 1613 1710 1679 nostris
1745 1613 1864 1678 litteris
1895 1614 1927 1677 in

273 1718 453 1798 mandetis,
483 1725 521 1783 ut
548 1719 703 1784 dilectum
735 1718 837 1783 filium
867 1717 1046 1782 Corradum
1077 1719 1231 1783 clericum
1260 1717 1568 1798 Padeburnensem,
1600 1717 1755 1783 devotum
1783 1717 1927 1802 ipsorum

273 1823 444 1903 comitum,
475 1824 599 1887 nullum
633 1825 719 1888 sicut
750 1823 865 1888 asserit
894 1823 1156 1887 ecclesiasticum
1184 1821 1380 1887 beneficium
1405 1829 1608 1902 assecutum,
1639 1822 1681 1886 ob
1705 1821 1924 1886 reverentiam

272 1927 452 2011 apostolice
481 1926 570 1992 sedis
593 1933 626 1992 et
649 1933 793 1992 nostram
817 1925 1014 2012 recipientes
1037 1927 1070 1990 in
1095 1925 1286 1989 canonicum
1315 1931 1349 1990 et
1371 1926 1404 1990 iu
1426 1926 1578 2004 fratrem,
1608 1924 1809 2012 prebendam
1834 1923 1926 2008 [ei]⁰,

273 2029 304 2092 si
326 2051 391 2114 qua
413 2031 445 2093 in
469 2051 581 2094 eorum
604 2030 744 2094 ecclesis
761 2037 856 2094 vacet
875 2029 916 2094 ed
932 2049 1070 2115 presens
1086 2029 1139 2092 vel
1164 2050 1260 2113 quam
1283 2029 1421 2115 primum
1445 2029 1485 2094 ad
1502 2029 1535 2093 id
1552 2051 1588 2094 se
1603 2028 1746 2093 facultas
1762 2026 1926 2106 obtulerit,

274 2131 454 2197 liberaliter
476 2133 624 2198 conferre
647 2139 824 2220 procurent
846 2170 887 2182 -
914 2154 980 2197 uon
1004 2131 1176 2196 obstante‘¹
1200 2138 1291 2196 certo
1321 2131 1552 2197 canonicorum
1584 2153 1719 2196 numero
1742 2131 1926 2195 iuramento

271 2235 325 2300 vel
359 2236 601 2300 confirmatione
631 2236 718 2301 sedis
748 2237 928 2322 apostolice
958 2257 1016 2300 seu
1045 2239 1243 2322 'quacunque
1275 2235 1340 2299 alia
1372 2235 1527 2300 firmitate
1558 2235 1694 2314 vallato,
1729 2240 1786 2299 aut
1819 2233 1846 2297 si
1877 2234 1926 2297 eis

273 2338 453 2406 direximus
488 2342 611 2427 scripta
644 2347 756 2406 nostre
784 2363 842 2427 pro
872 2340 958 2419 aliis,
994 2340 1112 2425 quibus
1148 2339 1343 2405 auctoritate
1377 2341 1560 2404 litterarum
1594 2338 1740 2423 ipsarum
1773 2337 1926 2401 nolumus

271 2443 485 2536 preludicium
512 2445 676 2529 generari.
729 2442 892 2517 Quocirca
919 2442 1128 2522 mandamus,
1158 2443 1326 2530 quatinus,
1356 2444 1382 2508 si
1406 2442 1485 2507 dicti
1512 2441 1658 2506 decenus
1688 2447 1720 2505 et
1747 2439 1925 2527 capitulum

273 2547 462 2612 mandatum
477 2553 624 2612 nostrum
644 2549 852 2633 neglexerint
867 2547 1057 2634 adimplere,
1073 2567 1131 2611 vos
1146 2546 1227 2611 illud
1244 2548 1364 2632 exequi
1379 2546 1571 2633 procuretis,
1589 2543 1845 2610 contradictores
1861 2547 1926 2608 ete·

377 2669 454 2736 Dat.
478 2670 642 2756 Lugduni,
665 2669 767 2736 XVII
790 2670 865 2738 Kal.
889 2669 1094 2760 Decembris,
1110 2679 1203 2734 ‘anno
1226 2675 1351 2754 quarto.

890 2929 1298 2938 -----

1057 3173 1142 3246 259.

375 3291 594 3385 Innocentius
611 3315 667 3380 IV
681 3336 770 3396 popo
792 3315 983 3398 Manegoldo
1005 3314 1109 3378 comiti
1135 3312 1172 3376 de
1193 3311 1344 3392 Wiltpcrc
1371 3312 1419 3394 [ct
1439 3309 1647 3394 Moncyoldo]
1672 3315 1701 3374 ct
1722 3309 1924 3391 Morq'uordo

270 3421 349 3502 filiis
367 3421 435 3484 cine
457 3419 611 3502 indulget,
640 3424 675 3484 nt
696 3420 763 3485 sinc
785 3420 914 3500 speciali
935 3419 1018 3485 sodis
1040 3417 1226 3499 apostolicos
1248 3415 1397 3480 mundato
1425 3413 1689 3480 excommunicari
1710 3433 1774 3478 non
1787 3415 1923 3494 possint.

1574 3520 1667 3596 1246,
1689 3517 1769 3582 Non.
1783 3519 1837 3582 22.

375 3626 438 3680 Inn
459 3625 509 3679 IV
528 3626 592 3695 1777.
615 3626 669 3681 Vol.
689 3626 714 3695 I,
736 3633 799 3693 347,·
823 3626 884 3682 Lrb.
902 3626 955 3694 IV,
973 3633 1029 3680 781.
1074 3625 1229 3693 Enarrplor,
1245 3623 1317 3691 quod
1333 3623 1434 3692 Borqer
1450 3621 1541 3690 777777,
1559 3638 1619 3676 cnm
1639 3619 1755 3690 1777777777
1771 3619 1882 3673 contulit
1899 3625 1923 3674 77

271 3728 303 3766 ce
319 3712 353 3766 iic
370 3712 498 3780 supplerit
522 3711 551 3766 V.
561 3711 639 3766 Old.
660 3712 739 3768 Mors.

375 3799 473 3867 Berycr
489 3805 560 3880 2777.

297 3959 541 4034 Nobilibus
568 3961 683 4034 viris
710 3961 977 4054 Manegoldo
1006 3961 1162 4035 comiti
1190 3961 1242 4032 de
1271 3947 1482 4049 Wilperc⁰
1511 3951 1567 4055 [et
1593 3921 1917 4052 Manegold01‘·

450 4083 501 4155 ac
527 4083 811 4198 Marquerdo
839 4082 959 4156 filiis
986 4082 1088 4156 suis
1115 4079 1488 4172 Herbipolensis
1514 4080 1735 4154 diocesis

372 4228 565 4295 Deuotionis
590 4233 772 4312 sinceritas,
796 4254 892 4318 quom
916 4233 957 4296 ad
980 4253 1040 4297 nos
1064 4239 1097 4297 et
1119 4233 1302 4297 Romanam
1327 4231 1500 4296 ecclesiam
1523 4230 1646 4296 habere
1667 4251 1726 4294 ¹vos
1750 4230 1921 4307 credimus,

270 4340 483 4418 promeretur,
507 4341 616 4399 utros
639 4335 751 4401 favore
774 4357 1012 4422 prosequamur
1027 4336 1132 4421 gretie
1150 4335 1303 4421 specialis
1315 4335 1337 4398 ³.
1382 4333 1469 4398 Hinc
1487 4340 1548 4414 est,
1573 4333 1657 4419 quod
1671 4333 1765 4398 vobis
1782 4334 1920 4398 auctori-

271 4443 338 4502 tate
361 4439 562 4524 presentium
585 4439 808 4523 indulgemus,
836 4443 883 4502 ut'
901 4439 1009 4504 nullus
1037 4461 1056 4503 a
1089 4438 1167 4504 sede
1197 4439 1379 4523 apostolico
1406 4437 1577 4523 delegatus
1604 4435 1920 4522 nelsubdelegatus

270 4540 420 4626 abipso,
449 4548 606 4607 executor
627 4549 683 4608 sut
707 4549 930 4623 conservator,
963 4542 1085 4608 esede
1108 4541 1202 4606 datus
1232 4541 1362 4622 eadem,
1393 4543 1425 4606 in
1452 4562 1608 4627 personas
1632 4547 1758 4606 vestras
1786 4561 1919 4606 exeom-

269 4645 497 4710 municationis
521 4647 719 4711 sententium
742 4647 852 4710 voleat
875 4645 1082 4732 promulgare
1114 4645 1238 4730 absque
1269 4645 1405 4730 speciali
1433 4645 1612 4730 apostolice
1641 4644 1729 4710 sedis
1756 4645 1920 4723 mandato,

268 4748 409 4815 faciente
443 4749 484 4815 de
521 4751 582 4815 huc
615 4750 821 4836 indulgentie
853 4750 1065 4818 mentionem.
1120 4749 1209 4814 Nulli
1244 4771 1322 4834 ergo
1357 4755 1418 4815 ete.
1454 4755 1565 4815 nostre
1600 4747 1821 4862 concessionis
1857 4754 1918 4813 etc.

270 4849 399 4938 Siquis
423 4859 485 4918 etc.

371 4971 447 5040 Dat.
470 4972 632 5058 Lugduni,
657 4973 688 5037 X
711 4973 786 5040 Kal.
809 4973 1015 5055 Decembris,
1040 4994 1124 5038 enno
1147 4980 1272 5058 quarto.

370 5233 487 5299 *lircil
562 5235 587 5301 ¹²)
600 5239 725 5292 sverans
739 5238 772 5289 B.
848 5238 870 5300 ο)
885 5238 1038 5290 eidccrtM.
1114 5237 1139 5306 d)
1158 5257 1194 5290 ors
1212 5257 1264 5292 non
1282 5241 1392 5293 obst:
1405 5259 1457 5292 nou
1475 5239 1654 5294 obstantibus!
1723 5237 1746 5301 θ)
1759 5237 1873 5304 Wilpere
1886 5235 1917 5287 B.

266 5317 287 5382 f)
305 5319 334 5370 io
348 5337 396 5386 per
413 5337 528 5373 errorem
546 5323 668 5374 7777777777
685 5333 823 5390 mmor,
846 5325 908 5390 orsio
931 5325 990 5376 filiis
1010 5327 1064 5377 suis
1086 5326 1244 5392 adscriptum
1261 5336 1298 5380 777
1319 5335 1342 5379 77
1365 5327 1551 5394 711777ροὶ777,
1577 5326 1661 5378 rrmior
1683 5334 1711 5375 nt
1732 5325 1832 5376 videtur
1855 5331 1918 5373 notu

267 5405 334 5458 inter
350 5408 456 5470 fratrer,
474 5417 498 5459 77
514 5408 568 5474 ipre
585 5409 704 5461 ccclesiae
715 5410 825 5476 socedat
843 5406 1089 5476 [Bomos-Victor,
1106 5411 1123 5463 l.
1137 5431 1157 5464 o.
1175 5410 1266 5479 reon.

371 5543 397 5612 ι)
416 5543 537 5598 somna
550 5545 670 5600 77777·
686 5547 872 5602 enmono
888 5548 1013 5602 omnm
1030 5547 1061 5602 7
1074 5549 1214 5604 moron
1231 5549 1326 5619 [prope
1343 5549 1531 5618 77777777
1543 5563 1575 5602 a
1591 5552 1654 5616 ops
1666 5546 1713 5600 nv
1727 5543 1918 5615 17777777]

187 5644 213 5682 ιο
267 5628 317 5682 on
332 5629 428 5684 7177777
440 5630 553 5684 Hennes
566 5631 742 5702 Bosporanis
759 5642 871 5702 o.1246,
894 5635 1009 5690 Mater
1027 5634 1092 5689 doto
1110 5637 1248 5706 lenonum,-
1266 5636 1297 5703 cs
1312 5634 1545 5703 Bonna-Frons,
1558 5635 1606 5690 77
1619 5641 1693 5690 4868.
1763 5633 1791 5700 2)
1804 5630 1920 5769 Adolfns

264 5731 349 5770 comcs
365 5713 396 5770 de
413 5716 539 5772 Woldelrc
555 5717 647 5772 eidem
663 5719 804 5775 7777777777.
892 5723 920 5789 3)
940 5721 1017 5788 Clln
1017 5730 1088 5778 ,171
1105 5729 1129 5778 ot
1147 5729 1204 5778 239.

370 5811 433 5865 Res.
453 5811 535 5866 Ponr.
553 5813 589 5869 II.
1676 5822 1710 5880 75
