4734 6334
839 429 1039 484 EPISTOLAE
1059 428 1252 484 SELEGTAE.
1289 430 1363 484 1249.

1054 731 1142 804 703.

381 827 599 920 Innocentius
621 855 679 919 IV
691 876 781 938 plura
803 853 945 938 liudolfo
966 853 1126 918 scolastico
1148 852 1342 935 Atcpasteasi
1363 855 1527 934 confirmat
1542 873 1732 934 processum,
1754 875 1815 936 per
1841 877 1932 936 quem

276 960 413 1050 macrias
434 958 659 1023 Eiristclensis
685 959 723 1023 de
751 957 902 1022 nrurrdato
928 957 1110 1040 apostolica,
1141 957 1266 1022 obtuitu
1292 957 1408 1022 nolitis
1435 957 1498 1021 ciri
1523 957 1556 1024 (i.
1579 957 1616 1020 de
1635 958 1820 1024 Waieebnrc
1847 959 1930 1036 dicto,

276 1063 340 1144 ipsi
360 1062 558 1127 scolastriam
579 1061 808 1144 Anprcstcnsem
830 1061 1004 1126 contulerit.
1578 1063 1672 1140 1249,
1695 1062 1776 1146 Apr.
1792 1066 1844 1126 30.

382 1181 446 1234 Inn.
464 1180 512 1234 IV
526 1180 593 1248 Rea.
612 1181 671 1236 La.
686 1180 732 1248 VI,
749 1181 824 1247 tau,
841 1197 869 1234 n.
881 1188 935 1236 661.
967 1179 1091 1250 Epistola
1107 1197 1164 1234 non
1181 1185 1243 1234 ante
1259 1185 1395 1234 amntem
1412 1197 1527 1236 numera
1546 1181 1610 1234 Ian
1627 1181 1766 1250 rapistrata
1783 1186 1826 1236 cst.

211 1285 223 1322 s
379 1266 508 1336 Ponam
528 1267 591 1336 aa.
605 1273 699 1334 renna·
716 1267 814 1338 uerae
830 1273 905 1322 socr.

588 1446 802 1520 Rudollo²
828 1443 1072 1518 scolastico
1101 1447 1289 1520 ecclesie
1317 1445 1627 1538 ragusiensis.

387 1596 470 1661 Cum
493 1619 513 1660 a
536 1595 627 1659 nobis
650 1595 773 1680 petitur
788 1599 850 1660 etc.
875 1616 995 1680 usque:
1019 1595 1183 1659 effectum.
1223 1596 1310 1660 Sanc
1334 1602 1365 1659 tc
1387 1595 1480 1659 nobis
1496 1595 1572 1658 olim
1590 1595 1774 1676 intimante,
1798 1595 1884 1682 quod
1901 1647 1931 1662 ..

279 1701 441 1787 quondam
470 1699 662 1765 scolasticus
685 1698 908 1783 Augustensis
937 1720 972 1762 se
999 1697 1042 1762 ad
1071 1697 1219 1764 ordinem
1249 1699 1384 1764 fratrum
1408 1698 1656 1763 Predicatorum
1684 1699 1931 1779 transtulerctb,

279 1805 312 1868 in
336 1826 376 1868 eo
403 1810 440 1868 ut
467 1803 663 1867 credebatur
690 1808 848 1888 perpetuo
876 1807 1075 1881 moraturus,
1104 1823 1163 1866 nos
1193 1802 1328 1867 obtentu
1360 1802 1479 1866 nobilis
1502 1802 1563 1866 viri
1585 1799 1621 1866 Ο.
1647 1802 1687 1867 de
1707 1801 1931 1868 Waineburc¹

202 1931 227 1969 ιο
280 1907 399 1972 diiecto
422 1907 488 1971 iiiio
513 1957 544 1971 ..
569 1904 692 1970 decano
715 1904 896 1969 Eistctensi
918 1905 1039 1968 nostris
1062 1904 1210 1969 dedimus
1234 1904 1352 1970 litteris
1375 1905 1409 1968 in
1432 1903 1609 1986 mandatis,
1640 1913 1677 1970 ut
1700 1905 1729 1970 si
1750 1911 1930 1970 memorato

278 2011 453 2076 scolastico
483 2009 668 2096 predictum
696 2007 844 2073 ordinem
873 2007 1049 2093 profitente
1073 2008 1277 2073 scolastriam
1300 2009 1523 2093 Augustensis
1547 2009 1688 2073 ecclesie
1712 2029 1830 2073 vacare
1854 2029 1932 2072 con-

278 2116 431 2200 tingeret,
454 2135 537 2192 eam,
560 2117 733 2198 postquam
756 2110 797 2176 de
819 2111 881 2175 hoc
897 2110 994 2197 plene
1011 2115 1178 2175 constaret
1194 2111 1312 2194 eidem,
1336 2112 1406 2192 tibi,
1431 2111 1636 2196 Augustonsi
1652 2112 1932 2177 archidiaconatui

278 2217 475 2302 resignant,
506 2215 700 2281 auctoritate
730 2221 843 2279 nostra
872 2213 1021 2278 conferre
1050 2235 1088 2278 ac
1111 2215 1280 2300 assignare
1304 2221 1443 2280 curaret.
1489 2215 1568 2296 Qui,
1602 2237 1675 2280 eum
1699 2216 1762 2280 sibi
1791 2215 1832 2280 de
1855 2237 1932 2302 pro-

278 2321 421 2386 fessione
444 2318 617 2385 memorati
638 2319 803 2384 scolastici
825 2319 914 2382 facta
935 2318 969 2381 in
993 2316 1106 2382 ordine
1130 2317 1318 2403 supradicto
1341 2319 1470 2404 plenius
1502 2320 1721 2398 constitisset,
1753 2319 1813 2384 tibi
1841 2320 1934 2384 iuxta

280 2422 425 2488 mandati
448 2424 550 2489 nostri
573 2430 722 2488 tenorem
746 2421 949 2486 scolastriam
980 2421 1118 2486 contulit
1147 2421 1364 2504 antedictam,
1395 2430 1429 2488 et
1459 2422 1618 2488 mandans
1645 2423 1874 2487 nichilominus
1901 2472 1934 2488 ..

279 2529 396 2609 electa,
420 2576 453 2594 ..
476 2527 656 2614 preposito,
675 2574 708 2592 ..
733 2525 859 2592 decano
883 2531 917 2590 ct
940 2525 1084 2611 capitulo
1101 2525 1381 2610 Augustensibus,
1403 2533 1440 2591 ut
1462 2531 1494 2591 te
1518 2527 1704 2612 reciperent
1725 2527 1759 2590 in
1784 2525 1933 2607 eandem,

198 2665 202 2674 ·
278 2631 357 2696 fecit
387 2639 420 2697 te
450 2633 485 2695 in
513 2630 616 2716 ipsius
650 2628 854 2715 corporalem
883 2627 936 2692 vel
969 2629 1062 2714 quasi
1096 2629 1344 2716 possessionem
1378 2628 1505 2709 induci,
1541 2629 1574 2692 in
1608 2628 1866 2694 contradictores
1901 2634 1935 2694 et

278 2735 419 2801 rebelles
449 2734 795 2801 excommunicationis
819 2733 1017 2798 sententiam
1045 2734 1298 2819 promulganda,
1330 2739 1427 2819 prout
1455 2733 1489 2796 in
1520 2732 1639 2819 preieti
1670 2731 1785 2798 decani
1814 2732 1933 2797 litteris

278 2836 398 2903 dicitur
419 2840 551 2926 plenius
574 2838 745 2905 contineri.
789 2837 859 2902 Nos
884 2837 992 2922 igitur,
1018 2837 1081 2901 tuis
1105 2837 1399 2924 supplicationibus
1423 2837 1587 2917 inclinati,
1618 2836 1735 2901 decani
1757 2836 1835 2900 dicti
1858 2858 1933 2922 pro-

199 2971 225 3010 so
278 2966 409 3010 cessum
433 2965 532 3030 super
555 2943 617 3008 hoc
640 2943 800 3022 habitum,
824 2943 908 3006 sicut
930 2946 982 3006 est
1005 2941 1120 3021 iustus,
1144 2948 1251 3006 ratum
1275 2941 1436 3006 habentes
1457 2946 1491 3005 et
1505 2945 1646 3026 gratum,
1669 2940 1776 3025 ipsum
1793 2942 1934 3004 auctori·

278 3055 346 3114 tate
370 3047 553 3134 apostolica
576 3047 805 3112 confirmamus
829 3051 862 3111 et
878 3045 1039 3131 presentis
1057 3044 1171 3129 scripti
1189 3045 1371 3130 patrocinio
1388 3045 1635 3112 communimus.
1670 3041 1761 3107 Nulli
1777 3064 1856 3129 ergo
1872 3049 1934 3110 ete.

386 3169 464 3235 Dat.
488 3167 652 3253 Lugduni,
676 3167 711 3230 II
734 3165 809 3232 Kal.
833 3165 924 3248 Maii,
947 3187 1032 3230 anuo
1048 3165 1121 3230 vn.

1067 3672 1154 3746 704.
1196 3683 1199 3690 '

386 3773 603 3868 Irzrroccntins
618 3800 643 3864 I
647 3797 677 3862 V
681 3818 773 3880 papa
794 3794 1035 3877 archiepiscopis
1057 3799 1085 3860 ct
1107 3794 1183 3859 aliis
1200 3794 1359 3874 praelatis
1379 3797 1408 3858 ei
1427 3794 1549 3858 doricis
1564 3794 1781 3859 Alamanniae
1796 3791 1937 3869 recondat,

280 3911 315 3969 nt
327 3903 550 3990 [Gonrudum]
559 3901 824 3982 archiepiscopum
837 3898 1058 3976 Oolonienscm,
1073 3898 1125 3962 cai
1139 3897 1175 3961 in
1186 3897 1334 3978 partibus
1347 3898 1487 3978 ipsorum
1498 3898 1611 3978 plenae
1624 3897 1789 3982 lepotionis
1800 3895 1939 3976 officinm

205 4033 230 4074 rs
283 4009 479 4084 columnerit,
501 4006 631 4088 benipne
653 4003 810 4086 recipiant
830 4006 860 4066 et
874 4005 1046 4084 praecepta
1068 4001 1136 4066 eins
1158 4001 1326 4083 efficaciter
1346 4001 1552 4082 adimpleant.
1598 4003 1692 4078 2249,
1707 4001 1787 4081 Apr.
1799 4002 1851 4063 30.

385 4129 449 4182 Iun.
462 4127 484 4180 Ι
485 4125 510 4180 V
526 4125 589 4196 neq.
609 4124 669 4179 Isi).
688 4123 736 4190 VI,
751 4123 773 4190 s.
786 4129 826 4190 42,
845 4139 873 4175 n.
886 4127 945 4176 486.

385 4212 514 4280 Potitum
535 4212 601 4280 Rea.
618 4217 710 4277 13616,·
728 4209 826 4279 Berpa
844 4215 920 4262 4476.

468 4387 833 4482 Archiepiscopis
860 4392 904 4462 et
931 4386 1181 4478 episcopie,
1210 4387 1474 4473 abbatibus
1503 4383 1752 4476 prioribus

389 4512 587 4599 decanis,
616 4508 949 4584 archidiaconis
976 4513 1019 4581 et
1048 4507 1156 4580 aliis
1184 4505 1477 4580 ecclesiarum
1512 4505 1722 4596 prelatiS,
1750 4510 1837 4579 tam

205 4664 231 4702 a
355 4631 570 4724 exemptis
597 4652 728 4724 quam
754 4651 841 4702 non
870 4627 1106 4719 exemptis,
1135 4647 1326 4700 necnon
1354 4624 1565 4716 capitulis
1593 4630 1635 4698 et
1662 4625 1874 4700 universo

585 4753 704 4828 clero
732 4773 810 4844 per
837 4769 1021 4842 regnum
1051 4745 1334 4822 Alammanie
1361 4746 1638 4820 constitutis

393 4902 482 4970 Cura
504 4902 600 4968 nobis
623 4901 799 4968 commissa
822 4901 962 4966 ecclesie
992 4898 1173 4985 generalis,
1201 4895 1375 4982 potestatis
1404 4895 1629 4961 ecclesiastice
1661 4895 1833 4982 plenitudo
1862 4918 1939 4962 eon-

285 5029 389 5089 cessa,
420 5029 477 5072 cor
498 5011 646 5072 nostrum
670 5005 826 5071 continua
846 5004 956 5090 pulsat
978 5003 1144 5084 instantia,
1167 5001 1253 5087 iugis
1277 5021 1337 5070 nos
1361 4999 1568 5085 cogitationis
1593 4999 1723 5064 stimulo
1747 5000 1881 5081 excitat,
1904 5008 1942 5064 ut

904 5146 990 5152 -——
1000 5147 1060 5152 -—
1072 5145 1238 5151 ——-.---
1251 5143 1442 5150 -—..—-—---
1457 5143 1836 5150 ----.--—----—.¹

389 5235 414 5300 ⁸)
434 5236 470 5286 ita
487 5236 515 5288 in
532 5193 625 5302 marpi,
643 5235 671 5286 in
689 5234 767 5285 rubro
785 5232 907 5286 Rudullo.
1010 5228 1035 5292 b)
1053 5229 1202 5282 trastuierat
1218 5227 1252 5280 B.

207 5389 232 5427 ss
286 5385 355 5438 repes
377 5369 486 5424 riiciliae
508 5368 612 5421 diutins
635 5367 780 5421 nnnisse-nl
805 5373 830 5421 et
855 5365 1016 5420 liidcricns
1047 5363 1185 5431 numidam
1208 5363 1354 5430 imperator
1376 5361 1410 5416 G.
1429 5359 1563 5414 Francia
1589 5359 1750 5426 munuca,
1780 5360 1944 5429 reclinarem·

286 5455 423 5522 Ponant,
449 5455 512 5523 Rap.
530 5461 623 5516 reolo,-
649 5453 681 5506 in
701 5452 764 5520 ileo.
783 5451 842 5505 In'lr.
859 5451 905 5506 VI
922 5450 955 5504 ab
976 5457 1099 5517 21228,
1119 5448 1284 5516 Iul-Sept.
1309 5447 1410 5502 inanit.
1429 5447 1538 5501 nonna
1573 5445 1864 5513 Hunilam-Brittones,
1887 5448 1904 5501 i.
1921 5462 1943 5502 c.

286 5547 304 5595 t.
319 5541 367 5608 VI,
382 5540 580 5610 proretam
599 5539 642 5593 ⁴6.
658 5537 830 5592 Francicran'
849 5535 1032 5590 ‘Guillelnaaa
1049 5533 1150 5590 dictum
1164 5533 1352 5588 Francncunr'
1374 5532 1419 5602 [de
1439 5549 1494 5601 auo
1516 5533 1550 5598 es.
1566 5538 1666 5600 12224,
1684 5536 1736 5586 not.
1749 5533 1780 5602 6]
1797 5547 1850 5586 esse
1870 5532 1942 5602 tau,

287 5627 359 5698 quod
376 5628 451 5682 noua
468 5633 566 5682 cenum
583 5643 639 5680 rron
656 5631 700 5680 eet.

392 5717 418 5781 1)
439 5712 571 5768 Fortasse
590 5710 708 5766 Ooruudi
726 5709 828 5766 comme
845 5707 878 5763 de
897 5707 1048 5776 Waeclrurc,
1069 5706 1251 5777 Wuseerlrnrp,
1269 5705 1301 5760 de
1318 5722 1371 5774 quo
1387 5707 1418 5772 cl.
1436 5723 1464 5760 n.
1479 5713 1536 5774 560,
1554 5709 1604 5762 562
1620 5709 1645 5759 ct
1661 5711 1716 5760 sto.

391 5808 456 5863 ltro.
472 5809 552 5864 Pom.
567 5807 601 5861 11.
1703 5800 1737 5854 66

1007 5911 1016 5950 r
