4790 6340
862 394 1061 460 nrrsronsu
1083 393 1274 459 SELEC'I'AE.
1311 396 1386 458 1248.
1888 403 1951 470 339

304 593 339 638 se
368 569 483 660 dignos
513 573 569 641 illo
600 574 713 640 favore
741 577 957 650 constituunt,
990 584 1027 642 ut
1055 600 1153 664 super
1181 578 1331 662 hiisque
1362 583 1437 642 sunt
1467 575 1602 642 honoris
1627 583 1659 641 et
1682 577 1786 662 gratie
1810 577 1951 641 libenter

305 681 471 764 oportunis
493 679 694 766 temporibus
718 700 830 746 eorum
854 682 1005 767 precibus
1029 703 1219 746 annuamus.
1267 681 1353 746 Sane
1385 681 1463 746 dieti
1494 681 1620 746 nobiles
1651 703 1708 766 pro
1742 681 1861 746 dilecto
1885 681 1951 745 filio
2052 715 2058 724 -

307 781 453 845 Arnoldo
478 783 596 846 clerico
620 782 661 847 de
685 783 915 870 Magdeburm,
939 785 1057 850 devoto
1080 787 1235 872 ipsorum,
1260 807 1319 849 nos
1343 786 1521 850 affectuose
1545 785 1722 872 rogaruntb
1744 808 1803 872 per
1824 786 1952 849 litteras

306 885 477 971 speciales,
501 893 537 949 ut
561 886 681 966 eidem,
705 888 829 950 nullum
853 889 1112 953 ecclesiasticum
1135 889 1330 953 beneficium
1359 895 1456 975 prout
1479 888 1596 953 dicitur
1619 895 1785 966 assecuto,
1810 889 1953 973 aliquam

229 1036 233 1048 .
305 994 540 1072 congruentem
563 990 701 1074 gratiam
725 991 917 1058 faceremus.
964 991 1045 1056 (ium
1069 1000 1180 1058 autem
1203 993 1289 1058 idem
1314 993 1452 1057 clericus
1476 993 1518 1056 sit
1541 992 1627 1079 apud
1650 1014 1709 1056 nos
1739 993 1779 1057 de
1808 992 1953 1056 honestis

305 1091 450 1155 moribus
485 1099 519 1156 ct
552 1095 798 1159 conversations
833 1094 988 1159 laudabili
1025 1096 1287 1177 commendatus,
1323 1096 1570 1160 universitatem
1609 1093 1800 1180 [vestram]⁰
1827 1101 1952 1159 attente

306 1193 483 1278 rogandam
506 1195 658 1259 duximus
683 1204 716 1262 et
738 1199 949 1274 monendam,
982 1199 1175 1264 mandantes
1206 1200 1357 1284 quatinus
1385 1198 1541 1277 eundem,
1574 1200 1601 1261 si
1628 1199 1769 1262 nondum
1794 1199 1872 1263 alibi
1895 1221 1954 1285 pro

304 1297 376 1381 ipso
411 1299 618 1383 scripsimus,
648 1322 708 1386 pro
737 1303 917 1387 apostolice
945 1301 1031 1367 sedis
1066 1311 1099 1366 et
1121 1309 1233 1366 nostra
1265 1303 1450 1366 reverentia
1480 1303 1511 1365 in
1542 1301 1676 1365 fratrem
1704 1311 1737 1365 et
1765 1301 1954 1367 canonicum

308 1399 486 1466 admittatis
521 1424 559 1466 ac
593 1403 633 1468 de
668 1404 850 1491 prebenda,
885 1428 981 1492 quam
1017 1408 1081 1471 cito
1117 1428 1153 1470 se
1182 1405 1320 1470 facultas
1346 1404 1515 1484 obtulerit,
1544 1405 1725 1470 liberaliter
1754 1406 1955 1492 provideatis

310 1503 416 1568 eidem
441 1543 480 1554 —
503 1528 569 1572 nou
593 1508 768 1574 obstante‘l
792 1516 881 1574 certo
910 1513 1137 1574 canonicorum
1166 1530 1299 1574 numero
1327 1510 1509 1574 iuramento
1540 1530 1598 1573 seu
1628 1531 1832 1596 quacumque
1856 1510 1955 1573 firmi-

307 1613 375 1672 tate
397 1609 529 1690 vallato,
552 1613 606 1675 vel
632 1613 659 1676 si
683 1633 741 1698 pro
766 1613 829 1677 alio
848 1614 941 1678 vobis
966 1613 1087 1700 scripta
1111 1621 1222 1678 nostra
1238 1613 1429 1692 direximus,
1446 1613 1564 1697 quibus
1582 1612 1732 1676 uolumus
1749 1621 1810 1678 etc.
1834 1635 1955 1698 usque:

308 1715 474 1796 generari,
507 1715 576 1779 sive
607 1715 966 1802 aliquaiudulgeutia,
1001 1717 1041 1782 de
1075 1737 1140 1802 qua
1168 1716 1345 1802 specialem
1368 1717 1401 1779 in
1424 1717 1543 1780 litteris
1573 1717 1691 1780 nostris
1713 1721 1863 1803 oporteat
1886 1716 1955 1781 fieri

309 1816 506 1881 mentionem
531 1843 587 1894 -;
618 1840 733 1906 preces
765 1832 892 1885 nostras
917 1827 949 1885 et
972 1821 1161 1886 mandatum
1184 1821 1293 1884 taliter
1327 1820 1509 1904 impleturi,
1543 1826 1579 1882 ut
1603 1827 1814 1904 augmentum
1837 1819 1957 1882 favoris

310 1927 343 1984 et
365 1922 470 2004 gratie
493 1922 586 1987 uobis
609 1923 697 2009 apud
719 1944 778 1988 nos
802 1925 906 2009 possit
928 1921 1048 1988 exinde
1073 1923 1257 2009 provenire.
1307 1923 1464 2008 Alioquin
1493 1923 1613 1987 dilecto
1643 1923 1710 1986 filio
1736 1975 1767 1988 ..
1792 1922 1957 2008 preposito

246 2039 257 2075 ⁵
311 2026 449 2090 ecclesie
487 2027 591 2090 sancti
617 2027 685 2091 Viti
724 2028 764 2092 dc
802 2028 1023 2092 Niemborch²
1057 2027 1353 2114 Magdeburgensis
1392 2027 1534 2092 diocesis
1573 2048 1633 2113 per
1668 2027 1794 2091 litteras
1830 2030 1957 2089 nostras

310 2129 518 2214 iniungimus,
542 2137 579 2194 ut
602 2132 783 2217 super'hcc
806 2131 996 2197 mandatum
1019 2132 1233 2218 apostolicum
1258 2137 1459 2216 exequatur;
1484 2131 1739 2196 contradictores
1763 2135 1825 2196 etc.

413 2252 491 2318 Dat.
513 2252 677 2337 Lugduni,
700 2252 787 2319 XIII
808 2253 884 2318 Kal.
908 2252 1060 2334 Ianuarii,
1084 2274 1170 2317 anuo
1187 2251 1243 2316 V⁰.

928 2461 1338 2468 ...mm

1093 2671 1179 2746 477.

415 2782 634 2876 Innocentius
656 2810 711 2878 IV
726 2833 815 2894 popo
842 2810 980 2878 terranea
1008 2813 1105 2878 castri
1133 2813 1170 2877 dc
1196 2812 1308 2879 Cassio
1330 2832 1351 2876 o
1374 2811 1590 2893 qnaestctione
1609 2807 1700 2898 fodri
1722 2831 1818 2894 nsqnc
1841 2812 1886 2878 cd
1906 2832 1961 2878 sea

311 2937 413 2982 annos
434 2918 551 2982 eximit.
1632 2919 1725 2994 1248,
1748 2917 1823 2984 lon.
1846 2921 1875 2982 6.

417 3041 479 3093 Inn.
499 3039 546 3092 IV
562 3038 627 3106 aa.
647 3038 702 3092 Vol.
721 3039 744 3106 I,
763 3045 826 3105 499;
844 3037 903 3093 Ino.
919 3038 948 3104 V,
965 3045 1022 3093 494.
1060 3037 1158 3092 Ponat
1175 3039 1306 3106 manplm
1323 3037 1485 3091 contulimus
1506 3053 1567 3090 aim
1588 3035 1716 3104 Tleeiner,
1738 3035 1962 3106 Cou.‹tt1›1.don.

310 3134 384 3196 tenqn
402 3143 423 3182 s.
441 3125 509 3180 sodis
525 3131 543 3179 t.
563 3125 630 3193 ζμ
648 3131 707 3192 126,
726 3143 753 3178 n.
771 3131 825 3180 231.

416 3212 545 3278 Paean,
564 3211 626 3280 aa.
646 3217 742 3278 1280&
760 3211 856 3278 Beroen
872 3217 943 3266 3544.

523 3390 809 3464 Hominibus
837 3389 989 3464 castri
1016 3390 1070 3463 de
1098 3387 1283 3478 Cassian
1311 3391 1526 3464 fidelibus
1552 3389 1756 3478 nustria,

906 3512 1153 3602 Spoletane
1180 3513 1385 3586 diocesis,

417 3661 545 3726 Efficax
569 3666 676 3725 vestre
706 3659 889 3724 devotionis
923 3663 1071 3723 meretur
1105 3637 1260 3739 allectus,
1291 3667 1327 3724 ut
1351 3661 1468 3725 vestris
1499 3660 1773 3746 postulationibus
1797 3657 1962 3722 favorabi-

313 3769 388 3832 liter
414 3789 605 3833 annuamus.
657 3765 743 3829 Hinc
773 3770 840 3840 est,
870 3765 956 3850 quod
980 3765 1096 3829 vestris
1121 3764 1246 3828 devotis
1271 3765 1562 3852 supplicationibus
1585 3763 1747 3844 inclinati,
1779 3769 1814 3828 ut
1847 3783 1964 3846 apre-

315 3873 475 3936 statione0
508 3870 608 3951 fodri,
643 3871 676 3934 in
710 3889 773 3955 quo
809 3869 977 3933 annuatim
1012 3869 1151 3934 ecclesie
1182 3869 1329 3934 Romane
1358 3871 1529 3951 tenemini,
1558 3888 1662 3952 usque
1697 3867 1739 3931 ad
1767 3889 1828 3932 sex
1861 3887 1964 3930 anuos

315 3976 465 4040 existatis
498 3975 672 4054 immunes,
703 3974 896 4038 auctoritate
925 3973 1019 4036 vobis
1047 3973 1248 4059 presentium
1275 3974 1492 4059 indulgemus.
1546 3971 1636 4036 Nulli
1661 3991 1740 4055 ergo
1765 3977 1828 4037 etc.
1853 3976 1963 4033 nostre

318 4079 540 4144 concessionis
565 4085 627 4142 etc.

425 4199 500 4264 Dat.
524 4197 686 4283 Lugduni,
702 4197 787 4262 VIII
811 4198 888 4262 Idus
912 4198 1044 4264 Ianuar.
1068 4220 1152 4264 anno
1168 4197 1224 4265 V⁰.

1106 4597 1193 4672 rra.

421 4712 639 4806 binomios
659 4737 716 4803 rr
727 4759 819 4820 papa
841 4737 1000 4821 naporum
1022 4736 1179 4824 moneas
1204 4741 1234 4802 a
1262 4735 1422 4821 uonna
1450 4736 1657 4802 sasamon
1684 4735 1801 4799 ancos
1832 4733 1970 4799 monea-

317 4849 467 4914 nensibns
494 4846 537 4910 ud
565 4859 672 4925 preces
697 4863 773 4907 snas
804 4847 955 4907 montom
984 4843 1181 4924 quorundam
1211 4847 1384 4906 castrorum
1418 4841 1605 4923 Spclctauoc
1633 4840 1761 4904 anesis
1795 4842 1824 4901 et
1854 4841 1970 4900 terram

319 4951 560 5033 Arnnlpltcrnm
581 4967 678 5030 nsque
700 4947 744 5010 aci
766 4947 990 5027 bnocqucoitnnt
1012 4948 1214 5031 apostolicam
1235 4947 1400 5010 retinenda
1422 4946 1567 5011 concedit.
1620 4945 1713 5020 1248,
1736 4942 1809 5006 Ian.
1834 4943 1883 5004 12.

423 5072 486 5125 Ian.
506 5069 557 5124 IV
573 5069 636 5136 aa.
657 5065 712 5122 Vol.
732 5067 755 5134 I,
775 5074 838 5133 554;
856 5065 917 5121 uio.
935 5066 965 5134 V,
982 5083 1038 5121 cnr.
1056 5073 1096 5121 37.
1132 5065 1231 5120 Pertrii
1254 5067 1385 5134 renuptae
1408 5065 1569 5119 contrrlimnc
1591 5079 1650 5117 cnm
1677 5063 1803 5130 muana,
1824 5059 1885 5114 Cori.
1906 5060 1970 5128 dipl.

242 5173 267 5212 rs
320 5159 387 5212 dom.
405 5163 480 5226 tonp.
498 5173 519 5211 a.
537 5155 607 5210 aedis
624 5160 641 5209 t.
661 5153 730 5222 I,p.
748 5160 805 5222 126,
823 5170 850 5206 n.
869 5159 927 5208 232.

427 5243 558 5311 Pottbuat,
579 5243 642 5310 Ray.
661 5247 758 5308 12806,·
775 5241 874 5307 Beroe
891 5245 967 5296 4087.

1303 5383 1363 5390 -ι---
1379 5381 1549 5388 -..-.—.—-

426 5491 451 5552 ⁸)
470 5465 631 5556 Magdcburb
649 5487 681 5538 Il.
768 5485 793 5552 b)
811 5471 904 5554 rgarr‘rt¹
919 5487 949 5537 u.
1038 5484 1060 5550 ο)
1080 5492 1190 5537 vestram
1208 5484 1276 5535 deest
1295 5484 1325 5534 n.
1417 5479 1442 5546 d)
1461 5500 1497 5532 ura
1516 5499 1566 5532 non
1585 5482 1650 5533 obst.
1671 5499 1703 5521 =
1722 5495 1773 5528 non
1793 5474 1973 5526 obstantibus?

322 5577 346 5642 θ)
366 5577 495 5644 purutIons
519 5575 546 5628 Τ.

427 5697 452 5764 1)
471 5692 611 5762 Nienbnrq
629 5693 665 5747 nd
683 5692 763 5746 Sarda
780 5691 816 5760 sl,
836 5707 849 5744 e
866 5707 926 5745 mer.
944 5691 990 5744 cir.
1010 5689 1182 5759 Mcrqdebnry.
1285 5690 1312 5756 q)
1333 5687 1380 5740 Ex
1397 5703 1435 5742 or.
1455 5684 1557 5753 Spoleti.
1711 5770 1765 5824 43⁸
