4734 6334
861 413 1066 513 FPISTOLAE
1085 414 1274 472 santerna.
1312 417 1387 474 1249.
1881 426 1944 488 467

296 589 436 656 ecclesie
461 589 543 654 adeo
567 587 682 654 existit
703 588 832 676 tepidus
857 593 891 656 ct
913 589 1088 667 remissus,
1117 589 1204 678 quod
1228 591 1289 656 snb
1312 591 1384 658 eius
1407 592 1571 678 regimine
1590 592 1676 658 dicta
1699 595 1855 674 eeclesia,
1886 595 1951 660 nisi

296 695 328 758 ei
352 695 451 759 celeri
475 699 682 758 succurratur
699 692 853 776 remedio,
876 695 1020 759 incurret
1035 693 1248 779 irreparabile
1264 695 1507 762 detrimentum.
1545 693 1621 782 Ipse
1637 703 1746 762 autem
1765 699 1948 785 episcopus,

297 799 365 862 suis
396 798 501 884 culpis
539 796 747 882 exigentibus
777 817 797 861 a
824 795 945 862 dilecto
978 797 1046 862 filio
1076 804 1188 862 nostro
1218 798 1255 866 P.
1286 799 1400 864 Sancti
1427 798 1562 885 Georgii
1592 799 1633 869 ad
1653 799 1773 865 Velum
1801 802 1950 866 Aureum

297 901 435 966 diacono
466 901 638 982 cardinali,
672 909 749 965 tunc
779 901 813 964 in
845 902 995 986 partibus
1024 901 1089 964 illis
1120 903 1300 987 apostolice
1332 902 1420 968 sedis
1449 904 1574 989 legato,
1605 903 1953 970 excommunicationis

296 1005 427 1070 vinculo
461 1004 636 1069 innodatus
648 1005 668 1086 ¹,
702 1005 734 1069 in
769 1005 866 1069 terris
900 1010 933 1070 et
966 1005 1081 1069 castris
1113 1006 1376 1072 ministerialium
1403 1006 1445 1072 de
1475 1003 1727 1092 Ohunrin[c]⁸²,
1759 1009 1954 1074 auctoritate

295 1109 478 1195 apostolica
501 1108 729 1174 ecclesiastico
752 1107 925 1173 interdicto
950 1108 1145 1194 suppositis,
1175 1110 1378 1196 presumpsit
1406 1110 1574 1176 celebrare
1602 1111 1650 1174 sio
1672 1109 1810 1196 ligatus,
1840 1112 1951 1192 immo,

295 1212 505 1296 quantumin
529 1232 568 1276 eo
592 1219 653 1292 est,
676 1209 807 1276 veriusb
830 1210 1037 1297 prophanare
1060 1209 1170 1275 divine
1192 1211 1300 1277 officia
1323 1219 1357 1278 et
1379 1233 1575 1278 consecrare
1598 1212 1720 1278 ibidem
1744 1214 1901 1280 ecelesias
1917 1221 1951 1280 et

296 1317 433 1382 clericos
458 1314 617 1380 ordinare.
655 1313 706 1378 Ne
729 1315 828 1399 igitur
851 1314 1028 1398 aliquorum
1053 1321 1300 1401 persecutorum
1324 1323 1358 1381 et
1380 1316 1585 1381 inimicorum
1602 1311 1742 1382 ecclesie
1759 1337 1797 1381 ac
1813 1317 1951 1382 aliorum

295 1420 494 1505 impediente
527 1418 676 1504 potentia
711 1437 885 1503 processus
920 1418 1138 1504 inquisitionis
1173 1418 1359 1484 huiusmodi
1391 1420 1502 1485 valeat
1536 1419 1705 1507 impediri,
1748 1420 1952 1501 mandamus,

297 1524 450 1609 quatinus
480 1521 566 1608 apud
596 1528 739 1587 cestrum
766 1522 820 1586 vel
848 1522 956 1586 iorum
980 1523 1180 1588 venerabilis
1210 1523 1321 1588 fratris
1345 1524 1446 1588 nostri
1470 1574 1503 1589 ..
1528 1524 1676 1610 episcopi
1698 1522 1952 1609 Ratispouensis

297 1628 485 1693 seu'locum
509 1627 622 1706 alium,
651 1647 748 1712 quem
772 1631 967 1712 oportunum
991 1624 1155 1706 videritis,
1183 1627 1280 1691 simul
1303 1629 1551 1707 convenientes,
1585 1628 1739 1714 inquisita
1761 1649 1859 1715 super
1888 1629 1952 1693 hiis

297 1731 435 1795 sollicite
458 1729 612 1810 veritate,
645 1729 672 1792 si
700 1728 762 1794 hec
791 1729 982 1794 inveneritis
1011 1730 1057 1793 ite
1085 1750 1174 1811 essc,
1204 1730 1368 1816 prefatum
1396 1732 1586 1818 episcopum
1619 1732 1813 1796 auctoritate
1840 1739 1952 1797 nostra

297 1834 415 1914 citetis,
445 1839 482 1897 nt
504 1832 590 1898 infra
612 1837 852 1917 competentem
874 1832 1050 1897 terminum
1073 1832 1340 1918 peremptorium,
1368 1834 1429 1900 sibi
1453 1834 1678 1920 prefigendum
1702 1855 1722 1898 a
1744 1834 1848 1914 vobis,
1875 1856 1951 1921 per-

296 1939 454 2004 sonaliter
477 1941 664 2024 compareat
687 1957 796 2000 caram
819 1936 914 2002 nobis
938 1957 996 2023 pro
1021 1937 1145 2002 meritis
1166 1945 1370 2024 recepturus.
1411 1938 1566 2024 Alioquin
1584 1961 1627 2004 ex
1644 1943 1722 2002 tunc
1738 1936 1952 2022 procedemus

298 2049 410 2106 eontra
432 2061 522 2121 enm,
553 2045 649 2126 prout
678 2038 859 2105 secundum
882 2038 991 2106 Deum
1015 2041 1199 2106 videbimus
1223 2040 1477 2128 procedendum.
1522 2041 1619 2106 Diem
1643 2047 1753 2106 eutem
1776 2041 1951 2121 citationis,

297 2151 330 2211 et
362 2144 516 2231 quicquid
550 2143 626 2208 inde
660 2143 820 2223 feceritis,
855 2144 949 2209 nobis
981 2147 1099 2210 vestris
1132 2146 1251 2210 litteris
1285 2145 1429 2210 fideliter
1459 2145 1649 2222 intimetis³.
1701 2142 1796 2217 Quod
1828 2145 1856 2208 si
1887 2164 1952 2209 non

296 2270 409 2313 omnes
435 2255 497 2314 etc.

399 2368 477 2435 Dat.
499 2366 662 2454 Lugduni,
686 2367 722 2432 II
743 2369 827 2434 Non.
851 2369 1033 2448 Februarii,
1058 2390 1143 2434 anno
1159 2369 1233 2434 VI⁰.

920 2631 1016 2638 -—----
1023 2631 1254 2639 —--—-—
1257 2623 1330 2638 -Δ-

1082 2888 1168 2964 653.

398 3007 616 3101 Innoceatins
642 3029 699 3098 IV
719 3052 808 3114 papa
835 3027 1016 3116 [Stpesrido
1036 3030 1120 3116 ΙΙΙ]
1144 3029 1373 3114 archiepiscopo
1398 3029 1607 3114 Mapantino,
1641 3033 1828 3114 apostolicae
1863 3032 1946 3098 sedis

215 3167 242 3207 eo
295 3140 403 3223 tapeto,
425 3137 566 3216 mandat,
588 3139 625 3200 nt
642 3134 823 3203 Conradam
840 3134 1058 3218 praepositam
1074 3131 1186 3200 Sancti
1204 3134 1364 3200 Gnidoais
1379 3134 1542 3216 Spirensis
1563 3135 1663 3200 alicui
1685 3137 1827 3202 ecclesius
1849 3135 1950 3200 catte-

293 3243 380 3308 druii
394 3241 622 3319 Aiarnanniac,
643 3238 758 3322 [qaam
772 3237 901 3301 darcnit
914 3237 1164 3322 acceptandum]‚
1187 3237 1224 3302 in
1239 3239 1415 3322 episcopam
1431 3238 1608 3319 mactant.
1655 3241 1749 3318 1249,
1765 3239 1859 3306 Febr.
1877 3239 1907 3304 5.

398 3362 462 3416 Ian.
479 3358 608 3428 12129.
627 3357 687 3412 Ιώ.
706 3358 753 3426 VI,
770 3357 789 3424 s.
807 3363 846 3426 26,
871 3373 898 3412 a.
911 3364 967 3413 352.
1001 3359 1155 3426 statana,
1178 3359 1250 3428 qnod
1267 3359 1374 3428 delcr,
1399 3359 1416 3414 l.
1433 3375 1455 3414 c.
1473 3376 1503 3428 p.
1522 3367 1567 3414 179
1589 3359 1683 3428 edidit,
1709 3360 1869 3414 summimus
1891 3375 1951 3414 nrm

296 3448 481 3518 limositate.
500 3445 544 3517 [1]
562 3450 586 3498 ct
602 3461 662 3498 cum
680 3445 762 3498 auno
779 3444 924 3512 acnnplari
939 3444 1000 3500 ibid.
1016 3446 1036 3511 s.
1050 3452 1090 3516 31,
1108 3462 1136 3501 a.
1151 3451 1198 3501 391
1216 3445 1265 3500 ereb
1283 3444 1373 3500 eaden
1390 3451 1456 3499 nota
1473 3445 1620 3515 clumolop.
1637 3446 1722 3500 rdato
1740 3445 1794 3516 [2].

398 3531 528 3599 Potthost,
549 3530 613 3600 Rep.
627 3536 706 3588 13201
711 3549 721 3598 ,·
739 3531 838 3599 Bcrpcr
855 3536 922 3584 4344
940 3537 966 3587 ct
982 3538 1059 3588 4383.

215 3767 241 3808 a
451 3729 874 3822 ..archiepiscopo
902 3728 1183 3820 Magantino,
1211 3727 1464 3820 apostolice
1492 3727 1614 3802 sedis
1640 3728 1800 3820 legata.

401 3880 470 3962 Hii,
493 3880 549 3965 qui
564 3879 738 3944 honestate
755 3878 833 3960 vite,
856 3876 1037 3944 litterarum
1055 3878 1195 3944 scientie
1218 3883 1251 3944 et
1273 3877 1480 3964 providentie
1503 3877 1692 3942 maturitate
1715 3877 1842 3962 pollere
1865 3876 1952 3942 inter

294 3986 376 4052 alios
403 3984 591 4071 specialiter
618 3983 843 4062 dinoscuntur,
876 3989 909 4047 et
938 3983 1054 4048 maiori
1083 3981 1124 4046 ab
1153 3982 1337 4069 apostolica
1367 3980 1445 4047 sede
1476 3986 1553 4045 suut
1579 3979 1751 4046 attollendi
1780 3980 1893 4046 favore
1918 3984 1951 4046 et

295 4089 454 4155 uberioris
488 4087 573 4152 dono
608 4087 715 4172 gratie
751 4085 949 4162 honorandi;
989 4085 1107 4171 quibus
1143 4085 1242 4150 etiam
1276 4089 1367 4150 tauto
1402 4082 1617 4149 confidentius
1651 4082 1810 4148 committi
1842 4088 1951 4170 potest

295 4193 509 4258 ecclesiarum
533 4190 690 4276 regimen,
715 4195 835 4274 quanto
859 4188 1004 4275 deipsis
1028 4195 1164 4275 propter
1187 4190 1276 4254 clara
1299 4208 1411 4252 corum
1433 4188 1559 4268 merita,
1592 4186 1676 4272 quod
1702 4185 1765 4250 sibi
1788 4207 1848 4272 per
1871 4207 1950 4251 con-

213 4319 240 4358 so
295 4297 513 4361 versationem
536 4295 702 4360 salubrem
725 4299 758 4357 et
781 4293 855 4358 aliis
879 4314 939 4380 per
961 4293 1149 4379 exemplum
1172 4293 1333 4379 proficere
1356 4293 1458 4356 velint
1482 4297 1515 4356 et
1537 4290 1680 4371 valeant,
1704 4310 1781 4376 spes
1805 4290 1951 4355 securior

294 4400 469 4466 obtinetur.
515 4399 601 4464 Hinc
634 4405 699 4479 est,
735 4395 836 4483 quod,
874 4417 947 4460 cum
980 4396 1120 4461 dilectus
1149 4395 1235 4460 iilius
1265 4393 1428 4460 Corradus
1460 4395 1646 4480 prepositus
1677 4392 1817 4459 ecclesie
1847 4393 1952 4458 sancti

294 4502 455 4568 Gnidonis
486 4501 651 4588 Spirensis
687 4523 745 4568 sue
780 4501 964 4567 devotionis
999 4507 1033 4566 et
1066 4499 1241 4587 probitatis
1275 4498 1413 4564 obtentu
1446 4504 1611 4563 mereatur
1644 4496 1686 4564 ab
1721 4494 1838 4562 eadem
1872 4496 1950 4562 sede

294 4607 519 4693 multiplieiter
547 4607 717 4688 honorari,
752 4627 828 4687 nos,
862 4606 925 4672 hec
956 4604 1093 4692 provide
1126 4602 1335 4669 attendentes
1365 4608 1400 4666 et
1430 4602 1581 4666 nolentes
1612 4599 1829 4686 probitetcm⁰
1859 4620 1951 4664 snam

295 4711 481 4796 relinquere
505 4730 648 4796 congrue
672 4710 867 4797 provisionis
891 4714 1071 4796 expertem,
1093 4705 1297 4787 mandamus,
1321 4705 1473 4792 quatinus
1498 4702 1637 4768 eundem
1654 4703 1752 4768 alicui
1769 4701 1951 4768 cathedrali

215 4989 241 5030 ³5
398 4970 425 5038 ⁸)
443 4972 562 5024 Chunrifi
581 4971 613 5022 R.
718 4969 805 5035 b)‘vsl
823 4971 900 5022 ambi
917 4977 1031 5036 coeptum
1049 4976 1092 5020 ert.
1197 4965 1219 5030 ο)
1237 4965 1377 5018 bonitatem
1395 4967 1419 5016 2.

398 5109 425 5176 1)
446 5106 486 5174 Of.
500 5123 529 5176 p.
541 5112 598 5174 etr,
618 5111 703 5161 not.4
720 5110 744 5160 et
756 5121 787 5174 p.
798 5111 854 5173 391,
872 5108 925 5158 not.
938 5111 962 5159 2.
1060 5103 1088 5171 2)
1107 5101 1139 5156 E
1153 5115 1215 5154 aaa.
1238 5105 1261 5154 ct
1283 5115 1333 5154 occ.
1355 5098 1402 5153 cio.
1420 5098 1539 5168 amyra,
1562 5097 1594 5150 in
1617 5094 1793 5151 ardriducotn
1812 5094 1950 5150 Austrioa

292 5195 319 5262 3)
337 5193 417 5262 Papo
433 5193 517 5262 intur
536 5192 703 5262 Radipcmm
720 5191 843 5246 mam
859 5190 1028 5260 ἄεροοιιεναι.
1057 5187 1239 5242 Nihilominus
1257 5191 1367 5252 a.1249,
1387 5183 1451 5239 Ina.
1465 5189 1500 5238 28
1513 5182 1656 5238 (leundas
1670 5181 1842 5252 praepostus
1856 5180 1951 5250 Glopo-

292 5281 402 5350 oicaais,
428 5280 504 5348 filias
521 5279 634 5334 Hennbi
651 5279 731 5334 ducis
749 5277 868 5346 amaa,
888 5277 1002 5332 ‘wana
1021 5275 1215 5329 Patooiensna'
1231 5289 1260 5326 se
1276 5272 1428 5341 oppilabit,
1451 5271 1500 5340 qui
1518 5285 1599 5340 opera
1615 5269 1719 5324 Alberti
1735 5268 1767 5322 de
1784 5267 1895 5322 Ruina
1911 5269 1953 5322 rili

293 5367 452 5437 alrannus
473 5367 575 5434 fastrat,⁸
598 5365 632 5432 cf.
650 5363 852 5433 Sdrinmudtn,
875 5363 935 5418 Alb.
953 5362 1291 5428 aPocennaaerp.1ss
1313 5365 1336 5413 et
1353 5366 1401 5413 172
1416 5363 1441 5412 et
1458 5373 1530 5426 sequ.
1560 5357 1595 5411 A.
1614 5362 1685 5424 1250,
1706 5354 1786 5410 Febr.
1799 5361 1831 5409 17
1849 5353 1951 5408 &mma

214 5473 241 5511 so
295 5453 394 5508 Petrus
410 5454 547 5522 quamtis
559 5451 719 5506 Albanensis
736 5451 896 5504 aanmtate
914 5448 1058 5517 apostolico
1077 5447 1247 5516 Radipcram
1264 5445 1394 5499 ammom
1406 5442 1537 5512 Lupdant
1553 5441 1682 5511 demand,
1700 5456 1780 5508 worn
1798 5440 1951 5494 emtam

290 5556 369 5610 popo
391 5540 442 5594 aab
459 5545 574 5605 n.1260,
593 5537 681 5592 Mart.
698 5545 726 5591 11
749 5535 931 5602 confirmari&
956 5534 1086 5602 Petilia-st,
1107 5533 1173 5603 Καρ.
1185 5538 1272 5587 13930.
1304 5531 1342 5597 Os.
1359 5531 1438 5584 emm
1455 5529 1560 5597 Hister,
1583 5527 1643 5584 Alb.
1660 5543 1682 5582 a.
1700 5527 1763 5580 aen
1777 5543 1808 5596 p.
1820 5534 1863 5595 60,
1885 5543 1914 5580 a.
1926 5531 1950 5594 3,

293 5627 340 5681 ubi
361 5627 496 5696 episcopus
513 5624 696 5692 Patariensis,
721 5623 770 5692 qai
787 5623 981 5692 arntiepnccpo
1001 5621 1150 5676 (blesim
1168 5625 1262 5675 comm
1279 5619 1409 5688 episcopios
1428 5615 1561 5670 &turine
1580 5613 1693 5670 aridem
1712 5613 1868 5682 apodolicac
1884 5612 1952 5668 sedis

294 5716 407 5788 Ιῳαιιωη
424 5729 481 5768 own
499 5717 670 5784 apaosccntcs
686 5711 765 5781 fucit,
783 5709 855 5766 alias
873 5727 904 5766 nc
924 5707 1175 5782 atotyapacea
1192 5721 1249 5764 non
1262 5709 1356 5777 potest.

1683 5795 1740 5856 59*
