4328 6232
199 351 263 414 536
758 347 808 402 EX
827 347 1048 403 INNOCENTII
1065 347 1103 401 lV
1121 345 1304 402 nuelsruo

200 521 237 584 de
268 520 392 585 Bredot
425 522 595 586 canonieus
622 519 805 585 &munais
837 520 988 598 detinent,
1023 525 1198 586 executores
1232 521 1408 586 testamenti
1440 517 1585 603 defuncti
1617 515 1795 596 compellat,
1827 519 1864 577 ut

198 623 378 689 Arnotdum
400 624 435 687 in
454 624 680 705 monterionem
702 624 853 688 uiltorum
876 624 1038 689 inducant.
1502 621 1596 697 1249,
1619 618 1705 684 Mai.
1724 622 1776 683 17.

303 743 365 796 Iam.
384 743 433 797 IV
447 743 513 812 Rep.
533 743 594 797 Lib.
613 742 659 810 VL
676 743 697 809 f.
709 750 751 810 49,
771 760 797 796 n.
812 751 872 799 559.

303 829 433 898 Pottboct,
453 830 516 898 Rea.
535 835 626 898 136695
646 831 748 898 Beroea
763 838 836 885 4549,

446 1063 484 1081 ..
514 1009 685 1083 decano
713 1009 901 1083 ecclesie
928 1010 1074 1084 sancti
1102 1009 1280 1082 Paulini
1308 1005 1616 1083 TreverensiS.

309 1157 376 1221 Sua
392 1157 487 1222 nobis
505 1157 644 1222 dilectus
659 1158 746 1222 filius
760 1154 938 1235 Arnoldus,
961 1161 1056 1218 natus
1073 1153 1192 1219 nobilis
1208 1154 1271 1217 viri
1287 1152 1327 1218 A.
1346 1152 1469 1218 domini
1485 1151 1525 1216 de
1542 1151 1641 1216 Disth
1654 1153 1675 1231 ¹,
1699 1151 1863 1237 petitione

200 1261 409 1340 monstravit,
434 1260 520 1345 quod
545 1283 617 1325 eum
642 1260 839 1326 Godefridus
864 1259 1037 1325 dominus·
1059 1256 1101 1323 de
1124 1256 1280 1334 Bredal²,
1309 1277 1487 1341 germanus
1511 1254 1660 1319 eiusdem
1683 1253 1742 1335 A,
1771 1255 1863 1319 mille

200 1363 302 1427 libras
325 1362 543 1428 Lovaniensis
567 1371 699 1429 monete
722 1365 756 1428 in
778 1365 894 1428 ultima
917 1362 1086 1427 voluntate
1111 1360 1175 1426 sibi
1198 1361 1376 1446 legasset³,
1408 1360 1448 1425 de
1474 1359 1642 1439 Scothem,
1666 1359 1805 1424 Marcon
1830 1365 1865 1423 et

199 1466 338 1530 Ekeeim
362 1467 479 1530 villas⁴
502 1466 542 1531 ad
566 1467 672 1552 ipsum
689 1465 729 1532 G.
746 1466 786 1531 de
811 1468 881 1530 iure
906 1471 1094 1551 spectantes
1118 1464 1226 1529 eidem
1248 1470 1384 1549 propter
1407 1463 1469 1527 hoc
1492 1463 1654 1547 obligatae
1677 1461 1862 1540 dimittens,

201 1568 325 1633 tamdiu
348 1569 536 1634 retinendas
561 1569 602 1634 ab
628 1570 699 1654 ipso
724 1568 829 1633 donec
850 1568 988 1632 heredes
1012 1566 1090 1631 dicti
1114 1566 1261 1631 defuncti
1277 1566 1340 1630 sibi
1356 1565 1396 1631 de
1412 1566 1579 1652 premissis
1596 1564 1860 1629 satisfactionem

200 1671 380 1757 plenariam
404 1673 609 1750 exhiberent,
634 1671 794 1736 fructibus
818 1672 964 1757 ipsarum
988 1670 1149 1745 villarum,
1181 1668 1414 1755 quos.interim
1437 1667 1655 1755 perciperem,
1679 1668 1713 1732 in
1737 1673 1862 1730 sortem

204 1775 391 1839 nullatenus
422 1775 662 1860 computandis,
702 1781 800 1860 prout
833 1775 863 1838 in
900 1773 1019 1838 litteris
1059 1773 1134 1836 inde
1170 1773 1329 1837 confectis
1364 1772 1484 1837 dicitur
1520 1773 1649 1859 plenius
1681 1768 1862 1836 contineri:

204 1877 371 1941 Henricus
388 1877 430 1943 de
444 1877 593 1942 Bredal⁵
616 1879 790 1943 canonicus
806 1876 1011 1954 Leodiensis‚
1036 1876 1090 1961 qui
1113 1896 1171 1961 pro
1195 1874 1317 1940 herede
1341 1876 1444 1962 ipsius
1467 1876 1614 1941 defuncti
1638 1897 1673 1940 se
1698 1875 1797 1959 gerit,
1821 1872 1864 1937 ad

201 1978 334 2044 feudum
359 2002 453 2044 suurn
478 1988 629 2067 spectare
653 2002 806 2046 asserens
830 1980 935 2045 dietas
959 1980 1063 2060 villas,
1089 1981 1179 2064 ipsas
1202 1980 1376 2044 occasione
1399 1980 1598 2059 huiusmodi,
1622 1979 1712 2043 nulla
1734 1978 1776 2043 do
1800 1977 1864 2040 hiis

201 2083 424 2147 satisfactione
447 2085 622 2168 premissa,
651 2083 791 2164 detinet,
820 2085 854 2147 in
884 2082 1030 2148 eiusdem
1053 2081 1111 2147 Ar.
1135 2081 1350 2167 preiudicium
1379 2089 1413 2148 et
1442 2104 1634 2168 gravamen;
1666 2103 1767 2168 super
1799 2101 1863 2166 quo

201 2185 289 2250 idem
313 2185 353 2250 A.
378 2187 441 2251 sibi
464 2187 559 2273 petiit
580 2209 641 2272 per
664 2186 751 2251 sedis
775 2186 953 2272 apostolice
978 2185 1218 2271 providentiam
1241 2185 1418 2250 subveniri.
1464 2184 1671 2266 Mandemus,
1693 2184 1864 2269 quatinus,

202 2289 230 2353 si
253 2311 322 2354 rem
345 2291 510 2355 inveneris
534 2293 581 2355 ita
605 2312 695 2372 esse,
724 2291 858 2355 fratrem
874 2289 1081 2355 Willelmum
1104 2289 1145 2354 de
1169 2289 1257 2354 Eika
1279 2291 1400 2355 ordinis
1422 2289 1687 2369 Predioatorum,
1716 2288 1864 2352 nobilem

201 2393 306 2457 virum
333 2392 515 2457 Henricum
547 2393 670 2458 dictum
697 2393 911 2458 Bertoldum⁰
944 2401 978 2460 et
1012 2395 1094 2459 alios
1126 2400 1323 2459 executores
1360 2393 1551 2458 testamenti
1586 2391 1707 2477 prefati
1736 2389 1794 2472 G,
1827 2396 1865 2454 ut

201 2496 341 2560 eundem
372 2497 428 2562 Ar.
457 2496 489 2560 in
521 2498 724 2583 corporalem
752 2496 912 2562 dictarum
941 2498 1091 2563 villarum
1126 2497 1371 2583 possessionem
1406 2495 1577 2575 inducant,
1611 2493 1862 2581 predictumque

203 2598 404 2677 canonicum,
428 2606 464 2663 ut
480 2600 586 2685 ipsum
601 2599 642 2666 A.
659 2601 798 2685 pacifica
821 2602 950 2665 illarum
973 2602 1125 2666 villarum
1149 2602 1357 2687 possessione
1381 2600 1526 2685 gaudere
1550 2600 1731 2685 permittat,
1754 2597 1862 2662 donec

203 2701 233 2765 ei
257 2700 297 2765 de
321 2702 383 2765 hiis
413 2703 510 2789 plene
538 2704 637 2769 fuerit
665 2705 886 2785 satisfactum,
915 2707 1093 2770 monitione
1123 2706 1285 2790 premissa
1312 2726 1371 2789 per
1400 2724 1572 2769 censuram
1600 2700 1862 2767 eeclesiasticam

186 2797 424 2889 ‚appellatione
447 2811 572 2871 remota
594 2808 708 2891 previa
731 2808 856 2873 ratione
882 2809 1115 2894 compellas-
1134 2829 1199 2872 non
1222 2807 1429 2872 obstantibus
1446 2808 1557 2891 aliqua
1574 2805 1661 2870 sedis
1678 2805 1863 2890 apostolice

203 2906 418 2992 indulgentia,
446 2929 505 2993 per
528 2929 626 2992 quam
649 2917 762 2994 posset
784 2911 970 2976 huiusmodi
992 2910 1137 2975 mandati
1162 2909 1314 2976 exacutio
1338 2910 1501 2997 impediri,
1524 2911 1578 2974 vel
1601 2907 1686 2994 quod
1711 2907 1799 2972 idem
1822 2907 1864 2973 A.

204 3008 369 3074 defectum
392 3012 517 3097 patitur
539 3013 572 3075 in
596 3018 695 3079 etate.

311 3132 387 3196 Dat.
411 3132 574 3218 Lugduni,
605 3134 688 3199 XVI
711 3135 786 3202 Kal.
809 3136 905 3217 Iunii,
930 3157 1015 3201 anno
1030 3136 1129 3202 V100.

991 3640 1075 3714 726.

277 3793 279 3797 ’
310 3749 529 3841 Innocentius
549 3777 571 3842 1
577 3776 608 3841 V
616 3797 709 3858 popa
731 3777 848 3843 decano
870 3779 983 3845 Sancti
1004 3779 1145 3847 Servatii
1166 3779 1203 3843 in
1226 3779 1371 3844 Treiecto
1398 3778 1442 3844 od
1462 3798 1571 3862 preces
1600 3777 1725 3842 abbatie
1756 3798 1865 3842 mono-

203 3879 293 3942 sterii
319 3879 433 3945 Sancti
461 3879 620 3945 Trudouic
647 3881 684 3944 in
707 3882 890 3962 praesentio
915 3902 976 3948 sua
1004 3884 1165 3949 constituti
1188 3883 1333 3961 mandat,
1367 3887 1402 3947 ut
1429 3903 1498 3947 cum
1526 3883 1607 3948 mem
1636 3884 1864 3947 monasterinm

203 3983 398 4048 intolerabili
419 3983 549 4049 saraim
569 3983 742 4050 debitorum
757 3989 935 4067 promotum
963 3987 1088 4071 albuco
1109 4008 1148 4052 erc
1170 3987 1332 4052 monacbis
1353 3987 1389 4051 in
1411 3987 1488 4052 aliie
1509 3985 1711 4050 monasteriis
1731 3985 1865 4063 collocet,

203 4085 249 4150 ibi
269 4105 367 4169 cneque
388 4087 432 4151 ad
453 4088 625 4153 triennium
646 4092 831 4155 moraturos.
1504 4090 1599 4168 1249,
1621 4088 1706 4154 Mai.
1725 4090 1776 4151 18.

308 4206 374 4262 Ina.
393 4207 442 4261 IV
458 4208 521 4277 aa.
539 4208 660 4278 141).νῇ
676 4209 697 4276 t.
711 4217 751 4278 49,
769 4227 797 4265 n.
811 4217 867 4266 656.

308 4294 408 4362 Beryor
424 4301 497 4349 4646.

304 4527 343 4546 ..
371 4473 540 4546 decano
567 4475 714 4548 Sancti
741 4476 932 4549 Servatii
959 4476 1003 4549 in
1030 4475 1241 4549 Treiecto
1270 4474 1537 4549 Leodiensis
1564 4473 1772 4546 diocesis.

313 4622 352 4685 In
376 4629 488 4687 nostra
511 4625 708 4688 constitutus
731 4626 900 4710 presentia
927 4624 1067 4690 dilectus
1096 4624 1183 4688 filius
1207 4672 1240 4692 ..
1263 4624 1368 4689 abbas
1392 4624 1503 4690 Sancti
1528 4623 1714 4689 'frodonis'
1738 4625 1864 4690 ordinis

205 4725 309 4789 sancti
333 4724 506 4791 Benedicti
529 4726 722 4793 Leodiensis
746 4728 888 4792 diocesis
912 4726 1006 4792 nobis
1031 4728 1198 4792 humiliter
1221 4727 1432 4813 supplicavit,
1462 4734 1500 4791 ut
1530 4749 1603 4792 cum
1632 4727 1720 4792 idem
1748 4750 1863 4793 mona-

308 4970 332 5034 ὓ)
351 4971 413 5035 dirs3
436 4972 481 5022 litt.
501 4989 532 5022 ns
555 4972 581 5022 in
605 4972 660 5023 loeo
677 4989 752 5032 raeo,·
771 4973 889 5039 satanae
906 4973 952 5025 dds
970 4969 1073 5040 [dietus]
1093 4982 1172 5025 airko
1189 4974 1311 5040 tempnunt
1329 4982 1392 5026 erat.
1507 4971 1532 5038 b)
1550 4984 1701 5041 perceperat
1718 4992 1788 5025 corr.
1806 4991 1862 5041 per

204 5059 307 5125 ciperet
413 5056 436 5121 θ)
455 5056 566 5109 Bertcld'
585 5056 617 5108 B.

310 5193 335 5257 1)
358 5191 401 5245 De
421 5191 469 5245 too
492 5191 527 5257 cf,
546 5191 786 5259 Bonna-aute,
812 5194 829 5246 t.
847 5209 868 5247 c.
893 5200 969 5261 4911,
996 5200 1073 5261 cers,
1099 5200 1176 5262 4999,
1201 5200 1278 5261 rom,
1303 5201 1377 5248 soor.
1482 5194 1511 5260 2)
1534 5193 1624 5247 Breoa
1647 5194 1680 5247 in
1703 5194 1862 5250 nonanta

204 5280 231 5342 3)
248 5279 441 5332 Tectancentum
458 5295 484 5333 a.
497 5285 567 5347 1246,
586 5279 655 5348 Apr.
667 5285 698 5333 25
715 5279 842 5347 amptum
859 5285 912 5347 cst,·
932 5279 1062 5348 Wunderc,
1079 5279 1156 5334 Tobte
1172 5280 1288 5334 obroirol.
1300 5279 1345 5333 dee
1361 5279 1463 5333 eurus
1474 5284 1519 5334 etc.
1536 5279 1569 5334 dc
1585 5280 1613 5333 la
1624 5280 1763 5350 Belqioue,
1780 5286 1799 5334 t.
1811 5281 1861 5348 IV,

201 5381 229 5433 p.
243 5372 302 5420 470.
389 5364 416 5430 4)
435 5364 484 5418 Ec
502 5364 560 5420 edd.
579 5365 730 5420 testamenti
745 5366 925 5434 manaimus
940 5366 990 5421 bae
1010 5366 1043 5420 de
1061 5365 1191 5421 Scleootcn
1208 5366 1256 5436 [ea
1273 5382 1312 5421 or.
1326 5364 1521 5437 AnbcnpiaeJ,
1546 5366 1663 5420 Manen
1680 5372 1707 5420 et
1726 5366 1861 5422 aaran

205 5451 255 5522 [cn
271 5456 333 5520 cem.
348 5451 532 5522 Antuapiac]
550 5452 627 5506 ottae
642 5453 733 5518 subsc.
826 5456 853 5521 ὁ)
873 5453 965 5508 Filius
984 5451 1131 5520 &desueti
1224 5455 1254 5521 6)
1274 5452 1332 5507 Sub
1349 5451 1436 5506 eodem
1454 5451 1497 5506 die
1510 5469 1587 5521 papo
1604 5451 1766 5526 Ευᾳὴοπίο
1785 5469 1860 5521 pros·

203 5536 288 5605 posito
304 5536 400 5591 Sancti
418 5536 537 5606 Goorpii,
559 5538 643 5604 fratri
660 5539 778 5594 Amotdi
799 5539 902 5594 domini
924 5539 956 5596 dc
976 5539 1052 5608 Diei,
1074 5539 1192 5610 fidiam
1211 5537 1291 5606 secit;
1312 5538 1412 5608 Berpcr
1429 5544 1508 5603 {6665
1533 5537 1667 5607 enne,
1693 5537 1757 5608 uu.
1773 5544 1859 5593 13369.

205 5623 519 5691 naamam
