4784 6332
835 419 1034 476 emenonis
1051 419 1241 477 sanamus.
1279 419 1354 476 ran.
1861 417 1923 489 225

271 593 488 672 destinamus,
504 597 657 682 exemplo
681 596 750 660 eius
767 595 928 674 instructi,
952 595 1006 680 qui
1022 616 1079 681 pro
1097 595 1203 660 salute
1220 595 1353 660 humani
1369 597 1501 682 generis
1524 597 1565 662 de
1582 597 1766 685 suppremis
1783 599 1926 662 celorum

271 698 313 763 ad
337 699 403 763 ima
425 699 537 765 mnndi
560 700 774 779 descendens,
800 700 978 786 discipulos
1002 721 1083 785 quos
1107 699 1208 785 clegit
1234 701 1266 764 in
1290 699 1477 764 uuiversum
1501 700 1614 766 orbem
1640 701 1817 766 transmisit
1840 700 1926 765 omni

272 809 423 868 creature
447 804 653 889 evangelium
678 804 859 892 predicare.
904 803 956 868 De
979 807 1091 868 restra
1112 804 1223 888 itaque
1248 804 1353 868 salute
1376 810 1514 891 paterna
1537 803 1707 889 diligentia
1730 805 1926 889 cogitantes,

272 902 428 970 dilectum
457 907 559 970 lilium
590 916 737 974 nostmm
760 908 797 976 P.
821 907 935 972 Sancti
959 905 1095 992 Georgii
1124 905 1167 971 ad
1189 905 1309 970 Velum
1335 907 1479 972 Aureum
1510 906 1685 971 diaconum
1715 906 1926 986 cardinalem,

204 1065 209 1074 .
273 1009 378 1073 vimm
402 1010 540 1076 scientia
563 1010 724 1097 preditum
753 1019 786 1076 et
815 1032 940 1076 morum
971 1012 1145 1076 honestate
1175 1009 1329 1075 decorum
1356 1031 1396 1074 ac
1420 1011 1452 1074 in
1477 1009 1622 1075 consiliis
1646 1011 1926 1096 circumspectum,

192 1563 218 1600 lo

271 1111 313 1176 ad
328 1119 441 1199 partes
462 1121 601 1190 vestras,
619 1117 794 1180 commisso
819 1115 881 1181 sibi
904 1115 1001 1201 plene
1020 1115 1194 1200 legationis
1216 1113 1335 1195 allicio,
1358 1122 1396 1179 nt
1411 1115 1554 1179 evellat·
1576 1117 1609 1179 et
1625 1113 1773 1200 dissipet,
1797 1113 1928 1179 edificet

271 1223 305 1279 et
326 1215 464 1301 plantet,
489 1217 573 1282 sicut
596 1217 714 1283 viderit
737 1217 913 1304 expedire,
937 1215 1089 1282 duximus
1112 1215 1351 1282 destinandum.
1398 1217 1483 1291 Quia
1507 1237 1584 1282 vero
1609 1217 1716 1304 ipsum
1739 1217 1823 1282 inter
1846 1218 1927 1282 alios

270 1319 390 1385 fratres
414 1327 544 1386 nostros
568 1321 723 1408 specialis
747 1320 933 1387 dilectionis
955 1319 1097 1385 brachiis
1121 1320 1358 1406 amplexamur,
1382 1321 1588 1385 universitati
1611 1326 1719 1386 vestre
1736 1320 1927 1386 mandamus

272 1427 372 1508 atque
389 1425 598 1511 precipimus,
622 1426 774 1512 quatinus
798 1446 883 1506 cum,
907 1425 1005 1489 immo
1022 1424 1129 1509 potius
1153 1444 1212 1488 nos
1237 1423 1365 1508 inipso,
1390 1424 1532 1509 benigue
1555 1425 1751 1511 recipientes
1775 1431 1808 1490 et
1823 1424 1925 1488 hono-

274 1527 364 1592 rifice
380 1535 629 1613 pertractantes,
645 1527 751 1594 eidem
772 1536 924 1612 tanquam
942 1528 1119 1614 apostolice
1136 1527 1222 1592 sedis
1240 1528 1349 1612 legato
1365 1526 1543 1592 intendatis
1561 1528 1726 1592 humiliter
1748 1535 1782 1592 et
1796 1527 1925 1606 devote,

271 1631 376 1716 ipsius
393 1632 514 1696 monita
531 1638 564 1697 et
579 1641 737 1720 precepta
753 1641 787 1698 et
802 1654 865 1720 quc
883 1633 977 1696 vobis
995 1653 1036 1698 ex
1053 1639 1145 1718 parte
1162 1638 1275 1696 nostra
1290 1630 1495 1696 mandaverit
1515 1630 1694 1697 efficaciter
1710 1629 1927 1717 adimplendo.

271 1733 429 1820 Alioquin
457 1735 652 1800 sententiam
675 1743 737 1802 etc.
767 1757 886 1822 usquc:
915 1743 1047 1801 auctore
1071 1734 1210 1800 Domino
1240 1756 1344 1822 usque
1373 1734 1414 1798 ad
1447 1733 1708 1800 satisfactionem
1733 1734 1927 1820 condignam

270 1836 508 1904 iuviolabiliter
530 1838 706 1906 observari.

380 1957 456 2024 Dat.
480 1958 642 2046 Lugduni,
666 1960 700 2024 II
724 1960 771 2026 Id.
796 1961 877 2026 Mar.
902 1982 987 2026 anno
1012 1966 1126 2046 quarto
1139 1961 1160 2026 ¹.

381 2081 419 2144 In
444 2081 584 2147 eundem
608 2081 740 2146 modum
764 2080 1042 2168 archiepiscopis²
1072 2089 1105 2146 et
1128 2080 1305 2168 episcopis,
1337 2081 1529 2158 abbatibus,
1562 2080 1726 2166 prioribus
1751 2085 1833 2160 cta,
1861 2085 1928 2142 tam

272 2186 436 2270 exemptis
460 2205 558 2270 quam
580 2207 642 2250 non
668 2186 841 2272 exemptis,
866 2206 926 2272 per
948 2205 1085 2270 regnum
1108 2183 1206 2250 Datic
1230 2184 1426 2248 constitutis.

381 2288 418 2352 In
443 2289 584 2354 cundem
600 2290 730 2356 modum
747 2291 902 2376 episcopo
920 2288 1175 2354 Cameracensi³
1199 2293 1231 2352 ct
1251 2286 1436 2364 abbatibus,
1459 2286 1621 2372 prioribus
1645 2293 1707 2352 etc.
1731 2307 1790 2371 per
1810 2283 1927 2348 Canne-

272 2413 441 2458 raccnsem
466 2393 632 2458 civitatem
653 2396 690 2458 ‘et
712 2393 866 2460 diocesim
890 2393 1086 2457 constitutis.

381 2496 418 2560 ln
449 2496 589 2562 cundem
624 2497 755 2561 modum
791 2497 953 2562 universis
982 2496 1172 2572 comitibus,
1209 2494 1384 2560 baronibus
1415 2501 1449 2558 ct
1477 2491 1638 2557 nobilibus
1669 2513 1728 2578 per·
1757 2489 1928 2554 Poloniam

193 2667 203 2678 ,
274 2601 470 2664 constitutis.

383 2702 420 2768 In
444 2703 584 2769 eundem
607 2703 735 2769 modum
766 2703 926 2768 universis
944 2701 1125 2780 comitibus,
1147 2700 1324 2766 baronibus
1341 2699 1479 2784 aliisque
1503 2697 1667 2764 nobilibus
1693 2718 1751 2783 pcr
1773 2695 1927 2762 Pomcra-

273 2805 378 2870 niamb
401 2807 595 2872 constitutis.

1080 2923 1124 2987 ΙΙ.

325 3052 695 3144 Archiepiseopo
721 3050 966 3124 Bisuntino
995 3053 1039 3122 et
1066 3048 1169 3122 eius
1196 3047 1509 3139 suffraganeis
1537 3053 1580 3120 ct
1606 3044 1877 3131 abbatibus,

378 3171 609 3265 prioribus
638 3165 769 3269 [etc.]⁰
797 3194 874 3264 per
900 3170 1192 3243 Bisuntinam
1220 3168 1503 3259 provinciam
1531 3165 1824 3241 constitutis,

384 3322 469 3398 Quia
491 3324 651 3410 corporali
675 3323 841 3410 presentia
863 3326 924 3386 etc.
949 3325 985 3384 ut
1008 3339 1107 3406 supra
1129 3319 1162 3382 in
1185 3317 1295 3383 lIttera
1317 3316 1398 3383 LIII
1420 3338 1525 3404 usque
1548 3317 1581 3382 in
1605 3316 1713 3380 finem.

898 3581 1307 3590 .—-—-——-.——-·-—-——-

1061 3808 1147 3882 302.

380 3926 599 4020 [innocentiae
614 3952 670 4018 IV
679 3973 768 4034 papa
783 3950 910 4037 [Ottcni
932 3950 991 4034 ΙΙ]
1013 3947 1117 4014 conniti
1141 3948 1270 4014 Getriao
1293 3944 1431 4021 nrurnlot,
1455 3946 1489 4006 nt
1511 3940 1640 4006 Petram
1664 3942 1776 4010 Sacrati
1801 3941 1930 4024 Goorpii

277 4060 321 4125 od
350 4059 456 4124 Votum
479 4059 623 4123 Aureum
645 4057 811 4121 diaconum
838 4052 1045 4130 cardinalem,
1072 4051 1259 4133 <apostolicae
1281 4049 1363 4114 sodis
1385 4049 1534 4131 tepet-ron,
1561 4045 1727 4127 lionorifice
1750 4045 1881 4126 recipiat
1901 4049 1930 4109 et

279 4165 329 4244 tls,
352 4185 432 4248 quac
453 4163 516 4228 sibi
536 4161 665 4248 afferat,
686 4160 779 4243 libna
803 4157 1013 4223 taunucum
1035 4155 1189 4222 adhibem.
1557 4153 1650 4228 1247,
1673 4149 1774 4214 Mart.
1792 4153 1842 4213 14.

382 4283 446 4337 Ian
460 4281 508 4334 IV
523 4281 585 4349 Rep.
605 4280 658 4334 Vol.
673 4279 698 4348 I,
717 4285 778 4338 423:
797 4276 857 4332 Lib.
871 4276 924 4346 IV,
936 4293 991 4332 aar.
1010 4285 1049 4331 51.

382 4369 479 4437 Bapcr
491 4375 564 4423 2970.

380 4613 405 4678 ¹)
424 4614 517 4665 evellet
535 4613 567 4664 It.
658 4609 682 4674 ὓ)
701 4611 874 4662 l'omarnviam
893 4609 925 4658 It.
1014 4609 1036 4672 υ)
1055 4615 1102 4658 eta
1124 4606 1191 4658 &cat
1210 4603 1241 4654 Ii.

277 4767 416 4820 sermondo
436 4770 526 4832 assant,
541 4764 676 4833 principio
693 4763 742 4816 bac
760 4761 929 4830 inscriptione
946 4759 1064 4815 concisse
1082 4775 1202 4826 earnqnc,
1227 4757 1256 4808 in
1277 4757 1343 4809 ocris
1360 4755 1531 4808 consiliorum
1550 4771 1568 4806 n
1583 4769 1658 4820 μψιι
1674 4769 1734 4805 cram
1750 4749 1931 4804 cardinalibus

277 4853 427 4908 habitorum
442 4852 593 4906 srrnrmatr'm
610 4857 715 4905 romana
733 4854 904 4915 annotatoris,
923 4847 1055 4916 cpriutolac,
1078 4861 1138 4898 earn
1156 4843 1350 4911 reprimendae,
1374 4839 1471 4894 ric-inari
1493 4839 1630 4908 dittocntio
1654 4839 1804 4907 reputantium
1825 4853 1890 4902 easc;
1908 4855 1929 4890 r.

278 4939 684 5006 srrbltacep.,n.177et174,
707 4943 777 5003 not.,·
799 4937 832 5002 (γ’.
854 4935 932 4990 diam
954 4931 1138 4999 Immiptionas
1162 4930 1232 4983 irater
1255 4945 1281 4982 se
1308 4927 1486 4982 diswrdontcs
1510 4943 1549 4994 ep.
1572 4943 1600 4978 n.
1621 4931 1679 4992 294,
1697 4933 1752 4992 2115,
1770 4931 1818 4980 318
1836 4929 1858 4977 el
1875 4931 1930 4980 3111.

209 5075 214 5088 ,
280 5026 376 5095 quibua
392 5031 457 5080 certe
473 5025 572 5078 malem
581 5040 710 5092 personae
721 5023 884 5092 significatae
901 5025 972 5075 sunt.
985 5051 1018 5060 —
1031 5017 1125 5071 loliani
1138 5017 1211 5071 rurba
1223 5023 1278 5070 torn
1291 5013 1427 5084 exemptis
1439 5031 1523 5082 quam
1536 5030 1592 5066 non
1605 5011 1741 5081 exemptis
1759 5011 1931 5078 arsmicioncm

278 5128 375 5166 rrrorm
387 5117 511 5180 marat,
533 5127 594 5166 crim
616 5115 731 5178 menime
749 5110 878 5179 episcopo
897 5105 1056 5163 caminensi
1080 5104 1131 5173 [ito
1149 5103 1220 5157 caim
1237 5103 1312 5168 ialin
1326 5117 1377 5169 pro
1394 5098 1584 5154 Uanremccnsi
1603 5097 1738 5168 kymdrtm
1754 5098 1805 5166 est}
1823 5114 1875 5150 artu
1892 5113 1929 5164 cp.

277 5199 376 5254 diruta
392 5199 434 5254 sit.
471 5197 525 5252 Sed
541 5198 604 5252 liare
622 5198 707 5263 rerba,
726 5197 757 5249 in
773 5195 896 5264 epistolia
911 5209 960 5262 prr
975 5207 1044 5260 ornis
1061 5189 1136 5258 tayati
1154 5187 1378 5254 msamasduntnr,
1395 5192 1483 5254 amen,
1503 5184 1592 5254 moad
1608 5182 1851 5248 comedentibus,
1871 5181 1930 5247 dat

277 5285 381 5353 mnam,
399 5285 434 5338 ub
451 5285 501 5338 boc
517 5284 572 5350 sere
589 5289 705 5351 ternpore
723 5282 769 5351 [cs.
781 5299 809 5334 n.
823 5280 889 5350 205]
908 5278 1011 5332 adiecta
1028 5291 1080 5330 essa
1096 5273 1225 5340 sidetana,
1244 5279 1275 5326 nt
1294 5272 1431 5340 mediantis,
1449 5271 1646 5338 renascentiam
1661 5267 1832 5336 eaemmicncs
1843 5267 1931 5335 raam

279 5371 460 5440 impedimento
477 5375 569 5424 meat.
611 5369 685 5426 Unde
702 5369 765 5422 baec
781 5367 858 5421 renna
875 5367 906 5418 in
923 5381 960 5432 epa
979 5381 1006 5418 n.
1019 5370 1067 5418 318
1085 5377 1119 5415 cu
1135 5375 1221 5414 canore
1238 5360 1334 5415 cinisca
1349 5363 1486 5426 protentus.
1575 5358 1602 5422 1)
1620 5357 1672 5423 aas.
1691 5354 1759 5422 ipsa,
1778 5369 1833 5420 ortu
1851 5352 1932 5406 Petro

280 5459 424 5528 tractionis,
440 5457 557 5523 officinm
578 5455 743 5510 cominiamm
760 5459 808 5521 cst,
832 5467 887 5506 non
910 5453 1033 5518 superest,
1056 5447 1101 5502 scd
1117 5447 1236 5512 hocsem
1253 5451 1364 5514 tmnrorc
1379 5444 1478 5513 sermm
1495 5461 1546 5498 essa
1562 5442 1639 5508 debe,
1655 5457 1716 5495 cant
1733 5454 1822 5493 omnes
1838 5455 1878 5506 cp.
1896 5438 1932 5492 ad

280 5546 434 5614 levationem
451 5541 634 5610 wrtsmcadom
651 5545 795 5610 marsica
813 5539 882 5592 irater
903 5537 986 5592 Mart.
1000 5545 1030 5589 11
1047 5540 1071 5588 et
1090 5540 1120 5588 18
1136 5533 1214 5587 datae
1231 5531 1293 5586 aiat.
1396 5531 1424 5596 2)
1443 5531 1479 5585 In
1497 5529 1595 5584 Deraia
1611 5527 1669 5581 eota
1688 5525 1844 5580 Iasrsdmsis
1861 5524 1933 5580 seder

279 5630 512 5699 arebrepnircopmlie
528 5635 600 5696 erat,·
616 5646 638 5682 r.
656 5643 748 5695 nunu.
858 5625 885 5686 oi
904 5620 1062 5678 caminensi
1080 5617 1214 5689 lupersdnm
1236 5633 1289 5672 erac
1311 5617 1364 5670 iam
1385 5633 1469 5686 snpra
1485 5616 1614 5670 dicineus.-
1652 5613 1736 5668 Verba
1756 5612 1891 5669 Caminefs
1908 5618 1932 5666 et

280 5713 418 5773 Conlucor'r
437 5717 514 5783 facilc
532 5714 682 5785 pmrrrutari
701 5715 856 5781 potuerunt.

385 5813 448 5867 liro.
461 5811 542 5868 Pom.
556 5811 591 5867 ll.
1693 5797 1727 5855 29
