4790 6340
863 390 1061 446 [telenense
1079 391 1269 448 SELECTAE.
1305 393 1383 447 1248.

1082 693 1171 766 494.

405 803 622 896 Innocentius
643 830 668 896 1
671 830 701 894 V
712 851 802 916 popo
830 831 1007 916 praeposito
1033 831 1175 898 accusem
1195 831 1376 897 Noricostri
1401 831 1619 898 Lonsoncnsie
1651 833 1780 898 diocesis
1811 853 1948 911 consone,

301 956 395 1016 numm
422 933 587 1002 Oonrodns
607 934 775 998 advocatus
797 935 834 999 de
855 935 996 1017 Fribnrp
1019 939 1127 1000 emrtro
1148 934 1364 1021 [liudolfum]
1384 935 1545 1000 dominnm
1571 937 1608 1000 de
1627 936 1789 1002 Volbesien
1810 937 1951 1018 aliosque

302 1039 399 1104 lurcos
431 1037 626 1102 Basilicnsis
657 1043 686 1102 ct
722 1037 973 1104 Constantiensis
1004 1039 1157 1104 diocesem
1190 1037 1303 1103 babent
1336 1059 1489 1121 orsumque
1521 1059 1625 1104 coram
1659 1039 1760 1104 indice
1794 1039 1951 1105 soeculari

298 1144 446 1224 persequi
472 1161 535 1207 non
556 1142 673 1222 possit,
702 1142 777 1222 onio
803 1161 880 1224 pens
898 1143 1040 1223 portium
1065 1143 1194 1207 illorum
1212 1141 1413 1226 Wffllbclmo]
1434 1143 1500 1224 reni
1522 1142 1736 1207 Rornanorum
1762 1142 1951 1220 adversetur,

237 1262 249 1298 ὁ
301 1245 534 1311 terminandam
555 1245 723 1310 committit.
1577 1247 1671 1324 1248,
1693 1245 1787 1310 Febr.
1814 1249 1864 1313 10.

406 1365 468 1419 Inn.
489 1364 535 1418 IV
551 1363 614 1434 Rep.
634 1364 688 1418 Vol.
707 1365 731 1433 I,
749 1371 813 1431 5063
837 1363 897 1418 mo.
916 1363 947 1432 V,
965 1370 1024 1418 584.
1072 1361 1172 1417 Perre
1199 1363 1330 1430 cuemptor
1356 1363 1516 1417 contulirnns
1543 1379 1603 1418 mem
1633 1364 1786 1434 Meermon,
1808 1366 1824 1420 t.
1843 1381 1864 1419 c.
1886 1365 1952 1433 tV,

297 1468 326 1520 μ’
349 1457 386 1519 n,
405 1457 537 1606 m,
558 1537 622 1607 aa.
641 1544 734 1606 roser,-
751 1538 850 1606 aene
868 1542 940 1592 sees.

427 1771 466 1791 ..
494 1717 728 1808 preposito
757 1715 962 1792 ecclesie
987 1715 1254 1790 Novlcastri¹
1282 1715 1593 1789 Lausanensis
1621 1715 1833 1791 diocesis

229 1891 255 1930 m
411 1866 560 1931 Dilectus
584 1865 670 1930 filius
699 1865 819 1931 nobilis
843 1867 893 1930 vir
914 1865 1080 1931 Corradus
1104 1865 1281 1930 advocatus
1305 1865 1346 1930 de
1368 1864 1548 1930 Friburcb²
1570 1867 1663 1931 nobis
1693 1868 1847 1954 exposuit
1876 1889 1953 1932 con·

305 1969 482 2054 querendo,
505 1968 591 2056 quod
614 1969 734 2035 nobilis
758 1971 807 2034 vir
830 2019 864 2036 ..
887 1969 1037 2035 dominus
1060 1969 1101 2034 de
1116 1967 1344 2034 Valkesten¹³
1369 1975 1401 2034 et
1424 1968 1554 2056 quidam
1578 1971 1634 2035 alii
1661 1970 1737 2035 laici
1760 1970 1953 2036 Basiliensis

305 2080 338 2137 et
355 2073 616 2139 Constantiensis
639 2072 807 2139 diocorum
825 2094 922 2158 super
945 2075 1048 2150 terris,
1065 2073 1185 2139 debitis
1210 2082 1242 2137 et
1265 2074 1363 2139 rebus
1387 2074 1459 2139 aliis
1475 2073 1669 2140 iniurientur
1689 2075 1806 2142 eidem.
1844 2074 1951 2150 Unde,

306 2198 379 2242 eum
403 2177 606 2262 inpartibus
629 2177 693 2241 illis
716 2185 859 2262 nequeat
882 2177 1083 2264 superbiis,
1108 2177 1192 2242 sieut
1215 2179 1343 2257 asserit,
1368 2198 1477 2242 coram
1501 2179 1639 2243 seculari
1668 2179 1774 2244 iudice
1798 2179 1954 2266 consequi

306 2280 430 2345 iustitie
465 2281 756 2366 complementum,
791 2302 829 2346 eo
866 2281 952 2366 quod
985 2302 1065 2366 gens
1101 2282 1240 2369 partium
1271 2281 1449 2349 earundem
1473 2283 1641 2348 carissimo
1675 2284 1707 2347 in
1731 2281 1863 2348 Christo
1886 2283 1954 2347 filio

242 2431 246 2442 .
307 2392 419 2449 nostro
436 2383 491 2448 W.
515 2386 584 2470 regi
609 2385 830 2450 Romanorum
854 2385 981 2466 illustri,
1005 2385 1046 2449 ad
1069 2407 1165 2472 quem
1189 2390 1317 2472 spectat
1339 2385 1439 2471 ipsius
1460 2387 1564 2474 patrie
1588 2387 1777 2466 dominium,
1801 2386 1955 2451 adverse-

307 2489 393 2568 tu1·⁴,
427 2489 632 2575 persecutori
669 2489 809 2554 ecclesie
848 2487 1055 2569 adherendo,
1091 2488 1258 2554 humiliter
1297 2489 1492 2575 supplicavit
1530 2511 1631 2576 snper
1667 2491 1727 2556 hoo
1766 2491 1829 2555 sibi
1867 2489 1955 2554 sedis

306 2592 487 2677 apostolice
518 2591 663 2657 remedio
695 2592 869 2658 subveniri.
923 2592 976 2657 Ne
999 2614 1075 2659 vero
1103 2593 1313 2677 injuriatores
1335 2592 1472 2678 predicti
1496 2593 1536 2658 de
1561 2614 1620 2658 sua
1643 2594 1768 2660 malitia
1790 2599 1957 2682 reportent

307 2695 479 2760 comodum
502 2697 534 2760 in
557 2696 619 2760 hac
642 2703 735 2781 parte
760 2705 816 2762 aut
839 2698 1009 2783 contingat
1031 2698 1092 2762 hae
1116 2695 1156 2763 de
1181 2718 1281 2762 eausa
1303 2697 1353 2760 ius
1378 2696 1496 2782 prefati
1513 2697 1629 2762 nobilis
1646 2696 1807 2784 deperire,
1822 2698 1956 2762 manda-

307 2819 396 2879 mus,
431 2799 584 2885 quatinus
618 2797 791 2886 par[tibue]
831 2798 1045 2887 eo[nvoeetis]
1083 2797 1224 2888 au[dies]
1260 2799 1414 2865 causamb
1447 2807 1481 2864 ot
1521 2797 1767 2888 app[ellatio]ne
1806 2797 1956 2888 re[mote]

230 2923 257 2962 eo
309 2898 534 2989 usu[eapione]
559 2899 738 2989 ceslsante]
763 2910 844 2968 eto.⁰
867 2926 988 2991 usque:
1019 2905 1201 2983 observari,
1225 2905 1353 2991 proviso
1382 2925 1423 2968 ne
1452 2905 1485 2968 in
1508 2911 1629 2969 terram
1652 2905 1729 2969 dicti
1752 2905 1871 2970 nobilis
1894 2911 1957 2970 eto.

308 3003 425 3069 Testes
450 3012 513 3072 etc.

411 3126 487 3192 Dat.
511 3127 675 3212 Lugduni,
700 3125 770 3191 IIII
792 3125 870 3192 Idus
893 3127 1074 3208 Februarii,
1099 3150 1184 3194 anno
1202 3129 1257 3194 Ψ.

931 3410 1341 3418 ———.-—.—--———

1092 3687 1179 3765 495.

413 3801 632 3898 Innocentius
657 3824 714 3893 IV
733 3850 824 3912 popo
852 3825 1032 3916 [Sipofrido
1055 3829 1137 3916 ΙΙΙ]
1161 3827 1389 3912 archiepiscopo
1417 3825 1623 3910 Moynntino,
1646 3825 1912 3911 archidiaconffis]
1933 3829 1962 3889 ot

309 3933 387 3998 otiis
401 3933 560 4016 praelatis
582 3931 795 4014 Mopnntinoe
817 3934 953 3998 ciuitatis
974 3938 1003 3998 ct
1025 3933 1155 4000 diocesis
1175 3933 1321 4010 nrondot,
1347 3936 1383 3996 nt
1405 3931 1733 3997 excommunicationis
1754 3934 1783 3994 et
1803 3930 1963 3994 interdicti

232 4063 258 4102 n
310 4037 494 4116 emensus,
511 4036 547 4100 in
562 4035 679 4121 synodo
687 4036 882 4119 provinciali
892 4038 1081 4118 pracsertim
1098 4041 1230 4122 propter
1256 4035 1412 4101 niolimm
1436 4034 1669 4118 Tbnrinpmnm
1691 4038 1720 4098 ot
1741 4031 1962 4098 Hessonornm

307 4142 525 4220 postmortem
546 4137 716 4224 H[enrim']
737 4138 819 4220 repis
840 4137 1057 4205 Rmonmnm
1079 4144 1299 4204 senescentem
1320 4142 1430 4204 contre
1444 4138 1609 4203 violatores
1631 4137 1810 4202 eleriemnm
1819 4136 1962 4217 promni-

309 4246 417 4325 ‚oatns
451 4261 515 4305 non
552 4241 746 4306 obsiontibns
779 4241 1013 4324 qnilmsmmqne
1049 4242 1255 4325 indumentiis
1290 4241 1447 4306 rrobilibns
1478 4241 1608 4304 diocesis
1640 4239 1776 4308 eiusdem
1803 4239 1962 4316 concessis,

310 4345 424 4426 rubique
445 4343 605 4411 obseruari
620 4342 759 4430 fociant.
1589 4347 1681 4422 1248,
1703 4344 1798 4410 Febr.
1822 4347 1873 4408 11.

417 4464 482 4519 rm.
498 4465 546 4520 rr
566 4465 630 4536 ne.
648 4465 738 4534 rar,
755 4473 817 4530 me·
842 4465 904 4520 co.
928 4466 1030 4535 nnn.

235 4571 263 4610 so
341 4615 344 4622 ,
418 4553 514 4622 &per
531 4557 606 4607 3626.

314 4771 352 4789 ..
380 4714 722 4808 archiepiscopo
748 4715 1010 4808 Maguntino
1038 4722 1080 4791 et
1105 4707 1438 4791 archidiaconod
1466 4735 1515 4788 ac
1542 4711 1643 4786 aliis
1670 4711 1962 4786 ecclesiarum

390 4835 578 4927 prelatis
606 4856 691 4928 per
716 4835 1024 4929 Maguntinam
1052 4836 1277 4913 civitatem
1306 4843 1351 4910 et
1377 4833 1590 4909 diocesim
1618 4833 1894 4910 constitutis,

419 4984 472 5049 Ex
506 4993 599 5071 parte
632 4991 703 5065 tua,
737 4983 838 5049 irater
872 4987 1132 5073 archiepiscope,
1168 4987 1230 5050 fuit
1258 4987 1458 5073 propositum
1492 5005 1602 5049 eoram
1631 4984 1741 5063 nobis,
1769 4983 1856 5069 quod
1886 4985 1964 5049 licet

316 5089 557 5175 Thuringorum
585 5096 618 5155 et
640 5088 867 5154 Hossanorurn
890 5091 1038 5155 nationes
1067 5098 1122 5156 tue
1157 5090 1314 5170 diocesis,
1347 5089 1388 5154 ab
1411 5089 1545 5176 subque
1569 5108 1699 5173 semper
1721 5089 1883 5152 malitiose
1906 5109 1965 5175 pre

237 5217 263 5256 n
316 5194 399 5274 aliis,
421 5191 649 5259 inobedientes
671 5192 729 5256 tibi
752 5191 874 5258 luerint
897 5199 931 5259 et
953 5195 1106 5275 rebelles,
1123 5201 1350 5282 postmortem
1367 5201 1478 5258 tamen
1495 5193 1582 5257 clare
1602 5193 1759 5256 memorie
1782 5190 1825 5259 H.
1842 5191 1963 5256 Roma·

647 5355 786 5363 —.--—
1014 5359 1024 5364 -
1043 5359 1152 5364 ---.-.Α
1167 5359 1191 5364 ...

420 5453 444 5519 Ιῑ)
463 5455 618 5508 anbeesten
637 5457 688 5508 Mc.
794 5455 817 5522 ¹³)
836 5461 892 5510 afim
911 5458 943 5509 Ii.
1048 5459 1072 5524 ⁰)
1092 5459 1155 5510 iroce
1174 5461 1236 5526 scre
1262 5459 1409 5525 supplendo
1439 5465 1508 5508 most:
1535 5457 1587 5508 line
1608 5455 1693 5508 debito
1716 5455 1848 5514 termines,
1868 5456 1966 5506 iaciens

316 5539 384 5606 quod
411 5541 531 5592 statueris
557 5558 601 5608 per
628 5559 761 5626 censimum
786 5544 986 5596 ecclesiasticam
1013 5546 1151 5597 observari.
1273 5542 1299 5610 ίί)
1317 5546 1355 5596 ito
1374 5543 1422 5606 R.,·
1448 5543 1632 5594 archidiaconis
1655 5541 1834 5608 coeundam
1857 5541 1965 5592 uidetur.

421 5660 447 5727 1)
466 5657 621 5714 chbritet
704 5661 732 5728 ἓ)
752 5661 785 5714 In
804 5659 931 5718 Helenio.
1011 5665 1038 5733 3)
1059 5662 1107 5716 En
1123 5667 1184 5730 serit.
1202 5667 1225 5716 et
1242 5679 1280 5716 m.
1298 5663 1344 5716 cir.
1364 5661 1514 5715 Solotbnrn.
1595 5659 1625 5730 4)
1646 5659 1687 5728 Of.
1703 5677 1730 5729 p.
1749 5665 1803 5729 351,
1821 5663 1877 5714 not.
1897 5665 1922 5716 3.
