4784 6334
867 407 1068 464 nrtsronsa
1086 408 1278 466 subactas.
1315 413 1390 468 1248.
1893 417 1956 481 437

411 580 591 648 Statuimus
614 583 759 670 insuper,
781 588 818 646 ut
837 582 907 667 regi
924 603 982 647 seu
997 583 1071 648 aliis
1087 584 1236 649 dominis·
1246 583 1448 650 secularibus
1465 585 1613 652 eiusdem
1630 587 1723 673 regni
1740 588 1954 654 ecclesiarum

302 686 447 772 ipsarum
469 689 603 774 prelati,
632 687 686 774 qui
709 685 833 773 regalia
856 706 920 750 nou
944 693 1059 752 tenent
1082 689 1123 753 ab
1147 689 1227 770 illis,
1254 689 1380 752 nullum
1404 689 1560 777 deinceps
1583 689 1751 756 fidelitatis
1776 692 1956 758 exhibeant

302 791 532 857 iuramentum.

369 889 372 894 ’
410 893 557 980 Antiqua
580 911 708 979 quoque
732 875 919 958 sanctorurh
942 899 1071 980 patrum
1095 899 1219 958 statuta
1242 901 1448 978 sequenter,
1471 904 1630 983 perpetuo
1654 899 1820 963 firmamus
1838 899 1956 978 edicto,

236 1018 248 1056 s
302 1005 339 1062 ut
362 996 469 1062 nullus
493 997 631 1062 clericus
655 997 723 1062 eive
747 997 861 1083 quevis
885 1017 1028 1083 persona
1049 999 1273 1064 ecclesiastica
1297 999 1390 1082 regni
1412 999 1531 1084 prefati
1555 1001 1756 1088 respondere
1783 1003 1816 1065 in
1847 1003 1955 1067 crimi-

303 1101 432 1166 ualibus
461 1099 512 1164 uel
543 1099 693 1164 ciuilibus
721 1100 964 1185 questionibus,
1002 1101 1101 1165 etiam
1135 1101 1162 1164 si
1195 1107 1308 1166 contra
1343 1121 1416 1165 eam
1448 1101 1489 1167 de
1522 1104 1591 1168 lese
1626 1104 1808 1170 maiestatis
1840 1112 1958 1191 agatur

303 1205 453 1283 crimine,
483 1204 516 1268 iu
540 1203 682 1268 seculari
702 1202 821 1268 iudicio
844 1209 1009 1279 teneatur;
1040 1203 1218 1269 districtius
1241 1204 1473 1290 prohibentes,
1503 1227 1544 1270 ne
1569 1206 1602 1272 iu
1625 1207 1698 1290 illo,
1728 1208 1755 1272 si
1786 1207 1957 1294 adipsum

301 1315 408 1374 tracta
430 1308 538 1389 fuerit,
562 1306 764 1393 respondere
787 1314 957 1394 presumat
967 1309 988 1374 ¹.

409 1411 626 1478 Decernimus
651 1412 759 1490 etiarn,
783 1419 819 1476 ut
842 1412 951 1477 nullus
974 1413 1088 1478 maiori
1112 1413 1450 1479 excommunicatione
1474 1414 1606 1499 ligatus,
1630 1414 1700 1480 sive
1725 1414 1863 1479 clericas
1887 1414 1958 1480 sive

225 1537 251 1574 ιο
303 1517 416 1598 laicus,
440 1516 633 1581 admittatur
653 1515 684 1579 in
701 1515 772 1580 loro
788 1517 1014 1581 ecclesiastico
1033 1519 1084 1582 vel
1103 1517 1243 1582 seculari
1261 1519 1294 1580 iu
1311 1518 1427 1583 endem
1445 1539 1557 1602 regno,
1581 1517 1769 1604 priusquam
1787 1519 1957 1583 absolutus

303 1621 412 1701 tuerit,
435 1619 477 1683 ad
499 1618 675 1705 agendum.

412 1724 486 1789 Hiis
510 1745 640 1811 quoque
665 1723 871 1814 irrevocabili
887 1723 1021 1788 decreto
1037 1722 1230 1803 addicimus,
1253 1731 1290 1789 ut
1305 1723 1561 1809 archiepiscopis
1579 1731 1612 1790 et
1628 1723 1793 1811 episcopis
1810 1724 1957 1791 eiusdem

303 1828 397 1914 regni
413 1830 446 1892 in
463 1829 529 1892 suis
545 1827 732 1892 civitatibus
750 1833 783 1892 et
806 1827 992 1891 diocesibus
1017 1833 1050 1892 et
1073 1827 1209 1914 prelatis
1232 1829 1306 1893 aliis
1330 1829 1363 1892 in
1386 1829 1477 1908 locis,
1501 1829 1534 1892 in
1558 1829 1676 1913 quibus
1700 1826 1957 1894 iurisdietionem

304 1933 509 2020 spiritualem
532 1931 690 2011 obtinent,
715 1930 881 1995 iudicandi
904 1940 937 1995 et
959 1931 1126 2017 puniendi,
1151 1931 1329 1996 secundum
1353 1930 1440 2016 quod
1466 1952 1609 1996 canones
1627 1937 1773 2011 censent,
1797 1931 1959 1997 adulteria

226 2061 251 2099 rs
304 2042 338 2100 et
360 2035 425 2100 alia
448 2036 581 2100 crimina
602 2041 669 2099 tam
693 2035 988 2100 ecclesiasticarum
1012 2055 1109 2121 quam
1133 2035 1327 2100 secularium
1352 2055 1565 2121 personarum
1588 2039 1621 2098 et
1637 2054 1807 2099 censuram
1825 2041 1959 2122 propter

304 2141 365 2205 hoc
394 2141 428 2204 in
459 2140 549 2224 ipsas
579 2139 837 2204 ecclesiasticam
869 2137 1062 2218 exercendi,
1094 2139 1269 2224 temporali
1298 2136 1525 2203 iurisdictione
1556 2136 1694 2202 dominis
1718 2139 1958 2224 temporalibus

304 2243 533 2308 nichilominus
556 2250 735 2322 reservata,
758 2263 886 2306 necnon
911 2243 1129 2327 cognoscendi
1153 2241 1194 2308 de
1218 2243 1326 2306 causis
1349 2241 1472 2306 dotium
1497 2250 1530 2306 et
1550 2243 1712 2308 universis
1729 2242 1813 2322 aliis,
1836 2265 1900 2330 que
1917 2241 1958 2308 ad

303 2349 409 2412 iorum
442 2347 703 2412 ecclesiasticum
733 2347 914 2431 pertinent,
950 2354 984 2412 et
1013 2367 1070 2412 eas
1099 2347 1342 2412 sententialiter
1370 2345 1565 2411 decidendib
1593 2346 1692 2432 plena
1722 2351 1756 2410 et
1783 2346 1886 2411 libera
1916 2347 1959 2412 sit

303 2451 453 2517 facultas.

226 2576 253 2617 ro
411 2553 502 2618 Nulli
529 2573 607 2638 ergo
638 2552 769 2616 omnino
799 2553 964 2618 hominum
996 2553 1095 2618 liceat
1125 2552 1187 2618 heo
1219 2557 1332 2618 nostra
1356 2559 1515 2640 perpetua
1546 2558 1671 2617 statuta
1700 2551 1878 2635 infringere
1906 2551 1958 2615 vel

305 2659 352 2724 eis
375 2676 457 2722 ausu
480 2657 628 2742 quolibet
651 2656 823 2722 contraire.
868 2656 1000 2741 Siquis
1029 2664 1140 2721 autem
1169 2662 1367 2743 attemptare
1399 2657 1654 2742 presumpserit,
1686 2655 1777 2740 gravi
1808 2675 1893 2741 pena
1922 2675 1958 2720 se

303 2761 430 2826 noverit
452 2757 708 2846 percellendum.

407 2879 484 2945 Det.
508 2878 672 2964 Lugduni,
693 2878 759 2944 VII
782 2877 832 2944 Id.
854 2877 1059 2960 Decembris,
1084 2899 1168 2942 anno
1187 2877 1285 2944 VI⁰².

930 3141 1340 3154 *ffl—ss-——n-——a——u—o—

1091 3405 1178 3480 614.

410 3519 629 3616 Innocentius
651 3543 707 3612 IV
720 3567 811 3632 papa
833 3543 1017 3632 [Martiae]
1038 3547 1130 3612 electo
1151 3543 1346 3624 Vercettonsi,
1369 3565 1432 3626 pro
1452 3564 1569 3626 pnerra
1590 3547 1699 3608 contra
1723 3541 1962 3628 antanasi]

228 3686 254 3726 rs
306 3653 463 3736 qnondam
484 3653 699 3734 imperatorem
722 3652 847 3717 onmtia
868 3651 1036 3734 indipcnti,
1068 3651 1204 3716 concedit
1228 3649 1431 3734 facultatem,
1462 3652 1498 3711 at
1523 3647 1678 3713 cassatas
1703 3647 1847 3712 ecclcsiae
1875 3665 1961 3725 anae,

305 3757 362 3838 qni
386 3755 477 3838 infra
505 3755 681 3837 qaindecim
708 3754 787 3834 dies,
813 3759 981 3838 postquam
1010 3756 1046 3819 in
1073 3754 1215 3836 pancrati
1237 3751 1474 3838 praedicatione
1503 3749 1591 3832 apud
1611 3748 1787 3814 Novariam
1813 3749 1959 3830 requisiti

300 3857 438 3946 fuerint,
459 3859 521 3923 sibi
542 3878 606 3922 non
628 3858 796 3936 astiterint,
817 3857 923 3940 fendis
945 3858 1013 3922 sais
1028 3859 1144 3940 priva.
1630 3856 1724 3933 1248,
1745 3851 1821 3920 Dec.
1838 3855 1868 3918 8.

409 3981 472 4034 nn.
485 3979 534 4034 IV
550 3979 615 4048 aa.
634 3977 695 4032 Itu.
714 3978 760 4048 Vr,
776 3979 849 4047 fiis,
867 3995 894 4032 a.
908 3984 965 4033 aar.

409 4067 538 4134 Panas,
555 4065 620 4135 aa.
634 4073 725 4132 aron
743 4067 841 4134 asper
857 4072 929 4121 rra.

847 4295 885 4312 ..
914 4244 1071 4316 electo
1098 4199 1432 4317 vercellensi⁰.

416 4395 498 4462 Cam
531 4394 572 4459 ad
602 4414 739 4480 presens
771 4414 830 4478 pro
860 4412 995 4477 guerra,
1028 4411 1125 4475 quam
1156 4397 1271 4454 contra
1301 4388 1337 4452 F.
1367 4385 1530 4473 quondam
1564 4385 1794 4470 imperatorem
1826 4390 1860 4450 et
1888 4385 1960 4450 eius

307 4505 452 4570 lautores
476 4501 600 4565 habere
623 4499 814 4578 dinosceris,
838 4497 960 4561 auxilio
983 4494 1131 4578 indigeas
1149 4494 1373 4570 vassallorum,
1398 4497 1431 4556 et
1454 4490 1624 4576 dampnari
1647 4488 1821 4573 obprobrio
1839 4489 1959 4574 sempi-

307 4615 401 4673 terno
426 4613 459 4671 et
481 4625 567 4693 pens
589 4609 749 4691 perpetua
772 4624 837 4668 uon
860 4601 1022 4666 immerito
1046 4599 1205 4676 debeant,
1233 4598 1289 4684 qui
1318 4595 1459 4660 dominis
1488 4596 1557 4659 suis
1579 4593 1787 4659 necessitatis
1811 4600 1959 4680 tempore

412 4871 436 4932 ⁸)
455 4870 501 4920 litt.
519 4869 610 4934 quites
626 4867 655 4917 in
673 4867 728 4918 loeo
746 4881 815 4916 raro.
920 4861 946 4929 b)
965 4863 1104 4916 decidenda
1122 4861 1155 4912 a.
1261 4861 1284 4926 ο)
1303 4861 1393 4912 Eidem
1412 4859 1459 4922 R.,·
1477 4858 1602 4911 antecedit
1619 4875 1646 4908 n.
1658 4859 1715 4909 034.

231 5027 256 5068 aa
414 5007 441 5073 1)
461 4999 1088 5070 catanam,s.roo,LL.t.11‚p.srr‚
1111 5013 1139 5050 n.
1153 5002 1184 5050 18
1206 4999 1229 5048 et
1248 4994 1357 5049 Oonatit.
1375 4993 1449 5063 reperi
1466 4992 1519 5047 Sic.
1538 4991 1635 5060 Ian,
1654 4991 1692 5044 tit.
1704 4998 1737 5044 45
1758 5004 1801 5057 ap.
1815 4987 1959 5043 Hndlard·

309 5093 454 5159 Brthollea,
479 5097 498 5144 t.
516 5087 569 5155 IV,
588 5105 619 5157 p.
635 5095 677 5142 48.
764 5087 791 5152 2)
810 5085 893 5140 Hanc
914 5101 952 5154 ep.
973 5083 1115 5153 mammae
1134 5098 1183 5151 per
1204 5083 1303 5148 fratres
1321 5081 1444 5134 Minora
1465 5085 1488 5133 et
1506 5077 1706 5132 Raetiam
1727 5074 1889 5144 dianlpatam
1906 5091 1961 5129 esre

303 5185 447 5249 pnmmm,
474 5175 522 5244 qni
544 5190 573 5228 co
593 5179 706 5242 ternpore
726 5173 783 5228 alio
805 5187 907 5240 anonae
930 5170 1006 5225 mado
1030 5170 1134 5224 aaaron
1153 5169 1306 5224 Sindonum
1322 5173 1416 5222 wintra
1436 5157 1812 5228 Eiidericrtm'oorrcitabant3
1836 5161 1961 5216 Bahma-

309 5265 415 5334 Fl'cker,
434 5264 451 5318 l.
467 5278 489 5317 a.
506 5267 572 5316 3765
590 5266 613 5314 et
631 5265 703 5314 3700.
739 5258 794 5313 sat
812 5259 908 5312 Decri
925 5257 995 5310 enim
1009 5272 1085 5324 papa
1103 5255 1237 5324 &mirano
1253 5253 1400 5320 cardinali,
1422 5252 1524 5306 sicano
1541 5265 1590 5305 ura
1606 5251 1637 5304 in
1660 5248 1738 5318 Urbe,
1760 5246 1907 5316 mandant,
1930 5253 1961 5301 at

307 5351 438 5422 mandans
458 5347 656 5404 minitationes
680 5345 832 5398 daiwrnm
854 5344 931 5399 Urbis
953 5343 1088 5411 irritaret,
1107 5358 1158 5410 per
1179 5357 1248 5410 praa
1269 5339 1361 5394 iiatern
1382 5339 1516 5406 fratribus
1536 5337 1655 5405 officinm
1672 5333 1879 5404 praedicationis
1900 5349 1961 5402 pro-

230 5457 258 5497 to
309 5439 457 5503 hibendum
479 5436 577 5506 Barna
593 5439 672 5500 4258,
698 5431 834 5500 Pottlraat,
860 5431 925 5499 Rep.
939 5435 1032 5496 13107‚·
1055 5429 1087 5496 ct.
1107 5429 1208 5497 Berper
1225 5435 1303 5496 4230,
1328 5425 1554 5480 Pottlrast13489.
1591 5423 1656 5476 Atia
1677 5436 1779 5490 neonae
1795 5419 1907 5474 masilia
1924 5419 1962 5473 ad

307 5539 422 5596 repausa
439 5521 544 5576 alatae
565 5519 712 5588 medanta
735 5518 790 5572 iam
812 5522 871 5571 tam
894 5514 988 5584 σφίεει
1010 5515 1129 5582 ridetur,-
1151 5531 1217 5568 nam
1236 5513 1278 5566 tris
1297 5512 1351 5579 sere
1374 5511 1465 5564 dairas
1482 5509 1594 5563 Petram
1613 5505 1775 5562 cardinalem
1798 5505 1911 5574 lantum
1928 5520 1961 5558 en

308 5609 491 5675 Alamannia,
515 5606 562 5660 nbi
583 5623 626 5660 rea
649 5605 771 5660 cedenac
788 5617 912 5672 prospere
930 5605 1058 5671 amant,
1081 5600 1210 5654 resecarit
1233 5599 1280 5670 [cs.
1298 5615 1326 5653 n.
1345 5604 1392 5652 616
1413 5601 1437 5650 et
1457 5596 1529 5667 aasJ,
1553 5594 1598 5648 cui
1617 5592 1741 5666 manino
1762 5607 1849 5646 rnerne
1870 5591 1961 5662 Aprili

308 5695 446 5770 taurionis
462 5692 582 5762 officinm
598 5692 629 5745 in
646 5706 726 5761 repno
742 5689 878 5745 amman
