4328 6232
670 27 719 82 EX
737 26 955 84 muocuuru
973 31 1006 81 lv
1029 51 1114 82 ω...

490 206 655 282 Nobili
691 206 796 281 viro
832 206 878 281 A.
915 205 1163 281 marchioni
1197 206 1390 283 Estensi.

224 343 306 408 Oum
330 362 370 407 eo
394 347 553 426 ternpore,
577 360 641 425 quo
656 338 845 404 Fridericus
868 338 1032 424 quondam
1054 340 1232 427 imperator
1254 341 1421 408 civitatem
1436 341 1649 409 vicentinam
1672 365 1766 411 oceu-

114 449 237 535 pavit1,
261 446 382 511 ibidem
399 444 578 532 potestarie
596 442 738 508 officium
755 464 941 523 exerceres,
968 463 1030 508 nec
1053 442 1094 509 de
1110 443 1230 510 salario
1254 444 1313 509 tibi
1329 446 1491 531 promisso
1507 453 1647 535 propter
1669 468 1766 513 oecu-

111 552 279 640 pstionem
305 547 490 613 huiusmodi
513 547 573 612 tibi
597 547 706 629 tuerit,
730 553 766 612 ut
781 547 914 626 asseris,
932 547 1154 613 satisfactum:
1179 570 1250 628 nos,
1266 548 1476 616 attendentes
1492 547 1637 638 dampna
1660 572 1768 617 rerum

114 663 147 722 et
169 675 399 743 personarum,
425 673 488 738 que
511 652 544 717 in
569 651 684 716 eadem
707 651 925 738 occupatione
949 650 1131 717 dinosceris
1155 653 1349 734 incurrisse,
1376 654 1580 739 presentium
1602 654 1667 719 tibi
1689 677 1766 720 auo·
1823 689 1833 725 s

112 761 246 825 toritate
264 757 486 837 concedimus,
509 762 545 821 ut
560 755 618 819 tibi
642 762 675 820 et
696 755 874 820 heredibus
891 755 956 820 tuis
972 755 1081 839 liceat,
1098 755 1370 843 quandocumque
1393 777 1429 822 se
1444 755 1585 822 facultas
1600 759 1767 847 optulerit,

115 887 134 929 a
150 864 298 951 predicte
316 862 459 927 civitatis
476 859 640 925 communi
657 860 821 946 prefatum
839 860 994 925 salarium
1011 862 1190 946 postulare,
1206 860 1249 925 ad
1264 861 1357 926 cuius
1372 862 1553 948 plenariam
1568 864 1768 930 solutionem

113 969 174 1034 tibi
198 969 251 1034 vel
275 968 341 1032 tuis
364 964 542 1029 heredibus
558 962 742 1028 taciendam
766 963 889 1028 dictum
906 985 1045 1029 comune
1067 986 1201 1031 manera
1218 964 1424 1031 decernimus
1440 967 1633 1053 obligatum.
1678 968 1769 1033 Nulli

114 1095 193 1159 ergo
217 1079 280 1137 etc.
304 1078 416 1136 nostre
439 1068 663 1133 concessionis
688 1075 721 1132 et
744 1068 987 1133 constitutionis
1011 1075 1073 1133 eto.

220 1191 297 1256 Dat.
320 1190 482 1276 Lugduni,
505 1187 619 1253 Idibus
643 1188 732 1269 Maii,
755 1208 841 1252 anno
863 1187 943 1253 IIII.
1816 1209 1837 1246 ιι

735 1399 1022 1406 --——-—-·--
1031 1400 1036 1405 .
1043 1399 1145 1406 .-

898 1591 983 1665 363.

219 1691 437 1785 Innocentius
453 1715 478 1780 I
480 1714 509 1778 V
526 1735 614 1796 papa
634 1713 863 1800 [Marcellino]
885 1713 1026 1796 episcopo
1047 1713 1195 1792 Aeetine,
1223 1714 1382 1780 nearcbiae
1403 1716 1627 1782 Anconitanae
1649 1719 1770 1797 reatori,

112 1821 252 1899 mandat,
274 1824 311 1884 ut
331 1819 484 1901 lampio,
506 1839 587 1901 quac
610 1818 767 1882 nuninati
786 1817 961 1897 proditores
977 1817 1141 1898 praestrui
1169 1818 1231 1882 sibi
1250 1818 1384 1900 [caniat
1404 1840 1425 1884 u
1447 1821 1598 1885 vassallis
1617 1820 1771 1898 catastae,

112 1929 208 1992 irrita
231 1926 365 1991 nuntiet.
1411 1922 1684 2002 1247,Moi.15.

217 2047 279 2100 Inn.
293 2047 314 2100 1
316 2045 342 2099 V
358 2045 421 2113 Rea.
441 2044 495 2099 Vol.
515 2043 616 2111 I,396,·
634 2042 693 2098 Lab.
707 2042 728 2096 I
731 2042 759 2109 V,
775 2047 829 2097 238.
866 2040 965 2094 Peneis·
983 2039 1115 2109 erernptm
1131 2039 1291 2094 oonudinnss
1307 2055 1368 2094 acas
1393 2040 1515 2110 Tbec'ner,
1535 2040 1601 2097 coa
1619 2042 1684 2112 dipl.
1701 2043 1769 2097 don.

115 2139 191 2202 temp.
210 2148 231 2186 s.
249 2132 318 2185 seda
335 2137 354 2186 t.
367 2133 391 2199 I,
404 2147 435 2200 p.
448 2137 504 2198 124,
522 2147 550 2184 n.
565 2136 621 2186 225.
1817 2151 1879 2189 u-

222 2217 351 2286 Pcruao,
371 2219 436 2287 nep.
456 2224 549 2284 resen
566 2216 666 2285 Barca
685 2221 756 2271 arao.

310 2437 349 2455 ..
377 2381 604 2474 episcopo
632 2377 839 2466 Aretino‚
866 2377 1062 2452 marchis
1089 2377 1375 2453 Anconitane
1401 2378 1577 2453 rectori.

224 2512 444 2580 Perditionis²
473 2512 532 2577 filii
560 2516 594 2575 et
630 2509 825 2597 proditionis
853 2509 1060 2576 detestabilis
1087 2511 1290 2594 incentores,
1317 2511 1629 2592 Monteieltranus³,
1652 2511 1771 2579 Gotte-

116 2620 246 2700 boldus,
270 2617 466 2683 Guiilelmus
490 2623 523 2680 et
545 2614 764 2679 Thomascius
787 2615 857 2679 eius
880 2615 955 2692 tilii,
986 2635 1097 2680 comes
1122 2613 1233 2681 Sancti
1256 2614 1367 2697 Petri,
1394 2616 1579 2681 Psimerius
1603 2616 1771 2696 Palmarii,

119 2721 363 2788 Accurribonus
386 2719 550 2800 Wislerii,
577 2718 718 2783 Iacobus
741 2719 863 2801 Marci,
891 2718 1111 2783 Attavianus⁸
1132 2718 1268 2807 Filippi,
1295 2719 1530 2806 Bonussignia,
1554 2720 1702 2787 Attonus
1730 2720 1771 2787 de
1819 2753 1879 2793 a

115 2826 292 2905 Mamucio,
330 2823 522 2888 Dominious
550 2823 659 2888 Bocca
688 2821 792 2905 Nera,
820 2821 945 2903 Esinib,
979 2822 1172 2888 Albezellus
1206 2830 1241 2888 et
1270 2822 1461 2905 Malatesta,
1496 2822 1773 2905 Pensaurienses,

114 2931 253 2997 Maicius
284 2928 465 3007 Fanensis,
493 2926 663 2992 Corradus
692 2927 733 2992 de
765 2927 943 3007 Sterreto⁴,
970 2925 1188 2992 Marescottus
1224 2926 1266 2992 ds
1298 2925 1541 3008 Soxoferruo‘,
1574 2925 1703 2992 Gosius
1730 2927 1772 2993 da

115 3034 215 3119 Ripe,
246 3031 436 3097 Fildesmilo
460 3031 500 3097 de
521 3030 719 3111 Fabriano⁶,
743 3029 956 3096 Gerardellus
980 3030 1021 3096 de
1043 3030 1230 3115 Senegalis,
1253 3029 1340 3117 quod
1362 3029 1575 3118 prodiderunt
1589 3029 1772 3096 Romanam

115 3137 291 3202 ecclesiam
315 3143 348 3201 et
371 3135 412 3200 ad
436 3135 637 3222 prodendam
662 3157 736 3201 earn
759 3134 959 3200 induxerunt
981 3135 1096 3216 alios⁷,
1120 3155 1184 3199 non
1209 3134 1371 3214 contenti,
1401 3133 1591 3215 nonnullos,
1615 3141 1653 3199 ut
1675 3155 1772 3199 aeec-

114 3243 235 3328 pimus,
251 3240 414 3306 vassallos
432 3239 580 3305 eiusdem
598 3240 740 3305 ecclesie
765 3259 803 3302 ac
818 3238 933 3305 fideles
951 3239 1146 3304 conditionis
1161 3239 1266 3304 libere
1283 3238 1344 3302 sub
1361 3238 1521 3303 servitute
1540 3258 1602 3302 sua
1616 3237 1772 3324 redigere
1818 3274 1836 3287 -

115 3351 359 3430 presumentes,
387 3364 443 3407 eos
466 3342 507 3407 ad
531 3343 713 3432 prestanda
741 3342 824 3406 sibi⁰
847 3341 1017 3407 fidelitatis
1040 3341 1194 3428 homagia
1221 3341 1263 3406 de
1291 3362 1351 3406 sua
1374 3341 1488 3406 contisi
1511 3341 1663 3427 potentia
1686 3363 1772 3407 com·

115 3448 281 3534 pulerunt.
327 3446 409 3511 Oum
432 3446 532 3530 igitur
559 3454 822 3533 presumptorum
847 3446 990 3531 ipsorum
1014 3446 1183 3512 temeritas
1207 3466 1270 3510 non
1294 3446 1337 3509 sit
1358 3445 1576 3529 equanimiter
1599 3445 1773 3511 toleranda

116 3558 149 3616 ot
172 3551 315 3616 fidelium
334 3557 519 3615 nostrorum
535 3552 688 3616 molestia
703 3552 848 3617 existere
865 3551 960 3614 nobis
976 3555 1120 3636 nequest
1144 3569 1208 3614 non
1229 3548 1377 3629 molesta,
1393 3547 1598 3629 mandamus,
1615 3550 1771 3635 quatinus

116 3654 264 3740 predicta
290 3655 458 3720 fidelitatis
482 3653 638 3739 homagia
660 3661 693 3719 et
717 3654 872 3739 quidquid
896 3676 939 3719 ex
963 3654 1027 3718 hiis
1050 3661 1197 3718 secutum
1221 3653 1319 3717 fuerit
1341 3652 1516 3718 denunties
1549 3654 1682 3739 penitus
1706 3673 1769 3719 non

15 3836 17 3839 Ι
115 3766 240 3837 tenere,
264 3759 489 3841 instrumenta,
514 3758 542 3822 si
566 3780 629 3844 que
651 3759 771 3824 exinde
796 3767 871 3824 sunt
895 3758 1054 3840 coniecta,
1077 3758 1259 3823 decernens
1284 3759 1404 3822 nullius
1428 3758 1572 3822 existere
1589 3757 1770 3827 firnritstis:

116 3861 374 3928 contradictores
398 3869 431 3927 ct
453 3862 596 3927 rebelles
620 3863 701 3927 etc.⁸

201 3982 278 4047 Dat.
301 3983 465 4069 Lugduni,
488 3983 602 4049 Idibus
627 3982 717 4064 Maii,
742 3980 839 4070 [anno
863 3980 978 4068 Uilli.

898 4406 984 4478 364.

220 4503 440 4595 Innocentius
460 4527 515 4594 11⁷
544 4549 634 4613 papa
666 4525 773 4591 abbati
804 4526 940 4593 Sanctae
974 4525 1105 4592 Mariae
1132 4526 1249 4593 Portus
1275 4526 1359 4593 Nori
1386 4529 1609 4595 Anconitanoc
1641 4531 1738 4598 diceet

116 4632 259 4709 mandat,
291 4637 326 4694 ut
352 4633 514 4714 compellat
545 4633 684 4698 tornines
716 4628 832 4694 Portus
861 4631 1095 4697 Rmnaunsis
1128 4633 1172 4696 act
1196 4632 1391 4698 restituenda
1418 4632 1601 4720 [Iohanni]
1630 4638 1729 4719 quisce

220 4858 244 4924 ⁸)
262 4860 300 4911 ita
318 4859 350 4910 B.
454 4858 480 4926 b)
498 4861 593 4912 Esinus
616 4860 644 4913 Τ.
749 4862 772 4926 ⁰)
790 4878 839 4913 sua
861 4861 888 4914 Τ,
994 4859 1020 4926 d)
1038 4881 1106 4916 arrno
1124 4866 1175 4914 1111
1193 4865 1261 4916 ‹bert
1279 4866 1312 4917 It.

220 4981 247 5044 1)
265 4980 299 5034 Α
319 4984 389 5042 1236,
407 4977 474 5031 Nor.
489 4987 515 5037 1.-
530 4978 564 5044 cs.
583 4977 815 5046 Battum-Fictor,
833 4980 850 5034 t.
869 4995 891 5034 c.
910 4988 1003 5037 2204σ.
1039 4983 1150 5036 Interim
1167 4983 1262 5037 nutris
1277 4999 1375 5051 sanyrcr
1390 4983 1422 5035 in
1433 4989 1561 5052 potatam
1578 4986 1699 5043 om

112 5066 173 5133 suit.
244 5067 272 5132 2)
293 5065 332 5131 Gt.
344 5082 373 5120 n.
385 5071 446 5119 200.
521 5065 550 5133 3)
568 5065 624 5118 Hic
634 5065 748 5131 fortusse
761 5065 816 5131 fuit
830 5066 1054 5134 Montefeltranus
1070 5085 1152 5122 eonem
1163 5069 1354 5137 Meruisscretri
1370 5075 1394 5123 ct
1411 5070 1516 5140 Urbini,
1533 5073 1583 5143 qui
1599 5074 1694 5131 ubal

114 5169 184 5220 qnae
201 5152 234 5205 ab
251 5153 406 5221 unpsratore
421 5169 448 5207 a.
463 5157 533 5216 1243,
548 5150 603 5205 Oct.
623 5150 748 5205 Conrado
764 5150 796 5205 de
813 5151 923 5207 Sterteto
939 5154 1014 5220 infra
1033 5156 1170 5209 nominum
1187 5172 1310 5210 mncessa
1327 5160 1371 5223 ert,
1388 5157 1459 5212 rara
1474 5158 1629 5227 brendam
1645 5160 1686 5219 ut

118 5239 226 5308 Florae
241 5241 259 5295 1.
271 5257 294 5295 c.
305 5246 378 5295 3387.
449 5241 479 5308 4)
496 5239 615 5307 Stalcto,
629 5254 713 5308 prope
729 5239 775 5295 ιιι.
789 5240 939 5310 Perceiana,
956 5256 970 5294 e
986 5257 1047 5297 uren
1066 5241 1168 5297 Urbini.
1238 5247 1267 5312 b)
1285 5244 1335 5298 Ea
1346 5260 1398 5300 occ.
1415 5245 1464 5301 air.
1476 5246 1539 5303 leri
1619 5248 1651 5319 6)
1668 5248 1679 5306 J

114 5331 137 5380 et
154 5343 203 5382 occ.
220 5328 268 5384 eir.
281 5328 344 5383 lesi.
414 5328 443 5396 ‘tl
463 5327 504 5394 Os.
524 5328 704 5397 massa.
775 5328 803 5397 8)
822 5326 865 5382 De
881 5327 969 5387 eudem
987 5334 1085 5385 rectore
1102 5331 1137 5398 cs.
1151 5332 1251 5402 Beroen
1262 5339 1331 5389 2001
1347 5338 1372 5388 ct
1383 5338 1461 5391 8048.
