<?xml version="1.0" encoding="UTF-8"?>
<!DOCTYPE html PUBLIC "-//W3C//DTD XHTML 1.0 Transitional//EN"
    "http://www.w3.org/TR/xhtml1/DTD/xhtml1-transitional.dtd">
<html xmlns="http://www.w3.org/1999/xhtml" xml:lang="en" lang="en">
 <head>
  <title>
</title>
<meta http-equiv="Content-Type" content="text/html;charset=utf-8" />
  <meta name='ocr-system' content='tesseract 3.04.00' />
  <meta name='ocr-capabilities' content='ocr_page ocr_carea ocr_par ocr_line ocrx_word'/>
</head>
<body>
  <div class='ocr_page' id='page_1' title='image "./monumentagerman00popegoog_0581.png"; bbox 0 0 4328 6232; ppageno 0'>
   <div class='ocr_carea' id='block_1_1' title="bbox 1008 339 1316 394">
    <p class='ocr_par' dir='ltr' id='par_1_1' title="bbox 1008 339 1316 394">
     <span class='ocr_line' id='line_1_1' title="bbox 1008 339 1316 394; baseline -0.003 0"><span class='ocrx_word' id='word_1_1' title='bbox 1008 339 1316 394; x_wconf 76' lang='lat' dir='ltr'><strong><em>Auulrrnauuuu.</em></strong></span> 
     </span>
    </p>
   </div>
   <div class='ocr_carea' id='block_1_2' title="bbox 1115 603 1202 679">
    <p class='ocr_par' dir='ltr' id='par_1_2' title="bbox 1115 603 1202 679">
     <span class='ocr_line' id='line_1_2' title="bbox 1115 603 1202 679; baseline 0.046 -4"><span class='ocrx_word' id='word_1_2' title='bbox 1115 603 1202 679; x_wconf 81' lang='lat'><strong><em>759.</em></strong></span> 
     </span>
    </p>
   </div>
   <div class='ocr_carea' id='block_1_3' title="bbox 324 717 1993 930">
    <p class='ocr_par' dir='ltr' id='par_1_3' title="bbox 324 717 1993 930">
     <span class='ocr_line' id='line_1_3' title="bbox 431 717 1993 830; baseline -0.003 -19"><span class='ocrx_word' id='word_1_3' title='bbox 431 717 650 811; x_wconf 76' lang='lat' dir='ltr'><strong><em>Innocentius</em></strong></span> <span class='ocrx_word' id='word_1_4' title='bbox 666 748 691 811; x_wconf 89' lang='lat' dir='ltr'><strong><em>I</em></strong></span> <span class='ocrx_word' id='word_1_5' title='bbox 696 747 819 830; x_wconf 89' lang='lat' dir='ltr'><em>Vpopa</em></span> <span class='ocrx_word' id='word_1_6' title='bbox 834 746 1015 811; x_wconf 86' lang='lat' dir='ltr'><strong><em>Atberr&#39;enm</em></strong></span> <span class='ocrx_word' id='word_1_7' title='bbox 1036 745 1073 808; x_wconf 93' lang='lat' dir='ltr'><strong><em>de</em></strong></span> <span class='ocrx_word' id='word_1_8' title='bbox 1088 745 1233 809; x_wconf 86' lang='lat' dir='ltr'><strong><em>Romano</em></strong></span> <span class='ocrx_word' id='word_1_9' title='bbox 1255 765 1324 809; x_wconf 89' lang='lat' dir='ltr'><strong><em>cum</em></strong></span> <span class='ocrx_word' id='word_1_10' title='bbox 1346 744 1491 808; x_wconf 85' lang='lat' dir='ltr'><strong><em>omnibns</em></strong></span> <span class='ocrx_word' id='word_1_11' title='bbox 1510 743 1607 819; x_wconf 90' lang='lat' dir='ltr'><strong><em>bonis,</em></strong></span> <span class='ocrx_word' id='word_1_12' title='bbox 1631 763 1711 824; x_wconf 80' lang='lat' dir='ltr'><strong><em>quae</em></strong></span> <span class='ocrx_word' id='word_1_13' title='bbox 1728 765 1750 806; x_wconf 88' lang='lat' dir='ltr'><strong><em>n</em></strong></span> <span class='ocrx_word' id='word_1_14' title='bbox 1764 746 1909 822; x_wconf 84' lang='lat' dir='ltr'><strong><em>tempore,</em></strong></span> <span class='ocrx_word' id='word_1_15' title='bbox 1932 762 1993 822; x_wconf 78' lang='lat' dir='ltr'><strong><em>nuo</em></strong></span> 
     </span>
     <span class='ocr_line' id='line_1_4' title="bbox 324 844 1926 930; baseline -0.004 -17"><span class='ocrx_word' id='word_1_16' title='bbox 324 849 468 915; x_wconf 86' lang='lat' dir='ltr'><strong><em>ecclesiae</em></strong></span> <span class='ocrx_word' id='word_1_17' title='bbox 483 849 671 926; x_wconf 73' lang='lat' dir='ltr'><em>adhaeserit,</em></span> <span class='ocrx_word' id='word_1_18' title='bbox 689 850 822 930; x_wconf 67' lang='lat' dir='ltr'><strong><em>pacifice</em></strong></span> <span class='ocrx_word' id='word_1_19' title='bbox 831 848 1015 930; x_wconf 77' lang='lat' dir='ltr'><em>possederit,</em></span> <span class='ocrx_word' id='word_1_20' title='bbox 1039 849 1096 912; x_wconf 85' lang='lat' dir='ltr'><strong><em>snb</em></strong></span> <span class='ocrx_word' id='word_1_21' title='bbox 1108 849 1298 928; x_wconf 84' lang='lat' dir='ltr'><strong><em>protectione</em></strong></span> <span class='ocrx_word' id='word_1_22' title='bbox 1313 846 1483 930; x_wconf 87' lang='lat' dir='ltr'><strong><em>apostatica</em></strong></span> <span class='ocrx_word' id='word_1_23' title='bbox 1499 845 1640 925; x_wconf 85' lang='lat' dir='ltr'><strong><em>suscipit.</em></strong></span> <span class='ocrx_word' id='word_1_24' title='bbox 1685 848 1779 922; x_wconf 78' lang='lat'><em>1244,</em></span> <span class='ocrx_word' id='word_1_25' title='bbox 1797 844 1860 908; x_wconf 78' lang='lat' dir='ltr'><strong><em>led.</em></strong></span> <span class='ocrx_word' id='word_1_26' title='bbox 1872 847 1926 908; x_wconf 79' lang='lat'><strong><em>23.</em></strong></span> 
     </span>
    </p>
   </div>
   <div class='ocr_carea' id='block_1_4' title="bbox 430 964 1894 1037">
    <p class='ocr_par' dir='ltr' id='par_1_4' title="bbox 430 964 1894 1037">
     <span class='ocr_line' id='line_1_5' title="bbox 430 964 1894 1037; baseline -0.003 -15"><span class='ocrx_word' id='word_1_27' title='bbox 430 968 582 1037; x_wconf 72' lang='lat' dir='ltr'><strong><em>Epistulam</em></strong></span> <span class='ocrx_word' id='word_1_28' title='bbox 598 985 632 1023; x_wconf 80' lang='lat' dir='ltr'><strong><em>ee</em></strong></span> <span class='ocrx_word' id='word_1_29' title='bbox 651 969 713 1024; x_wconf 80' lang='lat' dir='ltr'><strong><em>Cod.</em></strong></span> <span class='ocrx_word' id='word_1_30' title='bbox 733 968 876 1024; x_wconf 70' lang='lat' dir='ltr'><strong><em>munaus</em></strong></span> <span class='ocrx_word' id='word_1_31' title='bbox 890 968 912 1034; x_wconf 77' lang='lat' dir='ltr'><strong><em>s.</em></strong></span> <span class='ocrx_word' id='word_1_32' title='bbox 924 975 948 1036; x_wconf 88' lang='lat'><strong><em>3,</em></strong></span> <span class='ocrx_word' id='word_1_33' title='bbox 966 985 995 1022; x_wconf 85' lang='lat' dir='ltr'><strong><em>n.</em></strong></span> <span class='ocrx_word' id='word_1_34' title='bbox 1008 976 1045 1036; x_wconf 83' lang='lat' dir='ltr'><strong><em>rr,</em></strong></span> <span class='ocrx_word' id='word_1_35' title='bbox 1064 967 1111 1021; x_wconf 86' lang='lat' dir='ltr'><strong><em>nbi</em></strong></span> <span class='ocrx_word' id='word_1_36' title='bbox 1128 985 1154 1021; x_wconf 90' lang='lat' dir='ltr'><strong><em>a.</em></strong></span> <span class='ocrx_word' id='word_1_37' title='bbox 1168 974 1243 1034; x_wconf 75' lang='lat'><strong><em>1318,</em></strong></span> <span class='ocrx_word' id='word_1_38' title='bbox 1262 968 1360 1035; x_wconf 74' lang='lat' dir='ltr'><em>Apus</em></span> <span class='ocrx_word' id='word_1_39' title='bbox 1377 966 1521 1035; x_wconf 69' lang='lat' dir='ltr'><strong><em>rupi-strato</em></strong></span> <span class='ocrx_word' id='word_1_40' title='bbox 1538 971 1585 1033; x_wconf 88' lang='lat' dir='ltr'><strong><em>est,</em></strong></span> <span class='ocrx_word' id='word_1_41' title='bbox 1606 965 1728 1019; x_wconf 80' lang='lat' dir='ltr'><strong><em>Patrius</em></strong></span> <span class='ocrx_word' id='word_1_42' title='bbox 1744 964 1894 1032; x_wconf 69' lang='lat' dir='ltr'><strong><em>dmaiprsit.</em></strong></span> 
     </span>
    </p>
   </div>
   <div class='ocr_carea' id='block_1_5' title="bbox 376 1141 2058 1460">
    <p class='ocr_par' dir='ltr' id='par_1_5' title="bbox 376 1141 2058 1460">
     <span class='ocr_line' id='line_1_6' title="bbox 504 1141 1811 1239; baseline -0.002 -20"><span class='ocrx_word' id='word_1_43' title='bbox 504 1147 800 1220; x_wconf 78' lang='lat' dir='ltr'><strong><em>Innocentius</em></strong></span> <span class='ocrx_word' id='word_1_44' title='bbox 828 1146 1067 1239; x_wconf 89' lang='lat' dir='ltr'><strong><em>episcopus</em></strong></span> <span class='ocrx_word' id='word_1_45' title='bbox 1097 1168 1251 1220; x_wconf 89' lang='lat' dir='ltr'><strong><em>servus</em></strong></span> <span class='ocrx_word' id='word_1_46' title='bbox 1278 1167 1509 1219; x_wconf 90' lang='lat' dir='ltr'><strong><em>servorum</em></strong></span> <span class='ocrx_word' id='word_1_47' title='bbox 1536 1141 1615 1217; x_wconf 91' lang='lat' dir='ltr'><strong><em>Dei</em></strong></span> <span class='ocrx_word' id='word_1_48' title='bbox 1643 1142 1811 1216; x_wconf 92' lang='lat' dir='ltr'><strong><em>dilecto</em></strong></span> 
     </span>
     <span class='ocr_line' id='line_1_7' title="bbox 376 1263 2058 1354; baseline -0.004 -13"><span class='ocrx_word' id='word_1_49' title='bbox 376 1269 477 1341; x_wconf 87' lang='lat' dir='ltr'><strong><em>iilio</em></strong></span> <span class='ocrx_word' id='word_1_50' title='bbox 506 1267 648 1340; x_wconf 89' lang='lat' dir='ltr'><strong><em>nobili</em></strong></span> <span class='ocrx_word' id='word_1_51' title='bbox 677 1267 772 1342; x_wconf 88' lang='lat' dir='ltr'><strong><em>viro</em></strong></span> <span class='ocrx_word' id='word_1_52' title='bbox 800 1267 1013 1341; x_wconf 85' lang='lat' dir='ltr'><strong><em>Alberico</em></strong></span> <span class='ocrx_word' id='word_1_53' title='bbox 1042 1267 1094 1339; x_wconf 89' lang='lat' dir='ltr'><strong><em>de</em></strong></span> <span class='ocrx_word' id='word_1_54' title='bbox 1120 1267 1319 1339; x_wconf 88' lang='lat' dir='ltr'><strong><em>Romano</em></strong></span> <span class='ocrx_word' id='word_1_55' title='bbox 1347 1268 1542 1340; x_wconf 85' lang='lat' dir='ltr'><strong><em>salutem</em></strong></span> <span class='ocrx_word' id='word_1_56' title='bbox 1571 1270 1613 1339; x_wconf 93' lang='lat' dir='ltr'><strong><em>et</em></strong></span> <span class='ocrx_word' id='word_1_57' title='bbox 1639 1263 1938 1354; x_wconf 85' lang='lat' dir='ltr'><strong><em>apostolicam</em></strong></span> <span class='ocrx_word' id='word_1_58' title='bbox 2054 1313 2058 1321; x_wconf 87' lang='lat'>-</span> 
     </span>
     <span class='ocr_line' id='line_1_8' title="bbox 954 1385 1355 1460; baseline 0.002 -1"><span class='ocrx_word' id='word_1_59' title='bbox 954 1385 1355 1460; x_wconf 81' lang='lat' dir='ltr'><strong><em>benedictionem.</em></strong></span> 
     </span>
    </p>
   </div>
   <div class='ocr_carea' id='block_1_6' title="bbox 323 1533 2075 2557">
    <p class='ocr_par' dir='ltr' id='par_1_6' title="bbox 323 1533 2075 2557">
     <span class='ocr_line' id='line_1_9' title="bbox 432 1533 1991 1622; baseline -0.003 -21"><span class='ocrx_word' id='word_1_60' title='bbox 432 1537 652 1603; x_wconf 83' lang='lat' dir='ltr'><strong><em>Attendentes</em></strong></span> <span class='ocrx_word' id='word_1_61' title='bbox 675 1538 751 1602; x_wconf 90' lang='lat' dir='ltr'><strong><em>fidei</em></strong></span> <span class='ocrx_word' id='word_1_62' title='bbox 776 1544 831 1602; x_wconf 88' lang='lat' dir='ltr'><strong><em>tue</em></strong></span> <span class='ocrx_word' id='word_1_63' title='bbox 856 1536 1082 1616; x_wconf 88' lang='lat' dir='ltr'><strong><em>constantiam,</em></strong></span> <span class='ocrx_word' id='word_1_64' title='bbox 1106 1557 1205 1620; x_wconf 90' lang='lat' dir='ltr'><strong><em>quam</em></strong></span> <span class='ocrx_word' id='word_1_65' title='bbox 1228 1535 1269 1600; x_wconf 90' lang='lat' dir='ltr'><strong><em>ad</em></strong></span> <span class='ocrx_word' id='word_1_66' title='bbox 1293 1538 1507 1622; x_wconf 86' lang='lat' dir='ltr'><strong><em>apostolicam</em></strong></span> <span class='ocrx_word' id='word_1_67' title='bbox 1525 1535 1637 1601; x_wconf 90' lang='lat' dir='ltr'><strong><em>sedem</em></strong></span> <span class='ocrx_word' id='word_1_68' title='bbox 1655 1534 1777 1599; x_wconf 87' lang='lat' dir='ltr'><strong><em>habere</em></strong></span> <span class='ocrx_word' id='word_1_69' title='bbox 1794 1533 1991 1615; x_wconf 90' lang='lat' dir='ltr'><strong><em>dinosceris,</em></strong></span> 
     </span>
     <span class='ocr_line' id='line_1_10' title="bbox 325 1640 1990 1726; baseline -0.003 -21"><span class='ocrx_word' id='word_1_70' title='bbox 325 1649 359 1705; x_wconf 91' lang='lat' dir='ltr'><strong><em>et</em></strong></span> <span class='ocrx_word' id='word_1_71' title='bbox 374 1641 621 1707; x_wconf 82' lang='lat' dir='ltr'><strong><em>considerantes</em></strong></span> <span class='ocrx_word' id='word_1_72' title='bbox 637 1644 740 1707; x_wconf 88' lang='lat' dir='ltr'><strong><em>eciam</em></strong></span> <span class='ocrx_word' id='word_1_73' title='bbox 759 1642 911 1726; x_wconf 89' lang='lat' dir='ltr'><strong><em>dampna,</em></strong></span> <span class='ocrx_word' id='word_1_74' title='bbox 935 1661 998 1725; x_wconf 90' lang='lat' dir='ltr'><strong><em>que</em></strong></span> <span class='ocrx_word' id='word_1_75' title='bbox 1022 1640 1195 1704; x_wconf 91' lang='lat' dir='ltr'><strong><em>occasione</em></strong></span> <span class='ocrx_word' id='word_1_76' title='bbox 1221 1640 1406 1704; x_wconf 91' lang='lat' dir='ltr'><strong><em>huiusmodi</em></strong></span> <span class='ocrx_word' id='word_1_77' title='bbox 1427 1662 1463 1705; x_wconf 91' lang='lat' dir='ltr'><strong><em>es</em></strong></span> <span class='ocrx_word' id='word_1_78' title='bbox 1485 1660 1675 1725; x_wconf 87' lang='lat' dir='ltr'><strong><em>perpessus,</em></strong></span> <span class='ocrx_word' id='word_1_79' title='bbox 1700 1658 1874 1724; x_wconf 89' lang='lat' dir='ltr'><strong><em>personam</em></strong></span> <span class='ocrx_word' id='word_1_80' title='bbox 1899 1643 1990 1701; x_wconf 89' lang='lat' dir='ltr'><strong><em>tuam</em></strong></span> 
     </span>
     <span class='ocr_line' id='line_1_11' title="bbox 325 1744 1989 1828; baseline 0 -22"><span class='ocrx_word' id='word_1_81' title='bbox 325 1764 398 1807; x_wconf 90' lang='lat' dir='ltr'><strong><em>cum</em></strong></span> <span class='ocrx_word' id='word_1_82' title='bbox 422 1744 573 1809; x_wconf 89' lang='lat' dir='ltr'><strong><em>omnibus</em></strong></span> <span class='ocrx_word' id='word_1_83' title='bbox 597 1746 710 1826; x_wconf 88' lang='lat' dir='ltr'><strong><em>terris,</em></strong></span> <span class='ocrx_word' id='word_1_84' title='bbox 739 1747 872 1826; x_wconf 88' lang='lat' dir='ltr'><strong><em>eastris,</em></strong></span> <span class='ocrx_word' id='word_1_85' title='bbox 900 1744 1182 1809; x_wconf 87' lang='lat' dir='ltr'><strong><em>iurisdictionibus</em></strong></span> <span class='ocrx_word' id='word_1_86' title='bbox 1207 1752 1240 1809; x_wconf 89' lang='lat' dir='ltr'><strong><em>et</em></strong></span> <span class='ocrx_word' id='word_1_87' title='bbox 1263 1744 1335 1809; x_wconf 92' lang='lat' dir='ltr'><strong><em>aliis</em></strong></span> <span class='ocrx_word' id='word_1_88' title='bbox 1365 1744 1458 1809; x_wconf 90' lang='lat' dir='ltr'><strong><em>bonis</em></strong></span> <span class='ocrx_word' id='word_1_89' title='bbox 1487 1745 1568 1823; x_wconf 91' lang='lat' dir='ltr'><strong><em>tuis,</em></strong></span> <span class='ocrx_word' id='word_1_90' title='bbox 1600 1764 1662 1828; x_wconf 89' lang='lat' dir='ltr'><strong><em>que</em></strong></span> <span class='ocrx_word' id='word_1_91' title='bbox 1685 1764 1705 1806; x_wconf 89' lang='lat' dir='ltr'><strong><em>a</em></strong></span> <span class='ocrx_word' id='word_1_92' title='bbox 1727 1749 1892 1827; x_wconf 85' lang='lat' dir='ltr'><strong><em>tempore,</em></strong></span> <span class='ocrx_word' id='word_1_93' title='bbox 1924 1762 1989 1826; x_wconf 89' lang='lat' dir='ltr'><strong><em>quo</em></strong></span> 
     </span>
     <span class='ocr_line' id='line_1_12' title="bbox 326 1846 1989 1935; baseline -0.001 -24"><span class='ocrx_word' id='word_1_94' title='bbox 326 1848 465 1911; x_wconf 89' lang='lat' dir='ltr'><strong><em>ecclesia</em></strong></span> <span class='ocrx_word' id='word_1_95' title='bbox 489 1847 680 1930; x_wconf 86' lang='lat' dir='ltr'><strong><em>adhesisti¹‚</em></strong></span> <span class='ocrx_word' id='word_1_96' title='bbox 703 1849 898 1935; x_wconf 82' lang='lat' dir='ltr'><strong><em>possidebas</em></strong></span> <span class='ocrx_word' id='word_1_97' title='bbox 922 1849 1058 1934; x_wconf 90' lang='lat' dir='ltr'><strong><em>pacifice</em></strong></span> <span class='ocrx_word' id='word_1_98' title='bbox 1082 1869 1120 1911; x_wconf 85' lang='lat' dir='ltr'><strong><em>ae</em></strong></span> <span class='ocrx_word' id='word_1_99' title='bbox 1144 1848 1266 1932; x_wconf 85' lang='lat' dir='ltr'><strong><em>quiete,</em></strong></span> <span class='ocrx_word' id='word_1_100' title='bbox 1290 1847 1349 1911; x_wconf 92' lang='lat' dir='ltr'><em>sub</em></span> <span class='ocrx_word' id='word_1_101' title='bbox 1374 1847 1464 1912; x_wconf 87' lang='lat' dir='ltr'><strong><em>beati</em></strong></span> <span class='ocrx_word' id='word_1_102' title='bbox 1480 1847 1570 1910; x_wconf 86' lang='lat' dir='ltr'><strong><em>Petri</em></strong></span> <span class='ocrx_word' id='word_1_103' title='bbox 1593 1853 1627 1910; x_wconf 92' lang='lat' dir='ltr'><strong><em>et</em></strong></span> <span class='ocrx_word' id='word_1_104' title='bbox 1649 1852 1763 1909; x_wconf 86' lang='lat' dir='ltr'><strong><em>nostra</em></strong></span> <span class='ocrx_word' id='word_1_105' title='bbox 1778 1846 1989 1930; x_wconf 89' lang='lat' dir='ltr'><strong><em>protectione</em></strong></span> 
     </span>
     <span class='ocr_line' id='line_1_13' title="bbox 325 1952 1987 2040; baseline 0.001 -27"><span class='ocrx_word' id='word_1_106' title='bbox 325 1952 518 2036; x_wconf 83' lang='lat' dir='ltr'><strong><em>suscipimus</em></strong></span> <span class='ocrx_word' id='word_1_107' title='bbox 543 1959 576 2016; x_wconf 86' lang='lat' dir='ltr'><strong><em>et</em></strong></span> <span class='ocrx_word' id='word_1_108' title='bbox 599 1955 759 2039; x_wconf 87' lang='lat' dir='ltr'><strong><em>presentis</em></strong></span> <span class='ocrx_word' id='word_1_109' title='bbox 783 1954 896 2040; x_wconf 86' lang='lat' dir='ltr'><strong><em>scripti</em></strong></span> <span class='ocrx_word' id='word_1_110' title='bbox 922 1952 1102 2039; x_wconf 88' lang='lat' dir='ltr'><strong><em>patrocinio</em></strong></span> <span class='ocrx_word' id='word_1_111' title='bbox 1127 1953 1377 2027; x_wconf 90' lang='lat' dir='ltr'><strong><em>communimus;</em></strong></span> <span class='ocrx_word' id='word_1_112' title='bbox 1404 1957 1517 2037; x_wconf 86' lang='lat' dir='ltr'><strong><em>pacta,</em></strong></span> <span class='ocrx_word' id='word_1_113' title='bbox 1550 1952 1800 2036; x_wconf 79' lang='lat' dir='ltr'><em>promissiones,</em></span> <span class='ocrx_word' id='word_1_114' title='bbox 1830 1952 1987 2037; x_wconf 86' lang='lat' dir='ltr'><strong><em>pignore·</em></strong></span> 
     </span>
     <span class='ocr_line' id='line_1_14' title="bbox 323 2054 1988 2141; baseline 0.001 -25"><span class='ocrx_word' id='word_1_115' title='bbox 323 2055 446 2135; x_wconf 86' lang='lat' dir='ltr'><strong><em>tiones,</em></strong></span> <span class='ocrx_word' id='word_1_116' title='bbox 471 2055 709 2141; x_wconf 87' lang='lat' dir='ltr'><strong><em>obligacionas,</em></strong></span> <span class='ocrx_word' id='word_1_117' title='bbox 732 2057 945 2136; x_wconf 85' lang='lat' dir='ltr'><strong><em>donaciones,</em></strong></span> <span class='ocrx_word' id='word_1_118' title='bbox 975 2056 1193 2121; x_wconf 85' lang='lat' dir='ltr'><strong><em>refutacioues</em></strong></span> <span class='ocrx_word' id='word_1_119' title='bbox 1223 2056 1277 2119; x_wconf 90' lang='lat' dir='ltr'><strong><em>vel</em></strong></span> <span class='ocrx_word' id='word_1_120' title='bbox 1300 2075 1523 2140; x_wconf 89' lang='lat' dir='ltr'><strong><em>quascumque</em></strong></span> <span class='ocrx_word' id='word_1_121' title='bbox 1551 2054 1668 2119; x_wconf 79' lang='lat' dir='ltr'><strong><em>datas·</em></strong></span> <span class='ocrx_word' id='word_1_122' title='bbox 1697 2076 1756 2140; x_wconf 91' lang='lat' dir='ltr'><strong><em>per</em></strong></span> <span class='ocrx_word' id='word_1_123' title='bbox 1786 2061 1819 2118; x_wconf 87' lang='lat' dir='ltr'><strong><em>tc</em></strong></span> <span class='ocrx_word' id='word_1_124' title='bbox 1844 2055 1897 2119; x_wconf 83' lang='lat' dir='ltr'><strong><em>rol</em></strong></span> <span class='ocrx_word' id='word_1_125' title='bbox 1928 2075 1988 2140; x_wconf 90' lang='lat' dir='ltr'><strong><em>per</em></strong></span> 
     </span>
     <span class='ocr_line' id='line_1_15' title="bbox 325 2156 1987 2247; baseline 0 -26"><span class='ocrx_word' id='word_1_126' title='bbox 325 2156 423 2222; x_wconf 87' lang='lat' dir='ltr'><strong><em>alium</em></strong></span> <span class='ocrx_word' id='word_1_127' title='bbox 448 2163 504 2223; x_wconf 91' lang='lat' dir='ltr'><strong><em>tuo</em></strong></span> <span class='ocrx_word' id='word_1_128' title='bbox 528 2161 658 2224; x_wconf 91' lang='lat' dir='ltr'><strong><em>nomine</em></strong></span> <span class='ocrx_word' id='word_1_129' title='bbox 681 2161 819 2247; x_wconf 89' lang='lat' dir='ltr'><strong><em>principi</em></strong></span> <span class='ocrx_word' id='word_1_130' title='bbox 835 2159 888 2224; x_wconf 89' lang='lat' dir='ltr'><strong><em>vei</em></strong></span> <span class='ocrx_word' id='word_1_131' title='bbox 912 2159 966 2224; x_wconf 93' lang='lat' dir='ltr'><strong><em>alii</em></strong></span> <span class='ocrx_word' id='word_1_132' title='bbox 989 2180 1048 2246; x_wconf 90' lang='lat' dir='ltr'><strong><em>pro</em></strong></span> <span class='ocrx_word' id='word_1_133' title='bbox 1071 2181 1111 2223; x_wconf 92' lang='lat' dir='ltr'><strong><em>eo</em></strong></span> <span class='ocrx_word' id='word_1_134' title='bbox 1134 2158 1175 2223; x_wconf 93' lang='lat' dir='ltr'><strong><em>de</em></strong></span> <span class='ocrx_word' id='word_1_135' title='bbox 1199 2157 1355 2243; x_wconf 87' lang='lat' dir='ltr'><strong><em>predictis</em></strong></span> <span class='ocrx_word' id='word_1_136' title='bbox 1379 2158 1614 2239; x_wconf 78' lang='lat' dir='ltr'><strong><em>humefactus,</em></strong></span> <span class='ocrx_word' id='word_1_137' title='bbox 1639 2159 1820 2223; x_wconf 87' lang='lat' dir='ltr'><strong><em>sententias</em></strong></span> <span class='ocrx_word' id='word_1_138' title='bbox 1843 2179 1987 2244; x_wconf 90' lang='lat' dir='ltr'><strong><em>quoque.</em></strong></span> 
     </span>
     <span class='ocr_line' id='line_1_16' title="bbox 324 2261 1987 2349; baseline 0.002 -25"><span class='ocrx_word' id='word_1_139' title='bbox 324 2261 446 2340; x_wconf 90' lang='lat' dir='ltr'><strong><em>banna,</em></strong></span> <span class='ocrx_word' id='word_1_140' title='bbox 474 2263 740 2344; x_wconf 88' lang='lat' dir='ltr'><strong><em>confiscationes,</em></strong></span> <span class='ocrx_word' id='word_1_141' title='bbox 776 2270 912 2344; x_wconf 86' lang='lat' dir='ltr'><strong><em>statuta,</em></strong></span> <span class='ocrx_word' id='word_1_142' title='bbox 943 2283 1061 2349; x_wconf 86' lang='lat' dir='ltr'><strong><em>penas,</em></strong></span> <span class='ocrx_word' id='word_1_143' title='bbox 1092 2261 1281 2347; x_wconf 85' lang='lat' dir='ltr'><strong><em>privilegia,</em></strong></span> <span class='ocrx_word' id='word_1_144' title='bbox 1313 2262 1339 2325; x_wconf 94' lang='lat' dir='ltr'><strong><em>si</em></strong></span> <span class='ocrx_word' id='word_1_145' title='bbox 1364 2283 1428 2346; x_wconf 89' lang='lat' dir='ltr'><strong><em>qua</em></strong></span> <span class='ocrx_word' id='word_1_146' title='bbox 1451 2268 1564 2327; x_wconf 87' lang='lat' dir='ltr'><strong><em>contra</em></strong></span> <span class='ocrx_word' id='word_1_147' title='bbox 1586 2268 1620 2326; x_wconf 88' lang='lat' dir='ltr'><strong><em>te</em></strong></span> <span class='ocrx_word' id='word_1_148' title='bbox 1643 2262 1696 2325; x_wconf 85' lang='lat' dir='ltr'><strong><em>vel</em></strong></span> <span class='ocrx_word' id='word_1_149' title='bbox 1720 2261 1844 2325; x_wconf 88' lang='lat' dir='ltr'><strong><em>amicos</em></strong></span> <span class='ocrx_word' id='word_1_150' title='bbox 1868 2269 1987 2327; x_wconf 89' lang='lat' dir='ltr'><strong><em>tuosa</em></strong></span> 
     </span>
     <span class='ocr_line' id='line_1_17' title="bbox 323 2364 2075 2452; baseline 0.002 -24"><span class='ocrx_word' id='word_1_151' title='bbox 323 2365 471 2451; x_wconf 83' lang='lat' dir='ltr'><strong><em>principe</em></strong></span> <span class='ocrx_word' id='word_1_152' title='bbox 488 2365 540 2430; x_wconf 84' lang='lat' dir='ltr'><strong><em>vel</em></strong></span> <span class='ocrx_word' id='word_1_153' title='bbox 557 2365 674 2431; x_wconf 81' lang='lat' dir='ltr'><em>balivis</em></span> <span class='ocrx_word' id='word_1_154' title='bbox 692 2368 763 2432; x_wconf 89' lang='lat' dir='ltr'><strong><em>eius</em></strong></span> <span class='ocrx_word' id='word_1_155' title='bbox 780 2366 888 2431; x_wconf 92' lang='lat' dir='ltr'><strong><em>medio</em></strong></span> <span class='ocrx_word' id='word_1_156' title='bbox 904 2372 1053 2451; x_wconf 88' lang='lat' dir='ltr'><strong><em>tempore</em></strong></span> <span class='ocrx_word' id='word_1_157' title='bbox 1071 2370 1147 2429; x_wconf 85' lang='lat' dir='ltr'><strong><em>sunt</em></strong></span> <span class='ocrx_word' id='word_1_158' title='bbox 1164 2364 1253 2429; x_wconf 89' lang='lat' dir='ltr'><strong><em>adita</em></strong></span> <span class='ocrx_word' id='word_1_159' title='bbox 1270 2386 1329 2429; x_wconf 91' lang='lat' dir='ltr'><strong><em>seu</em></strong></span> <span class='ocrx_word' id='word_1_160' title='bbox 1345 2366 1484 2452; x_wconf 87' lang='lat' dir='ltr'><strong><em>prolata,</em></strong></span> <span class='ocrx_word' id='word_1_161' title='bbox 1509 2366 1601 2430; x_wconf 89' lang='lat' dir='ltr'><strong><em>irrita</em></strong></span> <span class='ocrx_word' id='word_1_162' title='bbox 1622 2366 1753 2451; x_wconf 89' lang='lat' dir='ltr'><strong><em>penitus</em></strong></span> <span class='ocrx_word' id='word_1_163' title='bbox 1776 2367 1986 2431; x_wconf 85' lang='lat' dir='ltr'><strong><em>nunciantes.</em></strong></span> <span class='ocrx_word' id='word_1_164' title='bbox 2060 2411 2075 2421; x_wconf 91' lang='lat'>-</span> 
     </span>
     <span class='ocr_line' id='line_1_18' title="bbox 323 2467 1707 2557; baseline 0 -25"><span class='ocrx_word' id='word_1_165' title='bbox 323 2467 414 2532; x_wconf 86' lang='lat' dir='ltr'>Nulli</span> <span class='ocrx_word' id='word_1_166' title='bbox 438 2490 516 2554; x_wconf 86' lang='lat' dir='ltr'><strong><em>ergo</em></strong></span> <span class='ocrx_word' id='word_1_167' title='bbox 539 2472 593 2535; x_wconf 90' lang='lat' dir='ltr'><strong><em>etc.</em></strong></span> <span class='ocrx_word' id='word_1_168' title='bbox 617 2477 730 2534; x_wconf 85' lang='lat' dir='ltr'><strong><em>nostre</em></strong></span> <span class='ocrx_word' id='word_1_169' title='bbox 753 2470 967 2557; x_wconf 88' lang='lat' dir='ltr'><strong><em>protectionis</em></strong></span> <span class='ocrx_word' id='word_1_170' title='bbox 992 2476 1026 2534; x_wconf 90' lang='lat' dir='ltr'><strong><em>et</em></strong></span> <span class='ocrx_word' id='word_1_171' title='bbox 1047 2469 1243 2532; x_wconf 89' lang='lat' dir='ltr'><strong><em>irritacionis</em></strong></span> <span class='ocrx_word' id='word_1_172' title='bbox 1266 2471 1320 2534; x_wconf 91' lang='lat' dir='ltr'><strong><em>ete.</em></strong></span> <span class='ocrx_word' id='word_1_173' title='bbox 1366 2469 1402 2534; x_wconf 82' lang='lat' dir='ltr'><strong><em>Si</em></strong></span> <span class='ocrx_word' id='word_1_174' title='bbox 1425 2469 1498 2553; x_wconf 91' lang='lat' dir='ltr'><strong><em>quis</em></strong></span> <span class='ocrx_word' id='word_1_175' title='bbox 1521 2475 1632 2534; x_wconf 86' lang='lat' dir='ltr'><strong><em>eutem</em></strong></span> <span class='ocrx_word' id='word_1_176' title='bbox 1655 2472 1707 2532; x_wconf 91' lang='lat' dir='ltr'><strong><em>ete.</em></strong></span> 
     </span>
    </p>
   </div>
   <div class='ocr_carea' id='block_1_7' title="bbox 427 2588 1613 2676">
    <p class='ocr_par' dir='ltr' id='par_1_7' title="bbox 427 2588 1613 2676">
     <span class='ocr_line' id='line_1_19' title="bbox 427 2588 1613 2676; baseline 0.003 -24"><span class='ocrx_word' id='word_1_177' title='bbox 427 2588 517 2654; x_wconf 88' lang='lat' dir='ltr'><strong><em>Data</em></strong></span> <span class='ocrx_word' id='word_1_178' title='bbox 538 2588 674 2671; x_wconf 90' lang='lat' dir='ltr'><strong><em>Iannue,</em></strong></span> <span class='ocrx_word' id='word_1_179' title='bbox 697 2590 731 2655; x_wconf 86' lang='lat' dir='ltr'>X</span> <span class='ocrx_word' id='word_1_180' title='bbox 753 2590 826 2654; x_wconf 86' lang='lat' dir='ltr'><strong><em>Kal.</em></strong></span> <span class='ocrx_word' id='word_1_181' title='bbox 850 2588 949 2675; x_wconf 66' lang='lat' dir='ltr'><strong><em>Aug,</em></strong></span> <span class='ocrx_word' id='word_1_182' title='bbox 972 2590 1181 2676; x_wconf 87' lang='lat' dir='ltr'><strong><em>pontificatus</em></strong></span> <span class='ocrx_word' id='word_1_183' title='bbox 1205 2589 1305 2653; x_wconf 86' lang='lat' dir='ltr'><strong><em>nostri</em></strong></span> <span class='ocrx_word' id='word_1_184' title='bbox 1328 2610 1414 2654; x_wconf 91' lang='lat' dir='ltr'><strong><em>anno</em></strong></span> <span class='ocrx_word' id='word_1_185' title='bbox 1438 2588 1613 2655; x_wconf 65' lang='lat' dir='ltr'><strong><em>secundob.</em></strong></span> 
     </span>
    </p>
   </div>
   <div class='ocr_carea' id='block_1_8' title="bbox 966 2796 1361 2805">
    <p class='ocr_par' dir='ltr' id='par_1_8' title="bbox 966 2796 1361 2805">
     <span class='ocr_line' id='line_1_20' title="bbox 966 2796 1361 2805; baseline 0.008 -3"><span class='ocrx_word' id='word_1_186' title='bbox 966 2796 1311 2805; x_wconf 41' lang='grc' dir='ltr'><strong><em>ἐξα...</em></strong></span> <span class='ocrx_word' id='word_1_187' title='bbox 1321 2800 1361 2805; x_wconf 83' lang='grc'><strong><em>--</em></strong></span> 
     </span>
    </p>
   </div>
   <div class='ocr_carea' id='block_1_9' title="bbox 1109 3004 1196 3077">
    <p class='ocr_par' dir='ltr' id='par_1_9' title="bbox 1109 3004 1196 3077">
     <span class='ocr_line' id='line_1_21' title="bbox 1109 3004 1196 3077; baseline 0 0"><span class='ocrx_word' id='word_1_188' title='bbox 1109 3004 1196 3077; x_wconf 87' lang='grc'><strong>760.</strong></span> 
     </span>
    </p>
   </div>
   <div class='ocr_carea' id='block_1_10' title="bbox 317 3118 2076 3533">
    <p class='ocr_par' dir='ltr' id='par_1_10' title="bbox 317 3118 2076 3533">
     <span class='ocr_line' id='line_1_22' title="bbox 429 3118 1986 3227; baseline -0.003 -14"><span class='ocrx_word' id='word_1_189' title='bbox 429 3118 647 3213; x_wconf 79' lang='lat' dir='ltr'><strong><em>Innocentius</em></strong></span> <span class='ocrx_word' id='word_1_190' title='bbox 667 3144 723 3210; x_wconf 85' lang='lat' dir='ltr'><strong><em>IV</em></strong></span> <span class='ocrx_word' id='word_1_191' title='bbox 733 3167 824 3227; x_wconf 84' lang='lat' dir='ltr'><em>popo</em></span> <span class='ocrx_word' id='word_1_192' title='bbox 845 3144 1028 3210; x_wconf 85' lang='lat' dir='ltr'><strong><em>Alberieum</em></strong></span> <span class='ocrx_word' id='word_1_193' title='bbox 1049 3145 1087 3209; x_wconf 91' lang='lat' dir='ltr'><strong><em>de</em></strong></span> <span class='ocrx_word' id='word_1_194' title='bbox 1110 3144 1254 3209; x_wconf 90' lang='lat' dir='ltr'><strong><em>Romano</em></strong></span> <span class='ocrx_word' id='word_1_195' title='bbox 1274 3160 1345 3206; x_wconf 64' lang='lat' dir='ltr'><strong><em>‘mur</em></strong></span> <span class='ocrx_word' id='word_1_196' title='bbox 1368 3142 1511 3208; x_wconf 86' lang='lat' dir='ltr'><strong><em>erunibus</em></strong></span> <span class='ocrx_word' id='word_1_197' title='bbox 1533 3143 1630 3222; x_wconf 83' lang='lat' dir='ltr'><strong><em>bouis,</em></strong></span> <span class='ocrx_word' id='word_1_198' title='bbox 1657 3166 1737 3225; x_wconf 81' lang='lat' dir='ltr'><strong><em>quae</em></strong></span> <span class='ocrx_word' id='word_1_199' title='bbox 1759 3148 1903 3224; x_wconf 84' lang='lat' dir='ltr'><strong><em>ternpore,</em></strong></span> <span class='ocrx_word' id='word_1_200' title='bbox 1926 3165 1986 3225; x_wconf 78' lang='lat' dir='ltr'><strong><em>quo</em></strong></span> 
     </span>
     <span class='ocr_line' id='line_1_23' title="bbox 317 3246 1987 3334; baseline -0.001 -20"><span class='ocrx_word' id='word_1_201' title='bbox 317 3252 468 3334; x_wconf 87' lang='lat' dir='ltr'><strong><em>princeps</em></strong></span> <span class='ocrx_word' id='word_1_202' title='bbox 495 3250 778 3315; x_wconf 77' lang='lat' dir='ltr'><strong><em>excommunicatus</em></strong></span> <span class='ocrx_word' id='word_1_203' title='bbox 801 3249 917 3333; x_wconf 76' lang='lat' dir='ltr'><strong><em>fuerit,</em></strong></span> <span class='ocrx_word' id='word_1_204' title='bbox 942 3248 1131 3328; x_wconf 80' lang='lat' dir='ltr'><em>possederit,</em></span> <span class='ocrx_word' id='word_1_205' title='bbox 1162 3247 1219 3312; x_wconf 85' lang='lat' dir='ltr'><strong><em>snb</em></strong></span> <span class='ocrx_word' id='word_1_206' title='bbox 1243 3246 1436 3327; x_wconf 76' lang='lat' dir='ltr'><strong><em>protcdmne</em></strong></span> <span class='ocrx_word' id='word_1_207' title='bbox 1457 3266 1518 3311; x_wconf 87' lang='lat' dir='ltr'><strong><em>sna</em></strong></span> <span class='ocrx_word' id='word_1_208' title='bbox 1545 3248 1676 3328; x_wconf 83' lang='lat' dir='ltr'><em>suscipit</em></span> <span class='ocrx_word' id='word_1_209' title='bbox 1704 3252 1733 3311; x_wconf 92' lang='lat' dir='ltr'><strong><em>ct</em></strong></span> <span class='ocrx_word' id='word_1_210' title='bbox 1760 3248 1987 3328; x_wconf 85' lang='lat' dir='ltr'><strong><em>pronrissiones</em></strong></span> 
     </span>
     <span class='ocr_line' id='line_1_24' title="bbox 318 3349 2076 3436; baseline -0.002 -18"><span class='ocrx_word' id='word_1_211' title='bbox 318 3354 464 3436; x_wconf 84' lang='lat' dir='ltr'><em>principi</em></span> <span class='ocrx_word' id='word_1_212' title='bbox 484 3357 559 3418; x_wconf 88' lang='lat' dir='ltr'><strong><em>ante</em></strong></span> <span class='ocrx_word' id='word_1_213' title='bbox 581 3356 699 3435; x_wconf 86' lang='lat' dir='ltr'><strong><em>etpost</em></strong></span> <span class='ocrx_word' id='word_1_214' title='bbox 720 3351 1069 3419; x_wconf 75' lang='lat' dir='ltr'><strong><em>excommunicationem</em></strong></span> <span class='ocrx_word' id='word_1_215' title='bbox 1091 3353 1159 3417; x_wconf 89' lang='lat' dir='ltr'><strong><em>eius</em></strong></span> <span class='ocrx_word' id='word_1_216' title='bbox 1180 3351 1238 3416; x_wconf 84' lang='lat' dir='ltr'><strong><em>snb</em></strong></span> <span class='ocrx_word' id='word_1_217' title='bbox 1261 3371 1301 3414; x_wconf 88' lang='lat' dir='ltr'><strong><em>eo</em></strong></span> <span class='ocrx_word' id='word_1_218' title='bbox 1322 3349 1498 3415; x_wconf 79' lang='lat' dir='ltr'><strong><em>cortditioue</em></strong></span> <span class='ocrx_word' id='word_1_219' title='bbox 1515 3350 1633 3436; x_wconf 81' lang='lat' dir='ltr'><strong><em>factos,</em></strong></span> <span class='ocrx_word' id='word_1_220' title='bbox 1656 3352 1686 3415; x_wconf 86' lang='lat' dir='ltr'><strong><em>si</em></strong></span> <span class='ocrx_word' id='word_1_221' title='bbox 1706 3351 1747 3416; x_wconf 86' lang='lat' dir='ltr'><strong><em>ab</em></strong></span> <span class='ocrx_word' id='word_1_222' title='bbox 1769 3372 1803 3416; x_wconf 91' lang='lat' dir='ltr'><strong><em>eo</em></strong></span> <span class='ocrx_word' id='word_1_223' title='bbox 1824 3352 1985 3432; x_wconf 86' lang='lat' dir='ltr'><strong><em>recederet,</em></strong></span> <span class='ocrx_word' id='word_1_224' title='bbox 2053 3398 2076 3415; x_wconf 74' lang='grc'><strong><em>.</em></strong></span> 
     </span>
     <span class='ocr_line' id='line_1_25' title="bbox 323 3455 1899 3533; baseline -0.001 -11"><span class='ocrx_word' id='word_1_225' title='bbox 323 3457 443 3522; x_wconf 87' lang='lat' dir='ltr'><strong><em>irritat.</em></strong></span> <span class='ocrx_word' id='word_1_226' title='bbox 1644 3457 1738 3533; x_wconf 79' lang='lat'><em>1244,</em></span> <span class='ocrx_word' id='word_1_227' title='bbox 1762 3455 1827 3520; x_wconf 90' lang='lat' dir='ltr'><strong><em>Int.</em></strong></span> <span class='ocrx_word' id='word_1_228' title='bbox 1842 3458 1899 3523; x_wconf 81' lang='lat'><strong><em>23.</em></strong></span> 
     </span>
    </p>
   </div>
   <div class='ocr_carea' id='block_1_11' title="bbox 429 3545 1875 3648">
    <p class='ocr_par' dir='ltr' id='par_1_11' title="bbox 429 3545 1875 3648">
     <span class='ocr_line' id='line_1_26' title="bbox 429 3545 1875 3648; baseline -0.003 -14"><span class='ocrx_word' id='word_1_229' title='bbox 429 3579 580 3648; x_wconf 69' lang='lat' dir='ltr'><strong><em>menam</em></strong></span> <span class='ocrx_word' id='word_1_230' title='bbox 596 3594 630 3634; x_wconf 72' lang='lat' dir='ltr'><strong><em>a</em></strong></span> <span class='ocrx_word' id='word_1_231' title='bbox 649 3577 710 3634; x_wconf 80' lang='lat' dir='ltr'><strong><em>aa.</em></strong></span> <span class='ocrx_word' id='word_1_232' title='bbox 726 3577 869 3634; x_wconf 72' lang='lat' dir='ltr'><strong><em>noenu</em></strong></span> <span class='ocrx_word' id='word_1_233' title='bbox 884 3545 910 3645; x_wconf 60' lang='grc' dir='ltr'><strong><em>κζ</em></strong></span> <span class='ocrx_word' id='word_1_234' title='bbox 920 3587 945 3647; x_wconf 74' lang='lat' dir='ltr'><strong><em>r,</em></strong></span> <span class='ocrx_word' id='word_1_235' title='bbox 963 3594 991 3632; x_wconf 73' lang='lat' dir='ltr'><strong><em>u.</em></strong></span> <span class='ocrx_word' id='word_1_236' title='bbox 1005 3585 1043 3647; x_wconf 85' lang='lat'><strong><em>12,</em></strong></span> <span class='ocrx_word' id='word_1_237' title='bbox 1061 3577 1107 3632; x_wconf 73' lang='lat' dir='ltr'><strong><em>ua</em></strong></span> <span class='ocrx_word' id='word_1_238' title='bbox 1123 3595 1149 3631; x_wconf 76' lang='lat' dir='ltr'><strong><em>a.</em></strong></span> <span class='ocrx_word' id='word_1_239' title='bbox 1162 3582 1233 3645; x_wconf 81' lang='lat' dir='ltr'><strong><em>an,</em></strong></span> <span class='ocrx_word' id='word_1_240' title='bbox 1252 3577 1350 3645; x_wconf 60' lang='lat' dir='ltr'><strong><em>epse</em></strong></span> <span class='ocrx_word' id='word_1_241' title='bbox 1366 3577 1508 3647; x_wconf 57' lang='lat' dir='ltr'><strong><em>inmun</em></strong></span> <span class='ocrx_word' id='word_1_242' title='bbox 1525 3580 1571 3642; x_wconf 72' lang='lat' dir='ltr'><strong><em>ur,</em></strong></span> <span class='ocrx_word' id='word_1_243' title='bbox 1590 3575 1712 3630; x_wconf 67' lang='lat' dir='ltr'><strong><em>resen</em></strong></span> <span class='ocrx_word' id='word_1_244' title='bbox 1729 3574 1875 3644; x_wconf 61' lang='lat' dir='ltr'><strong><em>oeceses</em></strong></span> 
     </span>
    </p>
   </div>
   <div class='ocr_carea' id='block_1_12' title="bbox 377 3755 1944 4074">
    <p class='ocr_par' dir='ltr' id='par_1_12' title="bbox 377 3755 1944 4074">
     <span class='ocr_line' id='line_1_27' title="bbox 484 3755 1823 3850; baseline -0.001 -19"><span class='ocrx_word' id='word_1_245' title='bbox 484 3758 788 3833; x_wconf 89' lang='lat' dir='ltr'><strong><em>Innocencius</em></strong></span> <span class='ocrx_word' id='word_1_246' title='bbox 815 3757 1063 3850; x_wconf 88' lang='lat' dir='ltr'><strong><em>episcopus</em></strong></span> <span class='ocrx_word' id='word_1_247' title='bbox 1090 3777 1258 3831; x_wconf 87' lang='lat' dir='ltr'><strong><em>servus</em></strong></span> <span class='ocrx_word' id='word_1_248' title='bbox 1285 3777 1521 3830; x_wconf 87' lang='lat' dir='ltr'><strong><em>servorum</em></strong></span> <span class='ocrx_word' id='word_1_249' title='bbox 1547 3755 1626 3829; x_wconf 91' lang='lat' dir='ltr'><strong><em>Dei</em></strong></span> <span class='ocrx_word' id='word_1_250' title='bbox 1653 3755 1823 3830; x_wconf 87' lang='lat' dir='ltr'><strong><em>dilecto</em></strong></span> 
     </span>
     <span class='ocr_line' id='line_1_28' title="bbox 377 3877 1944 3968; baseline -0.003 -14"><span class='ocrx_word' id='word_1_251' title='bbox 377 3880 476 3954; x_wconf 83' lang='lat' dir='ltr'><strong><em>tilio</em></strong></span> <span class='ocrx_word' id='word_1_252' title='bbox 504 3881 646 3955; x_wconf 89' lang='lat' dir='ltr'><strong><em>nobili</em></strong></span> <span class='ocrx_word' id='word_1_253' title='bbox 674 3880 771 3953; x_wconf 92' lang='lat' dir='ltr'><strong><em>viro</em></strong></span> <span class='ocrx_word' id='word_1_254' title='bbox 798 3879 1009 3954; x_wconf 87' lang='lat' dir='ltr'><strong><em>Aiberico</em></strong></span> <span class='ocrx_word' id='word_1_255' title='bbox 1037 3880 1090 3952; x_wconf 93' lang='lat' dir='ltr'><strong><em>de</em></strong></span> <span class='ocrx_word' id='word_1_256' title='bbox 1117 3877 1318 3952; x_wconf 87' lang='lat' dir='ltr'><strong><em>Romano</em></strong></span> <span class='ocrx_word' id='word_1_257' title='bbox 1345 3878 1543 3952; x_wconf 86' lang='lat' dir='ltr'><strong><em>salutem</em></strong></span> <span class='ocrx_word' id='word_1_258' title='bbox 1570 3881 1614 3952; x_wconf 91' lang='lat' dir='ltr'><strong><em>et</em></strong></span> <span class='ocrx_word' id='word_1_259' title='bbox 1640 3877 1944 3968; x_wconf 85' lang='lat' dir='ltr'><strong><em>apostolicam</em></strong></span> 
     </span>
     <span class='ocr_line' id='line_1_29' title="bbox 957 3999 1360 4074; baseline 0 -2"><span class='ocrx_word' id='word_1_260' title='bbox 957 3999 1360 4074; x_wconf 88' lang='lat' dir='ltr'><strong><em>benedictionem.</em></strong></span> 
     </span>
    </p>
   </div>
   <div class='ocr_carea' id='block_1_13' title="bbox 326 4130 2161 5360">
    <p class='ocr_par' dir='ltr' id='par_1_13' title="bbox 326 4130 2161 5360">
     <span class='ocr_line' id='line_1_30' title="bbox 433 4130 1988 4219; baseline -0.001 -22"><span class='ocrx_word' id='word_1_261' title='bbox 433 4131 655 4198; x_wconf 86' lang='lat' dir='ltr'><strong><em>Attendentes</em></strong></span> <span class='ocrx_word' id='word_1_262' title='bbox 680 4133 756 4198; x_wconf 86' lang='lat' dir='ltr'><strong><em>fidei</em></strong></span> <span class='ocrx_word' id='word_1_263' title='bbox 779 4139 836 4197; x_wconf 90' lang='lat' dir='ltr'><strong><em>tue</em></strong></span> <span class='ocrx_word' id='word_1_264' title='bbox 861 4134 1091 4214; x_wconf 85' lang='lat' dir='ltr'><strong><em>constantiam,</em></strong></span> <span class='ocrx_word' id='word_1_265' title='bbox 1116 4155 1213 4219; x_wconf 90' lang='lat' dir='ltr'><strong><em>quam</em></strong></span> <span class='ocrx_word' id='word_1_266' title='bbox 1237 4132 1510 4218; x_wconf 86' lang='lat' dir='ltr'><strong><em>adapostolicam</em></strong></span> <span class='ocrx_word' id='word_1_267' title='bbox 1528 4130 1988 4207; x_wconf 83' lang='lat' dir='ltr'><strong><em>sedemhaberedinoseeris,</em></strong></span> 
     </span>
     <span class='ocr_line' id='line_1_31' title="bbox 327 4236 1989 4323; baseline -0.003 -21"><span class='ocrx_word' id='word_1_268' title='bbox 327 4243 361 4302; x_wconf 90' lang='lat' dir='ltr'><strong><em>et</em></strong></span> <span class='ocrx_word' id='word_1_269' title='bbox 384 4237 630 4302; x_wconf 84' lang='lat' dir='ltr'><strong><em>considerantes</em></strong></span> <span class='ocrx_word' id='word_1_270' title='bbox 654 4237 758 4302; x_wconf 90' lang='lat' dir='ltr'><strong><em>eciam</em></strong></span> <span class='ocrx_word' id='word_1_271' title='bbox 780 4237 935 4323; x_wconf 85' lang='lat' dir='ltr'><strong><em>dampna,</em></strong></span> <span class='ocrx_word' id='word_1_272' title='bbox 960 4258 1023 4322; x_wconf 91' lang='lat' dir='ltr'><strong><em>que</em></strong></span> <span class='ocrx_word' id='word_1_273' title='bbox 1047 4237 1222 4303; x_wconf 87' lang='lat' dir='ltr'><strong><em>occasione</em></strong></span> <span class='ocrx_word' id='word_1_274' title='bbox 1247 4236 1432 4302; x_wconf 91' lang='lat' dir='ltr'><strong><em>huiusmodi</em></strong></span> <span class='ocrx_word' id='word_1_275' title='bbox 1448 4259 1484 4302; x_wconf 90' lang='lat' dir='ltr'><strong><em>es</em></strong></span> <span class='ocrx_word' id='word_1_276' title='bbox 1501 4257 1688 4323; x_wconf 87' lang='lat' dir='ltr'><strong><em>perpessus,</em></strong></span> <span class='ocrx_word' id='word_1_277' title='bbox 1712 4256 1886 4322; x_wconf 87' lang='lat' dir='ltr'><strong><em>personam</em></strong></span> <span class='ocrx_word' id='word_1_278' title='bbox 1902 4243 1989 4299; x_wconf 90' lang='lat' dir='ltr'><strong><em>tuam</em></strong></span> 
     </span>
     <span class='ocr_line' id='line_1_32' title="bbox 327 4340 1989 4426; baseline -0.002 -21"><span class='ocrx_word' id='word_1_279' title='bbox 327 4362 400 4405; x_wconf 91' lang='lat' dir='ltr'><strong><em>cum</em></strong></span> <span class='ocrx_word' id='word_1_280' title='bbox 431 4340 581 4405; x_wconf 90' lang='lat' dir='ltr'><strong><em>omnibus</em></strong></span> <span class='ocrx_word' id='word_1_281' title='bbox 613 4341 724 4420; x_wconf 86' lang='lat' dir='ltr'><strong><em>terris,</em></strong></span> <span class='ocrx_word' id='word_1_282' title='bbox 756 4342 888 4420; x_wconf 88' lang='lat' dir='ltr'><strong><em>eastris,</em></strong></span> <span class='ocrx_word' id='word_1_283' title='bbox 921 4341 1196 4406; x_wconf 88' lang='lat' dir='ltr'><strong><em>iurisdictionibus</em></strong></span> <span class='ocrx_word' id='word_1_284' title='bbox 1228 4348 1261 4406; x_wconf 86' lang='lat' dir='ltr'><strong><em>et</em></strong></span> <span class='ocrx_word' id='word_1_285' title='bbox 1289 4342 1364 4405; x_wconf 92' lang='lat' dir='ltr'><strong><em>aliis</em></strong></span> <span class='ocrx_word' id='word_1_286' title='bbox 1395 4341 1489 4406; x_wconf 90' lang='lat' dir='ltr'><strong><em>bonis</em></strong></span> <span class='ocrx_word' id='word_1_287' title='bbox 1519 4341 1599 4422; x_wconf 87' lang='lat' dir='ltr'><strong><em>tuis,</em></strong></span> <span class='ocrx_word' id='word_1_288' title='bbox 1633 4361 1696 4425; x_wconf 93' lang='lat' dir='ltr'><strong><em>que</em></strong></span> <span class='ocrx_word' id='word_1_289' title='bbox 1727 4346 1895 4426; x_wconf 89' lang='lat' dir='ltr'><strong><em>tempore,</em></strong></span> <span class='ocrx_word' id='word_1_290' title='bbox 1928 4359 1989 4423; x_wconf 92' lang='lat' dir='ltr'><strong><em>quo</em></strong></span> 
     </span>
     <span class='ocr_line' id='line_1_33' title="bbox 327 4442 1989 4531; baseline -0.002 -23"><span class='ocrx_word' id='word_1_291' title='bbox 327 4443 677 4509; x_wconf 86' lang='lat' dir='ltr'><strong><em>excommunicationis</em></strong></span> <span class='ocrx_word' id='word_1_292' title='bbox 701 4445 872 4509; x_wconf 89' lang='lat' dir='ltr'><strong><em>sentencia</em></strong></span> <span class='ocrx_word' id='word_1_293' title='bbox 899 4445 932 4509; x_wconf 92' lang='lat' dir='ltr'><strong><em>in</em></strong></span> <span class='ocrx_word' id='word_1_294' title='bbox 956 4445 1137 4530; x_wconf 90' lang='lat' dir='ltr'><strong><em>principem</em></strong></span> <span class='ocrx_word' id='word_1_295' title='bbox 1160 4445 1228 4509; x_wconf 88' lang='lat' dir='ltr'><strong><em>lata</em></strong></span> <span class='ocrx_word' id='word_1_296' title='bbox 1250 4445 1326 4525; x_wconf 85' lang='lat' dir='ltr'><strong><em>fuit,</em></strong></span> <span class='ocrx_word' id='word_1_297' title='bbox 1358 4442 1553 4531; x_wconf 89' lang='lat' dir='ltr'><em>possidebas</em></span> <span class='ocrx_word' id='word_1_298' title='bbox 1576 4444 1713 4530; x_wconf 86' lang='lat' dir='ltr'><strong><em>pacifice</em></strong></span> <span class='ocrx_word' id='word_1_299' title='bbox 1736 4464 1775 4508; x_wconf 85' lang='lat' dir='ltr'><strong><em>ec</em></strong></span> <span class='ocrx_word' id='word_1_300' title='bbox 1799 4445 1911 4529; x_wconf 88' lang='lat' dir='ltr'><strong><em>quiete</em></strong></span> <span class='ocrx_word' id='word_1_301' title='bbox 1934 4447 1989 4507; x_wconf 87' lang='lat' dir='ltr'><strong><em>aut</em></strong></span> 
     </span>
     <span class='ocr_line' id='line_1_34' title="bbox 330 4546 1988 4634; baseline -0.002 -23"><span class='ocrx_word' id='word_1_302' title='bbox 330 4548 363 4611; x_wconf 94' lang='lat' dir='ltr'><strong><em>in</em></strong></span> <span class='ocrx_word' id='word_1_303' title='bbox 387 4547 533 4612; x_wconf 81' lang='lat' dir='ltr'><strong><em>futurum</em></strong></span> <span class='ocrx_word' id='word_1_304' title='bbox 556 4547 651 4611; x_wconf 88' lang='lat' dir='ltr'><strong><em>iustis</em></strong></span> <span class='ocrx_word' id='word_1_305' title='bbox 674 4546 777 4612; x_wconf 89' lang='lat' dir='ltr'><strong><em>modis</em></strong></span> <span class='ocrx_word' id='word_1_306' title='bbox 792 4549 917 4634; x_wconf 88' lang='lat' dir='ltr'><strong><em>poteris</em></strong></span> <span class='ocrx_word' id='word_1_307' title='bbox 934 4547 1084 4634; x_wconf 87' lang='lat' dir='ltr'><strong><em>adipisci,</em></strong></span> <span class='ocrx_word' id='word_1_308' title='bbox 1108 4548 1168 4613; x_wconf 89' lang='lat' dir='ltr'><em>sub</em></span> <span class='ocrx_word' id='word_1_309' title='bbox 1185 4548 1274 4614; x_wconf 87' lang='lat' dir='ltr'><strong><em>beati</em></strong></span> <span class='ocrx_word' id='word_1_310' title='bbox 1290 4548 1381 4613; x_wconf 88' lang='lat' dir='ltr'><strong><em>Petri</em></strong></span> <span class='ocrx_word' id='word_1_311' title='bbox 1397 4554 1431 4613; x_wconf 88' lang='lat' dir='ltr'><strong><em>et</em></strong></span> <span class='ocrx_word' id='word_1_312' title='bbox 1446 4553 1560 4612; x_wconf 90' lang='lat' dir='ltr'><strong><em>nostra</em></strong></span> <span class='ocrx_word' id='word_1_313' title='bbox 1574 4547 1777 4633; x_wconf 87' lang='lat' dir='ltr'><strong><em>protectione</em></strong></span> <span class='ocrx_word' id='word_1_314' title='bbox 1794 4546 1988 4633; x_wconf 88' lang='lat' dir='ltr'><strong><em>suscipimus</em></strong></span> 
     </span>
     <span class='ocr_line' id='line_1_35' title="bbox 329 4642 1989 4740; baseline -0.001 -23"><span class='ocrx_word' id='word_1_315' title='bbox 329 4659 363 4717; x_wconf 90' lang='lat' dir='ltr'><strong><em>et</em></strong></span> <span class='ocrx_word' id='word_1_316' title='bbox 383 4651 547 4739; x_wconf 86' lang='lat' dir='ltr'><strong><em>presentis</em></strong></span> <span class='ocrx_word' id='word_1_317' title='bbox 571 4651 684 4736; x_wconf 90' lang='lat' dir='ltr'><strong><em>scripti</em></strong></span> <span class='ocrx_word' id='word_1_318' title='bbox 707 4653 890 4737; x_wconf 87' lang='lat' dir='ltr'><strong><em>patrocinio</em></strong></span> <span class='ocrx_word' id='word_1_319' title='bbox 914 4654 1169 4729; x_wconf 91' lang='lat' dir='ltr'><strong><em>communimus;</em></strong></span> <span class='ocrx_word' id='word_1_320' title='bbox 1197 4642 1318 4740; x_wconf 60' lang='lat' dir='ltr'><strong><em>pacta,</em></strong></span> <span class='ocrx_word' id='word_1_321' title='bbox 1338 4652 1589 4740; x_wconf 87' lang='lat' dir='ltr'><strong><em>promissiones,</em></strong></span> <span class='ocrx_word' id='word_1_322' title='bbox 1617 4651 1885 4738; x_wconf 81' lang='lat' dir='ltr'><strong><em>pignoraaiones,</em></strong></span> <span class='ocrx_word' id='word_1_323' title='bbox 1909 4650 1989 4716; x_wconf 90' lang='lat' dir='ltr'><strong><em>obli·</em></strong></span> 
     </span>
     <span class='ocr_line' id='line_1_36' title="bbox 327 4754 1989 4842; baseline -0.002 -22"><span class='ocrx_word' id='word_1_324' title='bbox 327 4755 489 4841; x_wconf 85' lang='lat' dir='ltr'><strong><em>gationes,</em></strong></span> <span class='ocrx_word' id='word_1_325' title='bbox 513 4754 720 4834; x_wconf 89' lang='lat' dir='ltr'><strong><em>donationes,</em></strong></span> <span class='ocrx_word' id='word_1_326' title='bbox 742 4756 960 4820; x_wconf 81' lang='lat' dir='ltr'><strong><em>refutationes</em></strong></span> <span class='ocrx_word' id='word_1_327' title='bbox 983 4756 1033 4820; x_wconf 85' lang='lat' dir='ltr'><strong><em>vel</em></strong></span> <span class='ocrx_word' id='word_1_328' title='bbox 1056 4777 1279 4842; x_wconf 84' lang='lat' dir='ltr'><strong><em>quascumque</em></strong></span> <span class='ocrx_word' id='word_1_329' title='bbox 1303 4754 1417 4821; x_wconf 85' lang='lat' dir='ltr'><strong><em>datas·</em></strong></span> <span class='ocrx_word' id='word_1_330' title='bbox 1439 4776 1499 4841; x_wconf 89' lang='lat' dir='ltr'><strong><em>per</em></strong></span> <span class='ocrx_word' id='word_1_331' title='bbox 1522 4761 1555 4820; x_wconf 89' lang='lat' dir='ltr'><strong><em>te</em></strong></span> <span class='ocrx_word' id='word_1_332' title='bbox 1579 4755 1632 4819; x_wconf 80' lang='lat' dir='ltr'><strong><em>vel</em></strong></span> <span class='ocrx_word' id='word_1_333' title='bbox 1654 4754 1757 4818; x_wconf 87' lang='lat' dir='ltr'><strong><em>alium</em></strong></span> <span class='ocrx_word' id='word_1_334' title='bbox 1781 4759 1838 4818; x_wconf 89' lang='lat' dir='ltr'><strong><em>tuo</em></strong></span> <span class='ocrx_word' id='word_1_335' title='bbox 1863 4754 1989 4818; x_wconf 90' lang='lat' dir='ltr'><strong><em>nomine</em></strong></span> 
     </span>
     <span class='ocr_line' id='line_1_37' title="bbox 326 4857 1989 4945; baseline -0.002 -22"><span class='ocrx_word' id='word_1_336' title='bbox 326 4859 390 4945; x_wconf 93' lang='lat' dir='ltr'><strong><em>ipsi</em></strong></span> <span class='ocrx_word' id='word_1_337' title='bbox 419 4858 556 4945; x_wconf 89' lang='lat' dir='ltr'><strong><em>principi</em></strong></span> <span class='ocrx_word' id='word_1_338' title='bbox 580 4858 633 4922; x_wconf 90' lang='lat' dir='ltr'><strong><em>vel</em></strong></span> <span class='ocrx_word' id='word_1_339' title='bbox 664 4858 720 4922; x_wconf 91' lang='lat' dir='ltr'><strong><em>alii</em></strong></span> <span class='ocrx_word' id='word_1_340' title='bbox 749 4879 809 4943; x_wconf 89' lang='lat' dir='ltr'><strong><em>pro</em></strong></span> <span class='ocrx_word' id='word_1_341' title='bbox 839 4879 878 4924; x_wconf 92' lang='lat' dir='ltr'><strong><em>eo</em></strong></span> <span class='ocrx_word' id='word_1_342' title='bbox 909 4859 950 4924; x_wconf 92' lang='lat' dir='ltr'><strong><em>de</em></strong></span> <span class='ocrx_word' id='word_1_343' title='bbox 979 4859 1136 4945; x_wconf 85' lang='lat' dir='ltr'><strong><em>predictis</em></strong></span> <span class='ocrx_word' id='word_1_344' title='bbox 1167 4860 1264 4924; x_wconf 91' lang='lat' dir='ltr'><strong><em>bonis</em></strong></span> <span class='ocrx_word' id='word_1_345' title='bbox 1294 4864 1371 4925; x_wconf 86' lang='lat' dir='ltr'><strong><em>ante</em></strong></span> <span class='ocrx_word' id='word_1_346' title='bbox 1404 4858 1588 4944; x_wconf 88' lang='lat' dir='ltr'><strong><em>predictam</em></strong></span> <span class='ocrx_word' id='word_1_347' title='bbox 1612 4857 1989 4923; x_wconf 77' lang='lat' dir='ltr'><strong><em>excommunicacionem</em></strong></span> 
     </span>
     <span class='ocr_line' id='line_1_38' title="bbox 327 4960 1989 5049; baseline -0.002 -23"><span class='ocrx_word' id='word_1_348' title='bbox 327 4963 387 5027; x_wconf 93' lang='lat' dir='ltr'><em>sub</em></span> <span class='ocrx_word' id='word_1_349' title='bbox 411 4981 452 5026; x_wconf 86' lang='lat' dir='ltr'><strong><em>ee</em></strong></span> <span class='ocrx_word' id='word_1_350' title='bbox 474 4960 690 5041; x_wconf 88' lang='lat' dir='ltr'><strong><em>condictione,</em></strong></span> <span class='ocrx_word' id='word_1_351' title='bbox 715 4961 743 5025; x_wconf 91' lang='lat' dir='ltr'><strong><em>si</em></strong></span> <span class='ocrx_word' id='word_1_352' title='bbox 765 4961 807 5025; x_wconf 89' lang='lat' dir='ltr'><strong><em>ab</em></strong></span> <span class='ocrx_word' id='word_1_353' title='bbox 830 4962 933 5048; x_wconf 91' lang='lat' dir='ltr'><strong><em>ipsius</em></strong></span> <span class='ocrx_word' id='word_1_354' title='bbox 957 4962 1113 5049; x_wconf 90' lang='lat' dir='ltr'><strong><em>principis</em></strong></span> <span class='ocrx_word' id='word_1_355' title='bbox 1130 4963 1299 5028; x_wconf 88' lang='lat' dir='ltr'><strong><em>voluntate</em></strong></span> <span class='ocrx_word' id='word_1_356' title='bbox 1323 4984 1383 5028; x_wconf 89' lang='lat' dir='ltr'><strong><em>seu</em></strong></span> <span class='ocrx_word' id='word_1_357' title='bbox 1400 4962 1555 5028; x_wconf 87' lang='lat' dir='ltr'><strong><em>mandato</em></strong></span> <span class='ocrx_word' id='word_1_358' title='bbox 1572 4961 1746 5026; x_wconf 86' lang='lat' dir='ltr'><strong><em>recederes</em></strong></span> <span class='ocrx_word' id='word_1_359' title='bbox 1760 4963 1812 5025; x_wconf 82' lang='lat' dir='ltr'><strong><em>vel</em></strong></span> <span class='ocrx_word' id='word_1_360' title='bbox 1830 4967 1989 5025; x_wconf 87' lang='lat' dir='ltr'><strong><em>tractares</em></strong></span> 
     </span>
     <span class='ocr_line' id='line_1_39' title="bbox 327 5055 2161 5151; baseline -0.002 -20"><span class='ocrx_word' id='word_1_361' title='bbox 327 5065 450 5151; x_wconf 91' lang='lat' dir='ltr'><strong><em>aliquid</em></strong></span> <span class='ocrx_word' id='word_1_362' title='bbox 466 5071 578 5131; x_wconf 88' lang='lat' dir='ltr'><strong><em>contra</em></strong></span> <span class='ocrx_word' id='word_1_363' title='bbox 593 5086 679 5145; x_wconf 90' lang='lat' dir='ltr'><strong><em>eum,</em></strong></span> <span class='ocrx_word' id='word_1_364' title='bbox 702 5085 741 5129; x_wconf 89' lang='lat' dir='ltr'><strong><em>aa</em></strong></span> <span class='ocrx_word' id='word_1_365' title='bbox 757 5066 859 5131; x_wconf 87' lang='lat' dir='ltr'><strong><em>eciam</em></strong></span> <span class='ocrx_word' id='word_1_366' title='bbox 882 5072 958 5151; x_wconf 89' lang='lat' dir='ltr'><strong><em>post</em></strong></span> <span class='ocrx_word' id='word_1_367' title='bbox 982 5066 1119 5131; x_wconf 89' lang='lat' dir='ltr'><strong><em>eandem</em></strong></span> <span class='ocrx_word' id='word_1_368' title='bbox 1144 5068 1521 5133; x_wconf 83' lang='lat' dir='ltr'><strong><em>excommunicacionem</em></strong></span> <span class='ocrx_word' id='word_1_369' title='bbox 1544 5065 1651 5130; x_wconf 86' lang='lat' dir='ltr'><strong><em>iactas</em></strong></span> <span class='ocrx_word' id='word_1_370' title='bbox 1676 5085 1736 5128; x_wconf 90' lang='lat' dir='ltr'><strong><em>seu</em></strong></span> <span class='ocrx_word' id='word_1_371' title='bbox 1759 5062 1890 5128; x_wconf 89' lang='lat' dir='ltr'><strong><em>habitas</em></strong></span> <span class='ocrx_word' id='word_1_372' title='bbox 1914 5064 1988 5127; x_wconf 90' lang='lat' dir='ltr'><strong><em>hine</em></strong></span> <span class='ocrx_word' id='word_1_373' title='bbox 2033 5055 2161 5128; x_wconf 52' lang='lat' dir='ltr'><strong><em>aba</em></strong></span> 
     </span>
     <span class='ocr_line' id='line_1_40' title="bbox 327 5166 1989 5256; baseline -0.003 -21"><span class='ocrx_word' id='word_1_374' title='bbox 327 5179 360 5235; x_wconf 89' lang='lat' dir='ltr'><strong><em>et</em></strong></span> <span class='ocrx_word' id='word_1_375' title='bbox 383 5168 474 5250; x_wconf 90' lang='lat' dir='ltr'><strong><em>inde,</em></strong></span> <span class='ocrx_word' id='word_1_376' title='bbox 504 5169 690 5234; x_wconf 87' lang='lat' dir='ltr'><strong><em>sentencias</em></strong></span> <span class='ocrx_word' id='word_1_377' title='bbox 714 5190 859 5255; x_wconf 91' lang='lat' dir='ltr'><strong><em>quoque,</em></strong></span> <span class='ocrx_word' id='word_1_378' title='bbox 883 5170 1008 5250; x_wconf 86' lang='lat' dir='ltr'><strong><em>banne,</em></strong></span> <span class='ocrx_word' id='word_1_379' title='bbox 1037 5171 1301 5251; x_wconf 87' lang='lat' dir='ltr'><strong><em>confiscationes,</em></strong></span> <span class='ocrx_word' id='word_1_380' title='bbox 1333 5176 1471 5249; x_wconf 85' lang='lat' dir='ltr'><strong><em>statuta,</em></strong></span> <span class='ocrx_word' id='word_1_381' title='bbox 1500 5189 1621 5256; x_wconf 87' lang='lat' dir='ltr'><strong><em>penas,</em></strong></span> <span class='ocrx_word' id='word_1_382' title='bbox 1653 5166 1843 5256; x_wconf 84' lang='lat' dir='ltr'><strong><em>privilegia,</em></strong></span> <span class='ocrx_word' id='word_1_383' title='bbox 1874 5167 1902 5231; x_wconf 94' lang='lat' dir='ltr'><strong><em>si</em></strong></span> <span class='ocrx_word' id='word_1_384' title='bbox 1925 5187 1989 5253; x_wconf 86' lang='lat' dir='ltr'><strong><em>qua</em></strong></span> 
     </span>
     <span class='ocr_line' id='line_1_41' title="bbox 328 5270 1986 5360; baseline -0.003 -21"><span class='ocrx_word' id='word_1_385' title='bbox 328 5279 443 5339; x_wconf 88' lang='lat' dir='ltr'><strong><em>eontra</em></strong></span> <span class='ocrx_word' id='word_1_386' title='bbox 465 5278 498 5337; x_wconf 87' lang='lat' dir='ltr'><strong><em>te</em></strong></span> <span class='ocrx_word' id='word_1_387' title='bbox 514 5272 568 5339; x_wconf 83' lang='lat' dir='ltr'><strong><em>vel</em></strong></span> <span class='ocrx_word' id='word_1_388' title='bbox 591 5272 713 5338; x_wconf 88' lang='lat' dir='ltr'><strong><em>amicos</em></strong></span> <span class='ocrx_word' id='word_1_389' title='bbox 738 5279 822 5355; x_wconf 90' lang='lat' dir='ltr'><strong><em>tuos,</em></strong></span> <span class='ocrx_word' id='word_1_390' title='bbox 846 5294 904 5360; x_wconf 91' lang='lat' dir='ltr'><strong><em>pro</em></strong></span> <span class='ocrx_word' id='word_1_391' title='bbox 929 5294 968 5339; x_wconf 91' lang='lat' dir='ltr'><strong><em>eo</em></strong></span> <span class='ocrx_word' id='word_1_392' title='bbox 992 5274 1079 5360; x_wconf 93' lang='lat' dir='ltr'><strong><em>quod</em></strong></span> <span class='ocrx_word' id='word_1_393' title='bbox 1103 5276 1243 5342; x_wconf 90' lang='lat' dir='ltr'><strong><em>ecclesie</em></strong></span> <span class='ocrx_word' id='word_1_394' title='bbox 1266 5274 1476 5360; x_wconf 88' lang='lat' dir='ltr'><strong><em>postmodum</em></strong></span> <span class='ocrx_word' id='word_1_395' title='bbox 1498 5272 1670 5354; x_wconf 88' lang='lat' dir='ltr'><strong><em>adhesisti,</em></strong></span> <span class='ocrx_word' id='word_1_396' title='bbox 1692 5272 1734 5338; x_wconf 88' lang='lat' dir='ltr'><strong><em>ab</em></strong></span> <span class='ocrx_word' id='word_1_397' title='bbox 1758 5270 1876 5336; x_wconf 90' lang='lat' dir='ltr'><strong><em>eodem</em></strong></span> <span class='ocrx_word' id='word_1_398' title='bbox 1898 5271 1986 5358; x_wconf 89' lang='lat' dir='ltr'><strong><em>prin·</em></strong></span> 
     </span>
    </p>
   </div>
   <div class='ocr_carea' id='block_1_14' title="bbox 431 5497 1413 5704">
    <p class='ocr_par' dir='ltr' id='par_1_14' title="bbox 431 5497 1413 5704">
     <span class='ocr_line' id='line_1_42' title="bbox 431 5497 1413 5570; baseline 0 -18"><span class='ocrx_word' id='word_1_399' title='bbox 431 5498 454 5566; x_wconf 80' lang='lat'><strong><em>¹)</em></strong></span> <span class='ocrx_word' id='word_1_400' title='bbox 475 5502 509 5564; x_wconf 77' lang='lat' dir='ltr'><strong><em>ct.</em></strong></span> <span class='ocrx_word' id='word_1_401' title='bbox 523 5517 553 5567; x_wconf 83' lang='lat' dir='ltr'><strong><em>p.</em></strong></span> <span class='ocrx_word' id='word_1_402' title='bbox 565 5504 620 5567; x_wconf 78' lang='grc'><strong><em>669,</em></strong></span> <span class='ocrx_word' id='word_1_403' title='bbox 636 5508 689 5552; x_wconf 84' lang='lat' dir='ltr'><strong><em>not.</em></strong></span> <span class='ocrx_word' id='word_1_404' title='bbox 702 5516 724 5553; x_wconf 85' lang='lat' dir='ltr'><strong><em>e.</em></strong></span> <span class='ocrx_word' id='word_1_405' title='bbox 828 5497 854 5566; x_wconf 80' lang='lat' dir='ltr'><strong><em>b)</em></strong></span> <span class='ocrx_word' id='word_1_406' title='bbox 872 5498 965 5553; x_wconf 86' lang='lat' dir='ltr'><strong><em>‘Bnttc</em></strong></span> <span class='ocrx_word' id='word_1_407' title='bbox 980 5501 1102 5567; x_wconf 75' lang='lat' dir='ltr'><strong><em>pinnitus</em></strong></span> <span class='ocrx_word' id='word_1_408' title='bbox 1119 5501 1279 5570; x_wconf 77' lang='lat' dir='ltr'><strong><em>oppendcus’</em></strong></span> <span class='ocrx_word' id='word_1_409' title='bbox 1295 5503 1413 5554; x_wconf 74' lang='lat' dir='ltr'><strong><em>Penes.</em></strong></span> 
     </span>
     <span class='ocr_line' id='line_1_43' title="bbox 435 5634 957 5704; baseline 0.002 -14"><span class='ocrx_word' id='word_1_410' title='bbox 435 5637 460 5704; x_wconf 88' lang='grc'><strong><em>1)</em></strong></span> <span class='ocrx_word' id='word_1_411' title='bbox 479 5636 514 5691; x_wconf 82' lang='grc' dir='ltr'><strong><em>Α.</em></strong></span> <span class='ocrx_word' id='word_1_412' title='bbox 526 5640 599 5704; x_wconf 75' lang='lat'><strong><em>1239,</em></strong></span> <span class='ocrx_word' id='word_1_413' title='bbox 618 5634 689 5704; x_wconf 77' lang='lat' dir='ltr'><strong><em>lan,</em></strong></span> <span class='ocrx_word' id='word_1_414' title='bbox 705 5634 737 5702; x_wconf 73' lang='lat' dir='ltr'><strong><em>d.</em></strong></span> <span class='ocrx_word' id='word_1_415' title='bbox 750 5650 780 5704; x_wconf 84' lang='lat' dir='ltr'><strong><em>p.</em></strong></span> <span class='ocrx_word' id='word_1_416' title='bbox 792 5641 850 5704; x_wconf 80' lang='lat'><strong><em>663,</em></strong></span> <span class='ocrx_word' id='word_1_417' title='bbox 867 5640 922 5691; x_wconf 84' lang='lat' dir='ltr'><strong><em>not.</em></strong></span> <span class='ocrx_word' id='word_1_418' title='bbox 934 5644 957 5691; x_wconf 86' lang='lat'><strong><em>1.</em></strong></span> 
     </span>
    </p>
   </div>
   <div class='ocr_carea' id='block_1_15' title="bbox 0 0 2168 6232">
    <p class='ocr_par' dir='ltr' id='par_1_15' title="bbox 0 0 2168 6232">
     <span class='ocr_line' id='line_1_44' title="bbox 0 0 2168 6232; baseline 0 0"><span class='ocrx_word' id='word_1_419' title='bbox 0 0 2168 6232; x_wconf 95' lang='lat' dir='ltr'><strong><em> </em></strong></span> 
     </span>
    </p>
   </div>
  </div>
 </body>
</html>
