4328 6232
274 342 331 405 tlt
821 337 867 392 ux
888 336 1104 392 lNNOCEN'l'II
1122 335 1162 390 IV
1181 334 1362 392 austerae

269 512 398 577 Obristo
421 513 480 577 filii
503 513 607 576 nostri
624 563 631 578 .
648 561 655 574 .
672 511 892 576 Romanorum
911 511 999 596 regis
1020 510 1158 575 illustris
1180 509 1334 596 precibus
1355 509 1514 588 inclinati,
1538 509 1744 588 mandamus,
1768 513 1923 594 quatinus

269 614 429 681 eidemin
454 617 586 680 civitate
611 615 661 679 vel
685 614 807 679 diocesi
830 615 1018 680 Coloniensi
1041 613 1082 678 de
1115 613 1296 678 redditibus
1321 612 1566 692 ecclesiasticis,
1589 618 1659 677 tam
1687 613 1721 676 in
1745 613 1923 700 prelaturis

269 742 366 805 quam
389 721 462 785 aliis
486 720 654 786 beneficiis
677 719 920 799 ecclesiasticis,
943 717 1198 804 prebendalibus
1222 718 1274 782 vel
1299 717 1384 797 aliis,
1408 716 1583 782 dummodo
1607 736 1722 782 eorum
1740 722 1923 802 proventus

268 831 379 908 preter
405 823 565 888 beneficia
588 844 650 908 que
677 842 763 886 nunc
790 822 917 887 obtinet
942 822 1156 887 ducentamm
1181 839 1361 884 marcarum
1392 819 1521 904 argenti
1548 820 1716 884 annuatim
1743 820 1922 883 valentiam

269 949 332 991 non
356 925 528 1004 excedant,
552 927 744 991 auctoritate
768 932 879 990 nostra
901 924 1071 1011 providere
1095 943 1252 1009 procures
1275 959 1316 969 -
1339 943 1405 986 non
1428 922 1634 987 obstantibus
1657 922 1684 986 si
1707 922 1742 986 in
1759 922 1923 993 ecclesiis.
1983 950 1992 979 κ

268 1031 300 1093 in
324 1029 441 1113 quibus
464 1030 494 1092 ci
517 1027 651 1094 duxeris
674 1028 916 1114 providendum,
941 1033 1050 1092 certus
1075 1028 1116 1092 sit
1139 1027 1368 1091 canonicorum
1392 1046 1546 1090 numerus
1568 1025 1753 1090 iuramento
1770 1027 1824 1091 vel
1840 1046 1921 1112 qua·

269 1154 397 1219 cunque
420 1132 485 1195 alia
508 1131 660 1197 firmitate
683 1132 833 1210 vallatus,
859 1131 911 1196 vel
927 1131 953 1194 si
970 1130 1011 1195 de
1027 1130 1311 1194 mandato‘nostro
1327 1149 1428 1213 super
1443 1128 1580 1192 aliorum
1595 1129 1787 1213 provisione
1804 1130 1922 1195 eedem

270 1236 409 1301 ecclesie
441 1241 516 1299 suut
542 1242 694 1319 gravate,
727 1242 784 1299 aut
810 1233 895 1319 quod
925 1233 1013 1298 idem
1042 1234 1228 1320 prepositus
1256 1233 1339 1298 alias
1368 1231 1583 1298 beneficiatus
1612 1232 1726 1296 existit
1749 1259 1808 1303 -;
1842 1255 1921 1300 oon-

269 1339 461 1404 tradiotores
485 1345 546 1403 etc.

376 1458 451 1523 Dat.
475 1458 637 1544 Lugduni,
660 1457 709 1522 Id.
732 1457 827 1538 Iunii,
850 1478 936 1521 anno
959 1457 1083 1521 tortio¹.

1050 1992 1132 2066 192.

369 2106 589 2201 Isssmaatias
609 2136 667 2202 IV
679 2157 769 2218 popa
790 2136 972 2221 [Sipcfrido
994 2135 1072 2218 IIU
1094 2133 1323 2213 archiepiscopo
1344 2131 1536 2214 Mopemtioo
1562 2137 1592 2196 ct
1612 2130 1803 2221 [Philippo]
1829 2137 1921 2199 cloclo

264 2242 469 2306 Ferraricasi
491 2240 637 2317 nmedot,
667 2243 702 2303 at
729 2239 766 2304 dc
793 2241 938 2304 electione
961 2237 1127 2302 Ber-riboldi
1151 2237 1326 2316 praeposit-i
1353 2235 1516 2316 Spirensis·
1545 2236 1581 2299 s'a
1611 2237 1786 2319 episcopmm
1809 2238 1920 2302 Ratis·

259 2365 429 2426 permacra
443 2345 619 2425 inquirant,
634 2347 742 2408 costra
757 2364 847 2425 quem
861 2343 990 2424 quidam
1005 2341 1148 2405 mosaici
1157 2339 1418 2424 [Eberhardum]
1426 2341 1642 2420 praepositum
1657 2340 1920 2422 Ratisponensem

264 2448 420 2530 clepcmnt.
1571 2447 1666 2524 1246,
1687 2444 1763 2510 Iam.
1782 2450 1833 2510 13.

368 2563 971 2634 us.rvaa.ror.r‚ao;1ao.ur‚sss

368 2652 468 2720 Bcrycr
483 2656 555 2706 1903.

406 2887 445 2905 ..
474 2828 835 2922 archiepiscopo
872 2829 1147 2921 blaguntino
1176 2834 1220 2900 et
1249 2883 1289 2901 ..
1318 2829 1464 2901 electo
1492 2828 1791 2903 Ferrariensi.

374 2977 426 3042 Ad
461 2984 604 3043 nostram
639 2978 793 3043 noveritis
828 2977 1029 3042 audientiam
1061 2976 1267 3061 pervenisse,
1298 2974 1385 3061 quod
1423 2995 1496 3040 eum
1530 2972 1636 3063 nuper
1668 2976 1921 3064 Ratisponensis

266 3083 407 3148 ecclesis
434 3082 574 3170 pastoris
608 3089 698 3148 esset
726 3082 842 3146 solatio
872 3081 1029 3145 destituta
1038 3080 1060 3155 ²,
1085 3127 1118 3143 ..
1142 3077 1286 3142 decanus
1315 3085 1349 3143 et
1378 3080 1557 3163 capitulum
1587 3080 1737 3145 eiusdem
1767 3081 1921 3158 ecclesie,

266 3187 390 3251 vocatis
412 3186 562 3251 omnibus
585 3187 639 3273 qui
663 3188 853 3251 voluerunt.
885 3183 1070 3249 debuerunt
1100 3189 1133 3247 et
1160 3189 1340 3267 potuerunt
1363 3182 1533 3248 commode
1562 3185 1739 3261 interesse,
1768 3183 1810 3248 ad
1834 3193 1920 3250 trac-

265 3290 400 3355 tandum
423 3291 462 3355 de
489 3291 587 3355 futuri
613 3289 845 3354 substitutione
869 3287 1031 3373 pontificis
1059 3286 1294 3350 convenientes
1316 3287 1349 3349 in
1374 3308 1488 3358 unum,
1519 3287 1653 3352 tandem
1677 3288 1921 3373 posthabitum

266 3415 366 3480 super
401 3395 474 3481 ipsa
511 3400 683 3458 tractatum
718 3412 832 3456 omnes
868 3390 1162 3474 compromiserunt
1196 3390 1400 3454 concorditer
1430 3391 1463 3454 in
1498 3389 1662 3475 prefatum
1693 3390 1853 3456 decanum
1887 3399 1922 3455 et

266 3497 440 3562 Albertum
456 3497 713 3561 concanonicum
730 3493 919 3569 eorundem,
943 3513 1103 3556 concessa
1125 3493 1174 3556 eis
1198 3493 1347 3579 plenaria
1363 3501 1541 3579 potestate,
1564 3502 1600 3559 ut
1623 3502 1690 3560 tres
1714 3495 1796 3559 alios
1816 3496 1920 3580 elige·

266 3607 338 3665 rent
360 3599 401 3665 de
425 3601 571 3685 ipsomm
594 3599 734 3683 collegio
758 3597 822 3663 lide
846 3598 972 3683 dignos.
997 3617 1071 3660 eum
1091 3597 1210 3682 quibus
1227 3596 1268 3660 de
1284 3618 1425 3682 pemeus
1445 3597 1565 3664 idonea
1579 3597 1621 3664 de
1638 3599 1763 3683 gremio
1778 3599 1921 3665 ecclesie

1972 3209 1996 3246 ’,θυ

265 3704 318 3767 vel
347 3703 478 3767 aliunde
502 3700 632 3766 riduste
656 3703 796 3767 ecclesie
825 3701 1053 3787 providerent:
1081 3703 1310 3786 promittentes
1340 3703 1570 3768 nichilominus
1598 3704 1718 3791 prelati
1740 3704 1921 3791 capitulum
1984 3726 1995 3761 s

265 3805 489 3891 sollempniter
517 3825 625 3868 coram
655 3805 823 3871 omnibus.
857 3806 911 3890 qui
942 3811 1037 3869 erant
1068 3813 1259 3890 presentes,
1297 3828 1332 3870 se
1366 3815 1560 3892 recepturos
1589 3807 1696 3885 illum,
1728 3827 1828 3892 quem
1859 3809 1923 3895 ipsi

266 3909 408 3995 quinque
424 3909 640 3972 communiter
662 3909 824 3993 eligerent
846 3910 879 3972 in
902 3916 1080 3993 pastorem.
1126 3906 1275 3994 Cumque
1297 3907 1376 3973 dicti
1396 3909 1540 3974 decanus
1563 3918 1597 3975 et
1613 3912 1792 3976 canonicus
1807 3912 1921 3977 buius-

266 4010 352 4075 modi
376 4012 611 4097 compromisso
634 4019 767 4098 recepto
790 4014 1013 4077 associassent
1036 4013 1096 4077 sibi
1121 4022 1189 4078 tres
1205 4013 1288 4078 alios
1310 4014 1402 4078 iuxta
1425 4015 1652 4100 compromissi
1675 4024 1836 4096 tenorem,
1858 4017 1922 4103 ipsi

266 4115 409 4201 quinque
438 4122 512 4200 post
534 4114 725 4199 diligentem
749 4123 924 4180 tractatum
953 4118 1040 4182 inter
1068 4138 1104 4180 se
1135 4117 1295 4183 habitum,
1329 4117 1470 4203 Spiritus
1498 4119 1604 4182 sancti
1627 4120 1734 4202 gratia
1756 4120 1921 4199 invocata,

266 4217 457 4283 Bertoldum
489 4218 691 4304 prepositunr
727 4218 932 4303 spirensem.
971 4221 1074 4284 virum
1113 4221 1283 4306 providum
1321 4229 1354 4285 et
1390 4220 1583 4301 discretum,
1622 4221 1656 4285 in
1692 4222 1920 4308 spiritualibus

266 4328 300 4388 et
331 4320 566 4408 temporalibus
599 4322 887 4408 circumspectum.
922 4325 954 4387 in
978 4323 1254 4410 Ratisponensem
1282 4326 1473 4412 episcopum
1503 4324 1708 4389 concorditer
1737 4326 1922 4413 elegerunt,

266 4446 369 4512 seque
397 4445 435 4489 ac
467 4425 662 4491 electionem
696 4423 738 4490 ab
768 4426 817 4491 eis
852 4426 973 4490 factam
1005 4427 1200 4513 protectioni
1232 4427 1415 4513 apostolice
1449 4436 1673 4515 supponentes
1701 4431 1922 4516 appellarunt,

265 4550 308 4594 no
331 4528 409 4614 quid
433 4534 686 4614 attemptaretur
708 4530 742 4594 in
765 4529 981 4617 preiodicium
1004 4531 1193 4596 eorundem.
1246 4530 1312 4595 Sed
1339 4533 1417 4617 quis
1443 4532 1650 4618 postmodum
1674 4533 1708 4599 S.
1731 4535 1921 4620 etquidem

267 4633 323 4698 alii
347 4629 496 4698 eiusdem
519 4633 658 4697 ecclesie
680 4633 845 4705 canonici,
875 4633 1029 4698 electioni
1051 4632 1180 4718 prefate
1210 4641 1393 4702 aeternare
1416 4640 1635 4723 opponentes,
1659 4688 1693 4704 ..
1716 4639 1920 4724 prepositum

266 4735 541 4821 Ratisponensem
573 4734 615 4800 de
644 4737 747 4805 iacto.
778 4756 851 4799 eum
882 4735 924 4799 de
953 4736 1024 4800 iure
1056 4738 1278 4821 nequiverint.
1309 4738 1435 4823 eligere
1457 4748 1740 4826 presumpserunt,
1769 4742 1919 4828 prefatus

266 4839 454 4925 prepositus
478 4837 644 4924 Spirensis
668 4839 822 4903 electioni
846 4838 888 4903 de
912 4861 948 4903 se
971 4840 1058 4904 facte
1081 4839 1218 4907 distulit.
1241 4841 1345 4906 donec
1362 4862 1462 4928 super
1476 4843 1539 4908 boe
1554 4851 1700 4908 nostram
1714 4845 1918 4912 voluntatem

266 4941 483 5026 intelligeret.
519 4942 716 5006 consentire.
787 4941 946 5008 Nolentes
981 4943 1081 5027 igitur
1111 4951 1148 5008 nt
1182 4947 1356 5011 occasione
1394 4944 1578 5010 huiusmodi
1614 4948 1756 5013 ecclesie
1792 4950 1920 5034 prefate

266 5044 410 5130 provisio
434 5043 635 5119 retardetur,
663 5045 873 5115 mandamus.
903 5047 1057 5131 quatinus
1086 5049 1243 5133 inquisita
1269 5070 1369 5136 super
1398 5049 1459 5113 hiis
1488 5048 1678 5135 diligentius
1704 5051 1863 5133 veritate,
1892 5055 1920 5119 si

371 5268 397 5329 l)
416 5266 473 5321 sse
491 5265 701 5321 Isaaoeidas
718 5268 914 5337 mequomo
931 5270 1076 5338 raamiarit,
1095 5271 1276 5340 aspectum
1294 5273 1602 5338 aasmsfscom'ae,
1620 5273 1920 5343 mcwdrwncyctium

266 5354 384 5407 datae
409 5353 540 5408 inseram
566 5352 681 5423 tepidos,
704 5354 803 5423 fariis
826 5372 846 5407 a
866 5355 925 5410 saie
951 5357 1097 5424 amolita
1121 5357 1249 5411 cunm
1266 5358 1401 5426 primm:
1428 5359 1615 5429 &turrim
1720 5360 1749 5429 2)
1772 5360 1921 5430 Medus

266 5438 415 5506 episcopm,
434 5439 577 5507 imperialis
599 5440 681 5494 aulae
702 5440 891 5509 amata,
910 5448 1052 5511 mptum
1068 5461 1094 5496 a.
1115 5449 1184 5511 md,
1203 5444 1273 5513 Aac
1288 5450 1323 5499 26
1346 5445 1384 5498 rel
1395 5446 1479 5514 posito
1501 5450 1564 5500 ante
1580 5459 1672 5514 propat
1692 5460 1723 5502 ce
1742 5446 1852 5503 Μ
1872 5447 1921 5520 [rs.

269 5521 402 5590 Psecas,
421 5523 488 5594 Ra.
506 5531 592 5591 irase,
609 5532 695 5595 irasc,
712 5526 945 5596 nisse-flata,
964 5530 983 5585 1.
998 5546 1019 5585 c.
1037 5536 1103 5586 sies
1120 5536 1144 5586 a
1159 5536 1240 5599 aare,
1262 5528 1463 5601 satanas,
1483 5532 1542 5587 Ala
1557 5547 1580 5586 s.
1597 5530 1805 5601 Ρωιων,
1816 5549 1848 5607 p
1865 5538 1922 5605 rar,

267 5608 878 5680 matthasfflcpssurtmoetmmt.

1975 5368 1997 5407 td
