4790 6340
440 389 503 451 270
995 378 1043 434 nx
1061 375 1278 434 maecum
1296 375 1336 430 IV
1353 375 1535 430 anemurio

439 579 561 645 usque:
584 556 747 644 generari,
771 557 842 621 sire
865 556 975 642 aliqua
996 551 1204 636 indulgentia
1226 557 1290 616 etc.
1311 571 1433 636 usqne:
1455 553 1655 616 mentionem
1679 577 1739 626 -·;
1761 573 1879 638 preces
1901 557 2033 616 nostras
2058 559 2094 617 et

440 661 652 728 mandatum·
673 667 820 726 nostrum
843 659 953 724 taliter
974 657 1151 743 impleturi,
1172 661 1210 720 ut
1236 661 1447 740 augrneutum
1473 654 1595 719 favoris
1623 661 1657 718 et
1678 655 1783 740 gratie
1805 653 1900 719 uobis
1922 654 2010 740 apud
2032 677 2094 720 nos

441 767 547 852 possit
573 763 694 830 exinde
723 765 908 850 provenire.
953 760 1108 846 Alioquin
1135 759 1255 823 dilecto
1281 759 1349 822 lilio
1373 807 1406 821 ..
1437 759 1613 821 scolastico
1642 759 1784 823 ecclesie
1807 761 1913 822 macti
1936 759 2098 842 lobannis¹

441 869 707 953 Osnaburgensis
724 888 782 954 per
798 869 923 932 litteras
940 871 1070 930 nostras
1086 863 1296 948 iniungimus,
1321 869 1359 925 ut
1380 863 1450 946 ipse
1465 883 1566 946 super
1586 861 1650 925 boc
1671 862 1860 926 mandatum
1876 863 2091 947 apostolicum

441 978 639 1058 exequatnr;
662 969 919 1035 contradictores
941 977 1006 1034 etc.

549 1075 625 1140 Dat.
649 1073 812 1158 Lugduni,
835 1072 936 1138 XVII
957 1071 1035 1138 Kal.
1058 1070 1155 1150 Iunii,
1178 1089 1264 1134 anuo
1287 1073 1413 1152 quarto.

1227 1455 1314 1528 366.

547 1554 765 1648 limana
779 1581 838 1647 rr
855 1601 944 1664 papa
967 1578 1097 1664 apoc]
1119 1577 1232 1644 muci
1256 1577 1386 1660 corat
1406 1577 1451 1642 aa
1478 1576 1587 1643 ram
1607 1577 1751 1644 aeram
1771 1579 1903 1644 aum
1925 1581 2097 1661 wana,

444 1689 632 1773 apostolicae
651 1685 734 1752 eodm
756 1686 868 1768 hauto,
898 1683 1043 1762 modat,
1063 1685 1101 1746 ut
1120 1682 1158 1746 dc
1178 1681 1300 1746 meritr's
1318 1681 1499 1766 [Gonrudi]
1519 1681 1643 1746 abbatis
1664 1683 1838 1766 amenis
1858 1685 2018 1765 wirnt,
2040 1686 2098 1766 psci

437 1797 570 1877 propter
590 1789 831 1855 inobedientiam
852 1787 897 1853 ad
923 1787 1023 1852 sedem
1047 1786 1250 1870 apostolicam
1274 1785 1389 1850 effatus
1410 1786 1467 1864 sit,
1495 1786 1566 1848 ticet
1590 1790 1713 1850 marat
1732 1805 1765 1850 sc
1791 1787 1935 1850 ccclesiae
1955 1789 2098 1852 &mara

443 1917 516 1974 esse,
538 1898 569 1960 ct
588 1914 657 1958 acm
679 1891 837 1975 wordum
857 1889 993 1955 Raurici
1013 1890 1096 1972 repis
1117 1887 1333 1953 Romaamuu
1350 1889 1567 1970 praeentiam
1587 1889 1678 1954 αάὄη
1699 1891 1859 1970 causat,
1888 1891 1930 1955 ab
1957 1893 2097 1958 iaisaicis
2149 1922 2176 1960 ro

443 1997 587 2064 acaciae
608 1999 733 2077 mfflum
754 1994 903 2060 extans.
1741 1995 1835 2072 1247,
1858 1993 1942 2059 Mai.
1958 2000 2011 2061 17.

549 2094 1156 2167 amJVRat'otteaamemca
1899 2143 1905 2154 ,

548 2186 647 2254 Beroe
667 2190 744 2240 uasa

582 2331 623 2406 P.
651 2328 801 2405 Sancti
832 2326 1009 2419 Georgii
1040 2327 1096 2400 ad
1121 2325 1271 2400 Velum
1298 2327 1493 2400 Aureum
1520 2324 1709 2399 diacono
1736 2327 1977 2418 cardinali,

969 2447 1223 2541 apostolice
1258 2448 1383 2522 sedis
1416 2448 1581 2540 legato.
2152 2473 2177 2512 a

558 2567 723 2632 Petitione
747 2586 807 2629 aua
822 2564 962 2630 dilectus
985 2564 1071 2628 lilius
1096 2611 1129 2630 ..
1152 2562 1255 2628 abbas
1279 2564 1448 2648 Augcnsis
1464 2564 1655 2629 monasterii
1672 2562 1937 2630 Constantiensis
1957 2564 2099 2630 diocesis

447 2672 489 2737 ad
504 2672 688 2736 Romanam
712 2668 887 2735 ecclesiam
912 2669 1001 2733 nullo
1023 2666 1132 2733 medio
1152 2669 1346 2753 pertinentis
1370 2668 1466 2732 nobis
1481 2669 1645 2754 exposuit,
1669 2667 1904 2754 quodquidam
1928 2669 1978 2735 sni
2001 2668 2102 2733 emuli

446 2774 623 2854 manifesti,
646 2773 796 2858 nequiter
817 2778 1004 2846 asserentes
1027 2772 1135 2857 ipsum
1149 2770 1393 2837 inobedientem
1416 2777 1451 2836 et
1474 2771 1661 2836 indevotum
1685 2774 1866 2857 apostolice
1889 2772 1961 2837 sedi
1988 2772 2101 2850 fuisse,

448 2883 666 2964 procurarunt
689 2875 752 2940 sibi
775 2897 795 2940 a
818 2874 912 2941 nobis
935 2875 1071 2960 iniungi,
1094 2881 1131 2938 ut
1146 2877 1365 2962 personaliter
1387 2875 1421 2939 in
1437 2881 1550 2940 nostra
1565 2877 1733 2962 presentia
1748 2877 1989 2962 compareret¹;
2013 2875 2100 2962 qnod

446 2979 552 3044 eidem
575 2979 632 3043 illa
654 2978 696 3043 de
721 3000 823 3044 cauea
842 2980 874 3043 in
892 2979 1152 3045 ammirationem
1168 2980 1309 3044 uertitur
1324 2978 1565 3060 uehementem,
1589 2980 1665 3064 quia
1687 3000 1760 3044 curn
1781 2979 1907 3065 pridem
1924 3001 1983 3066 pro
2000 2979 2099 3045 dero·
2152 2999 2180 3039 uo

447 3085 549 3164 tione,
573 3103 670 3169 quum
694 3083 780 3148 circa
802 3082 986 3170 predictam
1007 3084 1092 3168 gerit
1115 3085 1300 3165 ecclesiam,
1322 3084 1515 3170 arripuisset
1536 3084 1600 3148 iter
1622 3083 1765 3148 adeundi
1788 3085 1989 3171 presentiam
2012 3085 2101 3150 clare

450 3187 605 3252 memorie
637 3185 681 3250 H.
710 3185 933 3252 &manorum
960 3187 1064 3270 regis,
1091 3193 1128 3250 ut
1155 3187 1219 3250 sibi
1248 3187 1395 3252 savorem
1425 3192 1459 3251 et
1488 3188 1646 3251 auxilium
1677 3188 1867 3273 largiretur,
1894 3189 1937 3253 ab
1961 3189 2102 3254 iuimicis

452 3291 601 3356 eiusdem
632 3289 773 3364 ecclesie
801 3296 915 3376 captus
943 3290 1054 3354 extitit
1083 3297 1116 3354 et
1147 3289 1319 3372 detentus,
1346 3291 1445 3356 animi
1474 3292 1525 3355 sui
1548 3297 1682 3378 propter
1704 3291 1767 3356 hoc
1791 3312 1855 3356 non
1879 3290 2019 3357 cadente
2043 3291 2102 3356 sed

450 3395 484 3459 iu
506 3401 633 3460 tantum
655 3394 765 3480 potius
781 3399 996 3458 excrescente
1014 3394 1143 3474 munte,
1167 3393 1254 3479 quod
1270 3401 1444 3481 postquam
1460 3392 1533 3459 Deo
1548 3395 1688 3482 propitio
1703 3393 1766 3458 init
1782 3393 1929 3458 redditus
1945 3394 2101 3475 libertati,

449 3497 617 3584 sepedicta
648 3498 787 3562 inimicis
818 3497 958 3563 ecclesie
987 3518 1048 3584 per
1077 3499 1338 3583 consanguineos
1367 3506 1401 3563 et
1431 3498 1554 3563 amicos
1583 3499 1663 3563 totis
1693 3499 1847 3563 resistere
1882 3499 2005 3564 viribus
2035 3520 2101 3564 non
2154 3523 2180 3562 aa

450 3600 575 3666 destitit
602 3622 663 3667 nco
684 3601 824 3667 desistit.
870 3599 953 3666 Cum
975 3607 1087 3668 autern
1116 3601 1178 3667 sibi
1207 3623 1265 3688 pro
1284 3602 1404 3666 talibus
1425 3602 1550 3668 meritis
1579 3622 1645 3667 non
1669 3602 1789 3666 iniuria
1811 3600 1869 3667 sed
1893 3605 2102 3688 compensari

449 3704 569 3770 debeat
591 3705 815 3770 benivolentia
835 3706 991 3790 gratiosa,
1015 3705 1222 3786 mandamus,
1247 3706 1401 3792 quatinus
1425 3707 1452 3770 si
1476 3706 1537 3770 tibi
1559 3727 1619 3792 per
1641 3705 1888 3791 inquisitionem
1911 3706 2103 3791 diligentem

450 3810 648 3886 constiterit,
677 3810 764 3896 qnod
790 3809 879 3875 idem
906 3810 1008 3875 abbas
1038 3809 1178 3875 devotus
1208 3811 1250 3874 sit
1281 3810 1421 3875 ecclesie
1453 3816 1651 3887 memorate,
1680 3811 1787 3896 ipsum
1815 3807 1989 3874 denunties
2013 3809 2102 3874 sedis

450 3913 629 3998 apostolice
651 3913 754 4001 gratie
777 3913 981 3996 restitutum,
1004 3935 1042 3978 ac
1066 3914 1098 3977 iu
1123 3918 1243 3978 statum
1257 3913 1411 3979 debitum
1434 3934 1586 3995 revoces,
1619 3912 1771 4000 quicquid
1795 3913 1967 3977 occasione
1991 3911 2103 3978 huius-

451 4015 538 4080 modi
561 4016 642 4081 ialse
661 4015 835 4082 delationis
860 4023 972 4082 contra
994 4018 1101 4104 ipsum
1123 4017 1288 4083 inveneris
1311 4025 1436 4084 temere
1459 4025 1700 4103 attemptatum.
1746 4017 1782 4081 Si
1804 4037 1882 4082 vcro
1905 4018 2103 4104 culpabilem
2156 4037 2182 4076 ³⁰

452 4118 560 4205 ipsum
590 4120 794 4206 reppereris,
821 4121 911 4185 illum
943 4141 1022 4206 erga
1048 4143 1223 4208 personam
1254 4121 1324 4187 eins
1354 4121 1485 4186 modum
1514 4121 1727 4185 correctionis
1755 4119 1895 4201 habeas,
1923 4143 1983 4208 per
2006 4143 2103 4207 quem

453 4223 548 4288 uobis
572 4228 605 4287 et
628 4223 767 4288 ecclesie
791 4223 953 4309 condigna
976 4222 1016 4288 de
1039 4225 1112 4312 ipso
1135 4224 1285 4290 videatur
1307 4224 1490 4290 satisfactio
1514 4225 1713 4311 prouenisse.

558 4324 635 4392 Dat.
658 4327 821 4413 Lugduni,
844 4327 927 4392 XVI
951 4327 1026 4394 Kal.
1051 4327 1144 4410 Iunii,
1168 4350 1253 4393 auno
1276 4327 1355 4395 IIII.

1239 4715 1326 4792 367.

559 4807 772 4903 Ῐηηοοεπίίαε
793 4836 851 4903 IV
870 4859 959 4922 propa
981 4838 1090 4905 abbati
1110 4847 1139 4904 ct
1161 4839 1326 4904 mercatui
1348 4836 1460 4904 Sancti
1481 4834 1631 4901 Andreae
1660 4832 1863 4901 Varcclleaais
1886 4837 2042 4920 iadrrlpct,
2071 4839 2109 4900 ut

450 4963 489 5006 cc
518 4963 552 5006 co
582 4941 664 5024 quod
692 4941 901 5027 G[rcporira]
927 4943 965 5007 dc
999 4943 1200 5027 Moatcloapo
1228 4942 1439 5008 subdiaconus
1467 4945 1497 5005 et
1517 4941 1663 5004 autumas
1689 4959 1779 5018 saus,
1810 4939 2105 5021 apostolicaesedis
2157 4965 2182 5005 as

554 5135 579 5200 ⁸)
597 5136 709 5201 sequeitur
726 5135 755 5187 ia
772 5135 818 5188 a:
835 5145 883 5188 etc.
902 5145 1027 5204 utsupra
1044 5154 1141 5204 usquo:
1159 5137 1303 5205 provenire,
1321 5135 1375 5188 ecit.
1393 5143 1422 5186 ut
1440 5134 1496 5188 Did.
1515 5135 1536 5186 Ι
1540 5135 1567 5201 V,
1580 5139 1640 5188 684.

555 5253 581 5319 1)
601 5251 659 5307 Suo
675 5254 743 5320 Apr.
762 5259 796 5306 18
809 5269 859 5321 per
885 5253 1020 5322 epietolm
1042 5254 1160 5323 episcopo
1178 5252 1364 5321 memsam·
1387 5251 1558 5319 destimtam
1582 5252 1682 5322 Buper
1698 5259 1770 5308 2551.
1790 5283 1823 5292 -
1849 5253 1884 5308 Α.
1903 5259 1976 5321 1244,
1995 5255 2058 5309 Ima
2076 5261 2109 5311 23

447 5355 523 5410 papa
544 5339 615 5394 braic
637 5337 753 5392 αὺὸαὶοιη
776 5339 1029 5394 communicatum
1052 5341 1191 5410 appdlaoit
1214 5339 1252 5410 [o.
1269 5355 1355 5408 cupra
1372 5355 1400 5394 a.
1419 5341 1475 5409 49],
1498 5355 1523 5393 α.
1543 5345 1612 5407 1245,
1637 5339 1691 5394 Oct.
1710 5347 1742 5393 17
1763 5339 1867 5393 wuda
1892 5341 1950 5394 cias
1970 5341 2108 5409 mandam

447 5427 564 5496 prndium
580 5426 703 5481 concam
720 5425 834 5496 [Berpcr
852 5427 938 5496 mrcj,
958 5443 982 5482 a.
1003 5433 1080 5495 1246,
1103 5426 1156 5480 Iul
1177 5432 1209 5480 25
1226 5427 1320 5480 mna
1338 5424 1521 5480 Ferraricneie
1538 5427 1637 5495 aquas
1654 5441 1713 5478 eum
1730 5441 1790 5478 cum
1807 5426 1870 5479 aliis
1884 5428 2015 5494 praelatis
2028 5430 2106 5497 prin·

450 5514 560 5582 cipibus,
577 5512 624 5580 qui
640 5511 677 5566 ad
693 5513 797 5566 citriam
815 5511 929 5567 Hauriat
944 5513 1010 5582 repis
1027 5530 1111 5583 acque
1126 5513 1179 5584 ipsi
1198 5519 1323 5568 mucram
1340 5529 1424 5582 aeqrce
1447 5515 1558 5568 anatim
1575 5513 1787 5580 destinaverant,
1810 5516 2065 5570 excommunicatam
2082 5521 2106 5570 ct
2158 5538 2185 5576 aa

450 5615 607 5669 easpmsum
624 5599 726 5667 citam,
747 5605 778 5653 ut
796 5599 873 5667 infra
894 5601 988 5670 νίψαι·
1013 5599 1069 5654 dics
1090 5618 1177 5656 coram
1195 5619 1271 5672 papa
1292 5607 1450 5670 annumeret
1468 5601 1586 5672 [Hostem
1606 5601 1665 5657 Alb.
1683 5619 1706 5657 o.
1726 5601 1835 5656 ΒεΙιαὶηι
1849 5619 1878 5670 p.
1898 5601 1969 5670 122].
2012 5601 2108 5655 l'idcus

451 5691 539 5740 amem
556 5685 630 5751 iufra
648 5701 686 5749 αι,
704 5699 772 5752 orsae
790 5687 872 5740 abbas
890 5692 1014 5741 econtra
1032 5691 1152 5745 mouit.
