4328 6232
210 349 271 418 366
757 343 805 403 EX
821 341 1038 404 mucosum
1056 338 1095 400 IV
1113 339 1292 402 assesso

207 525 399 590 Basiliensis
423 525 595 612 episcopus
627 532 714 591 esset
742 525 904 612 impotens
932 528 988 586 aut
1016 520 1186 608 negligens
1209 521 1261 586 vel
1288 522 1461 604 remissus,
1489 518 1646 609 predictis
1670 519 1800 589 civibus
1825 521 1860 588 in

208 629 411 694 defensorem
441 636 497 694 aut
525 631 729 716 capitaneum
759 629 952 693 auctoritate
980 633 1093 690 nostra
1122 625 1321 708 concedens,
1352 628 1431 713 ipsis
1456 649 1498 692 ex
1522 632 1615 713 parte
1638 635 1754 692 nostra
1777 649 1857 713 pro-

207 733 363 814 mitteres,
380 732 465 818 quod
482 755 549 816 eos,
573 734 600 797 si
623 734 714 797 iuxta
736 739 884 797 tenorem
907 731 1089 796 litterarum
1113 731 1257 815 ipsarum
1271 728 1417 795 redirent
1434 730 1476 795 ad
1492 730 1683 795 mandatum
1708 732 1857 797 ecclesie

208 843 242 900 et
264 836 297 900 in
321 838 392 901 eius
409 837 583 902 devotione
599 836 819 923 persisterent,
836 855 988 922 supereo
1005 833 1092 919 quod
1107 833 1238 897 domurn
1255 833 1400 899 eiusdem
1420 835 1566 920 episcopi
1582 834 1825 901 destruxerunt
1834 837 1856 915 ¹,

208 941 330 1004 servari
362 940 544 1005 laceremus
578 939 782 1026 indempnes,
814 959 874 1003 nec
905 938 1170 1025 permitteremus
1195 958 1252 1003 eos
1280 959 1379 1023 super
1400 938 1461 1004 hoc
1484 939 1526 1002 ab
1550 937 1668 1004 eodem
1692 940 1856 1026 episcopo

207 1042 259 1106 vel
283 1044 391 1129 aliquo
413 1044 478 1107 alio
501 1043 667 1107 molestari
677 1041 700 1109 ².
745 1043 832 1108 Sane
855 1063 1020 1129 nunquam
1051 1049 1182 1129 propter
1212 1041 1275 1107 hoc
1302 1048 1414 1107 nostre
1445 1042 1635 1107 intentionis
1664 1044 1779 1108 extitit
1802 1045 1856 1108 sel

210 1147 332 1224 existit,
356 1145 442 1232 quod
460 1146 545 1210 idern
569 1147 754 1232 prepositus
779 1145 898 1231 prefati
921 1146 1064 1231 episcopi
1089 1151 1179 1210 esset
1201 1142 1240 1209 in‘
1257 1145 1367 1230 aliquo
1391 1144 1576 1225 coadiutor,
1606 1147 1753 1210 maxime
1780 1167 1854 1211 curn

208 1249 279 1334 ipse
308 1270 405 1335 super
435 1249 516 1329 hiis,
545 1269 608 1334 que
638 1253 788 1334 spectant
817 1247 859 1312 ad
888 1247 1044 1312 bonorem
1067 1246 1130 1313 Dei
1154 1254 1188 1313 et
1210 1248 1442 1312 exaltationem
1466 1249 1606 1314 ecclesie
1631 1250 1677 1313 ita
1700 1257 1856 1336 patenter

208 1352 363 1416 sollicitus
386 1360 419 1417 et
442 1354 559 1418 efficax
589 1352 631 1415 sit
658 1353 826 1429 inventus,
853 1349 939 1435 quod
967 1352 997 1414 ei
1026 1372 1091 1414 non
1114 1352 1270 1438 competit
1293 1352 1430 1416 alicuius
1453 1352 1651 1419 coadiutoris
1676 1355 1853 1428 auxilium,

208 1456 360 1539 quamdin
382 1456 423 1520 ad
446 1456 668 1521 executionem
691 1475 767 1519 cure
791 1454 855 1518 sibi
878 1454 1002 1520 credite
1026 1455 1146 1519 sufficit
1174 1477 1234 1541 per
1263 1476 1299 1520 se
1328 1456 1444 1541 ipsum.
1489 1457 1630 1544 Propter
1651 1458 1717 1522 hoc
1739 1467 1853 1523 autem
1905 1482 1927 1519 n

208 1557 304 1642 digne
328 1562 473 1625 volumus
497 1566 530 1624 et
551 1559 744 1623 fraternitati
768 1565 824 1622 tue
847 1579 907 1644 per
929 1558 1112 1643 apostolica
1135 1559 1256 1644 scripta
1277 1558 1480 1640 mandamus,
1503 1562 1669 1645 quatinus,
1694 1562 1722 1626 si
1744 1562 1856 1627 dictus

208 1662 380 1748 episcopus
403 1683 604 1748 quocumque
628 1661 723 1726 modo
746 1660 787 1725 ad
810 1661 1038 1726 executionem
1064 1661 1250 1726 huiusmodi
1279 1662 1445 1727 sufficiens
1476 1663 1652 1745 habeatur,
1677 1667 1790 1752 ipsum
1814 1665 1855 1730 de

207 1765 416 1830 iminentibus
451 1766 513 1829 sibi
548 1766 687 1849 nogotiis
721 1786 779 1851 pro
817 1785 877 1828 sua
911 1764 1109 1850 disponere·
1131 1766 1301 1832 voluntate
1332 1768 1501 1852 permittas
1524 1774 1557 1832 et
1578 1769 1700 1833 ellectu
1723 1771 1854 1835 siucero

207 1869 298 1933 iuxta
331 1892 451 1936 morem
485 1891 582 1956 super
613 1870 695 1950 illis,
726 1890 799 1934 oum
830 1875 1026 1956 oportunum
1048 1870 1159 1950 fuerit,
1183 1870 1319 1936 assistas
1344 1870 1460 1937 eidem.
1506 1870 1677 1953 (letarum,
1705 1873 1734 1938 si
1764 1873 1851 1938 idem

207 1974 376 2060 episcopus
408 1980 457 2037 ost
483 1995 542 2059 per
569 1973 634 2037 Dei
660 1973 815 2058 gratiam,
838 1980 935 2059 prout
958 1973 1125 2053 asseritur,
1148 1974 1195 2038 ita
1217 1974 1478 2040 convalescentia
1502 1975 1688 2052 restitutus,
1711 1981 1749 2040 ut
1772 1998 1848 2063 pre-

205 2074 280 2138 fatis
314 2077 439 2141 civibus
469 2098 543 2142 esse
576 2076 678 2161 possit
710 2075 900 2162 capitaneus
930 2083 963 2141 et
989 2075 1158 2158 defensor,
1186 2076 1340 2163 disponas
1369 2098 1442 2142 cnm
1470 2078 1637 2164 preposito
1660 2088 1852 2157 memorato,

205 2178 289 2263 quod
316 2180 357 2245 de
387 2178 572 2244 huiusmodi
598 2179 788 2244 defensione
819 2201 857 2244 ac
880 2179 920 2244 de
944 2181 1029 2261 aliis,
1060 2202 1123 2267 que
1147 2186 1298 2267 spectant
1321 2180 1362 2245 ed
1391 2181 1497 2266 ipsum
1519 2181 1725 2267 episcopum,
1750 2205 1788 2247 se
1809 2183 1851 2249 de

205 2289 314 2347 cetero
336 2283 521 2348 nullatenus
550 2283 760 2358 intromittat;
791 2283 1050 2349 contradictores
1078 2291 1206 2364 autem,
1236 2285 1263 2349 si
1292 2285 1348 2369 qui
1374 2284 1495 2350 fuerint
1520 2286 1575 2350 vel
1603 2286 1762 2367 rebelles,
1792 2309 1851 2372 per

203 2406 373 2452 censuram
401 2387 657 2451 ecclesiasticam
685 2387 904 2471 appellatione
933 2397 1061 2453 remota
1088 2409 1279 2474 compescas
1312 2425 1346 2434 —
1377 2387 1475 2453 nullis
1499 2388 1617 2452 litteris
1641 2388 1849 2454 obstantibus

203 2510 223 2552 a
253 2489 331 2555 sede
361 2490 538 2577 apostolica
564 2490 746 2576 impetratis
775 2490 829 2554 vel
857 2491 956 2555 etiam
983 2491 1208 2577 impetrandis,
1241 2512 1304 2577 qne
1328 2490 1368 2555 de
1392 2492 1603 2578 presentibus
1625 2493 1760 2578 plenam
1783 2515 1846 2557 non
1892 2514 1940 2557 a»

203 2592 340 2658 fecerint
362 2595 568 2660 mentionem.

305 2716 381 2781 Dat.
404 2714 565 2798 Lugduni,
581 2712 683 2778 VIIII
705 2713 779 2780 Kal.
804 2716 938 2801 Aprilis,
961 2737 1046 2781 anno
1061 2717 1135 2784 V⁰⁸.

982 3138 1068 3213 bil.

305 3251 523 3344 [venerantius
548 3275 606 3340 IV
629 3297 720 3357 popu
750 3276 928 3360 [Henrico]
960 3279 1100 3359 episcopo
1139 3279 1374 3345 Ormstanticnsi
1408 3278 1556 3359 mandat,
1590 3285 1627 3344 nt
1662 3283 1844 3364 magistram

201 3381 409 3458 Fridcricum,
425 3381 583 3445 notarisnn
598 3380 793 3466 F[m'derici]
808 3381 964 3462 quondo-m
982 3384 1190 3464 impostoris
1205 3385 1331 3449 ecclesia
1346 3385 1383 3447 dc
1403 3383 1591 3466 chrlinpen
1600 3386 1706 3466 privet
1720 3406 1844 3467 masque

202 3484 387 3549 Eberlmrdo
403 3486 583 3569 promito
605 3485 716 3551 Sancti
739 3486 893 3567 Stephani
918 3483 1179 3567 constantiensis,
1202 3489 1308 3571 nepoti
1329 3507 1394 3566 nco,
1417 3487 1564 3569 conform.

303 3605 366 3657 Ina.
380 3604 428 3658 IV
442 3604 506 3673 Ray.
524 3604 687 3673 Vor.1,srr,·
705 3604 765 3658 Μ).
782 3605 812 3673 V,
828 3612 881 3660 702.
1469 3594 1562 3669 1248,
1583 3591 1686 3659 Mart.
1707 3595 1762 3658 23.

303 3691 398 3758 Beryer
414 3697 483 3745 3751.

693 3858 736 3878 ..
765 3802 982 3895 episcopo
1011 3804 1368 3881 Constantiensi.

304 3945 402 4029 Cum,
437 3951 520 4014 siout
554 3951 756 4038 accepimus,
790 3952 947 4039 magister
978 3951 1163 4018 Priderieus
1197 3954 1344 4018 notarius
1375 3951 1414 4017 F.
1439 3952 1602 4039 quondam
1628 3953 1840 4040 imperatoris.
1918 4010 1947 4033 ,

201 4059 307 4118 rector
330 4055 471 4118 ecclesie
494 4053 534 4119 de
558 4053 798 4140 Uberlingen⁴,
829 4056 935 4120 eidem
959 4056 996 4121 F.
1019 4056 1128 4121 faveat
1151 4056 1340 4122 manifeste:
1372 4058 1448 4142 quia
1475 4055 1562 4120 idem
1585 4079 1628 4122 ex
1657 4056 1721 4122 hoc
1745 4059 1840 4123 bene
1907 4101 1947 4113 -

199 4157 272 4220 licio
296 4157 519 4223 ecclesiastico
543 4158 711 4244 indignum
740 4182 775 4224 se
798 4160 919 4239 reddit,
942 4159 1151 4239 mandamus,
1175 4161 1343 4246 quatinus,
1367 4161 1395 4224 si
1418 4166 1468 4226 est
1489 4160 1552 4240 ita,
1575 4160 1682 4246 ipsum
1705 4163 1841 4226 ecclesis
1882 4188 1947 4230 ε

199 4260 330 4344 privans
353 4260 479 4343 eadem,
503 4261 607 4349 ipsam
630 4261 749 4327 dilecto
772 4263 839 4326 filio
862 4262 1053 4328 Eberhardo
1075 4265 1243 4350 preposito
1261 4262 1371 4328 Sancti
1397 4262 1555 4348 Stephani
1572 4263 1840 4331 constantiensis
1866 4293 1947 4333 ,ι

198 4364 310 4449 nepoti
341 4368 428 4449 tu0⁵‚
456 4404 498 4413 —
531 4387 596 4430 non
630 4366 782 4430 obstante
810 4367 895 4451 quod
926 4368 1007 4431 alias
1037 4367 1252 4432 beneficiatus
1281 4368 1395 4432 existit
1423 4404 1479 4448 —,
1507 4367 1703 4432 auctoritate
1736 4380 1947 4434 nonna

200 4468 346 4532 conferas
377 4476 410 4533 et
440 4471 589 4556 assignes
623 4471 794 4556 ipsumque
821 4470 855 4534 in
883 4471 1084 4557 corporalem
1114 4472 1259 4536 eiusdem
1282 4470 1422 4536 ecclesie
1443 4471 1685 4556 possessionem
1709 4471 1947 4537 insumas

200 4576 232 4634 et
254 4573 375 4636 tuearis
398 4573 579 4649 inductum;
603 4572 858 4637 contradictores
881 4579 942 4639 etc.

303 4691 378 4757 Dat.
401 4691 563 4778 Lugduni,
578 4693 610 4758 V
627 4692 702 4758 Kal.
725 4692 860 4780 Aprilis,
884 4715 970 4759 anno
987 4696 1067 4760 V⁰⁸.

302 4917 327 4983 ⁸)
345 4919 491 4986 disponeret
507 4917 540 4971 Il.

305 5037 331 5103 1)
351 5035 390 5104 01¹.
408 5053 437 5090 n.
456 5045 513 5091 415.
618 5038 645 5105 2)
663 5037 740 5092 Haec
765 5055 816 5108 cp,
838 5040 869 5093 in
894 5047 1100 5110 andnamt
1123 5041 1155 5098 dc
1173 5041 1300 5096 ‘emicas
1316 5041 1455 5096 comdant
1471 5046 1496 5094 et
1512 5038 1646 5107 tadicum
1662 5038 1895 5094 admosti—

199 5119 356 5187 qudmsdum
381 5123 451 5175 aliis’
473 5123 599 5192 mnndum
627 5130 696 5194 erut,
721 5142 804 5194 neque
829 5126 862 5180 in
890 5128 953 5197 lieo.
975 5145 1059 5197 nepte
1083 5129 1150 5183 alibi
1174 5133 1329 5184 aarum
1350 5132 1394 5182 cst.
1429 5127 1477 5180 Ea
1493 5126 1634 5195 dignante
1649 5131 1761 5194 tanam
1776 5129 1947 5177 *ι-

200 5213 311 5260 eaeuruto
328 5207 437 5276 ridear,
456 5227 521 5263 num
537 5211 585 5264 ao
604 5211 688 5268 Mart.
705 5218 739 5268 30
754 5231 829 5282 popa
850 5215 949 5269 acibus
971 5217 1065 5285 Basti,
1084 5219 1183 5271 ‘eonem
1203 5214 1441 5286 sappliwtiomlma
1462 5213 1623 5281 inclinatus,
1638 5211 1765 5282 W
1783 5226 1947 5280 *Ρ-

199 5309 294 5361 scopas
315 5296 514 5364 Argodincnsis
537 5313 616 5366 snper
642 5299 684 5353 bis
709 5300 788 5353 iaxta
814 5301 934 5370 ipsumam
960 5305 1109 5358 litterarum
1130 5309 1243 5358 miuron
1265 5301 1398 5356 ordinavit
1419 5301 1460 5354 cel
1479 5299 1589 5368 autad,
1611 5298 1785 5365 oeafimr'dr
1802 5312 1947 5350 ===

198 5396 226 5432 a.
246 5387 302 5436 623.
405 5383 432 5450 3)
453 5383 517 5438 sas.
536 5386 622 5440 nae.
642 5393 675 5440 ss
696 5404 772 5455 papa
789 5388 938 5457 neopum
956 5390 1132 5445 sacrm
1148 5389 1181 5443 a
1197 5389 1247 5444 mc
1263 5388 1371 5457 epam
1387 5387 1487 5456 enno
1503 5386 1635 5440 mura
1648 5385 1727 5452 seda
1742 5384 1947 5452 say-—

199 5471 277 5532 arsa·
298 5466 426 5536 henas,
446 5468 509 5538 lisy.
528 5479 620 5540 ressa·
639 5472 672 5539 es.
688 5489 717 5526 a.
734 5481 789 5529 sss.
902 5479 930 5545 4)
954 5465 1112 5547 dissona
1132 5477 1171 5531 ad
1193 5477 1281 5530 amm
1302 5473 1445 5529 Βοᾱιωα.
1560 5474 1589 5538 t)
1605 5470 1743 5537 uenat
1758 5471 1947 5523 ΜΕ-

201 5551 298 5619 ssye
321 5559 393 5608 aaa
445 5554 489 5609 Dc
518 5556 661 5626 remo
689 5561 841 5628 naman
871 5562 1078 5632 oannem
1104 5564 1191 5631 fram
1218 5561 1341 5632 osan,
1373 5559 1408 5626 et
1436 5559 1534 5628 Besa
1557 5564 1633 5626 ³⁷⁵⁰,
1656 5563 1737 5625 m,
1763 5556 1947 5611 Η

200 5635 229 5704 o)
248 5635 304 5689 suo
323 5637 400 5692 Far.
418 5647 452 5694 ιο
464 5658 542 5710 papa
562 5643 679 5712 epicopo
697 5644 836 5702 concam
854 5648 1012 5715 sacoma„
1028 5654 1191 5705 mesen
1207 5646 1354 5715 maedi,
1373 5651 1406 5700 ut
1425 5645 1481 5701 sss
1502 5645 1570 5700 eea
1585 5642 1793 5699 σαι-εκ
1848 5636 1943 5691 d
