4784 6334
859 356 1059 418 nris'ronnn
1076 357 1270 420 SELEC'PAE.
1305 361 1383 418 1248.

1078 698 1164 772 aaa.

398 810 616 904 lanuarias
630 837 785 920 rnpapa
799 837 1050 918 archiepiscopis,
1070 836 1220 920 aaran
1242 839 1271 900 a
1291 835 1369 902 ariis
1377 836 1536 918 amaris
1550 835 1768 914 monicae,
1791 834 1949 900 maroniae

297 944 479 1009 Tarvisiuoc
505 945 534 1006 ct
561 941 767 1006 Romaniotac
795 941 919 1019 scribit,
948 960 980 1004 sc
1002 939 1169 1006 &alinum
1191 939 1228 1004 cic
1251 938 1407 1018 Romano,
1435 941 1491 1021 prii
1517 940 1554 1005 cte
1581 939 1703 1005 haeresi
1725 943 1884 1021 suspectus
1905 939 1949 1003 ad

293 1047 394 1112 amem
417 1045 618 1128 apostoticam
639 1045 754 1108 citatus
775 1063 840 1108 uon
861 1044 994 1122 amomi,
1021 1043 1195 1127 praeterito
1223 1044 1273 1108 die
1295 1047 1403 1108 sancto
1424 1043 1511 1107 Iocis
1532 1043 1631 1126 [Apr.
1657 1043 1717 1127 16]
1739 1041 1950 1108 anathematis

295 1152 406 1232 laqueo
426 1147 595 1214 inundasse
616 1151 646 1212 ct
666 1147 757 1228 aetla
780 1151 816 1211 nt
837 1148 866 1212 ci
887 1147 1065 1225 nuntietur,
1088 1146 1155 1212 uisi
1175 1165 1272 1227 usquc
1294 1145 1338 1210 ad
1358 1147 1472 1226 festum
1494 1146 1576 1212 boati
1590 1145 1748 1212 Iohannis
1764 1145 1971 1230 proximum·

295 1254 513 1336 comparuerit,
532 1252 664 1336 pravius
685 1255 795 1316 matra
816 1271 885 1315 cum
904 1269 1083 1332 prouisum
1104 1250 1166 1329 iri‚·
1187 1250 1326 1330 munitm,
1348 1255 1384 1314 ut
1405 1249 1482 1314 hacc
1497 1250 1668 1331 publicent.

398 1373 462 1428 Ino.
475 1372 524 1427 IV
538 1372 603 1442 Rea.
622 1370 715 1439 Voll,
732 1377 795 1438 aaa·
812 1369 871 1424 luc.
890 1369 921 1438 V,
938 1386 994 1426 aa.
1013 1378 1056 1426 sa.
1587 1355 1681 1432 1248,
1703 1353 1785 1434 Aps.
1809 1355 1860 1418 18.

399 1458 529 1527 Pontou,
549 1457 613 1526 Rip.
631 1462 729 1520 iesca·
746 1457 845 1526 limpor
862 1463 939 1512 sona.

441 1654 811 1746 Arcbicpiscopis
840 1658 877 1726 et
904 1650 1146 1745 episcopis
1174 1650 1435 1739 abbatibus,
1464 1650 1697 1742 prioribus
1724 1655 1804 1724 etc.

294 1783 342 1851 ut
368 1798 504 1869 supra
529 1797 685 1868 usque:
714 1773 902 1867 prelatis
928 1795 1006 1866 per
1032 1773 1361 1862 Lombardiam,
1388 1772 1638 1846 marchiam
1666 1771 1946 1844 Tarvisinam

779 1899 825 1968 et
850 1893 1164 1968 Romaniolam
1190 1893 1463 1967 constitutis,

398 2046 481 2112 Cum
513 2044 669 2110 ibelinus
704 2042 745 2108 de
781 2042 930 2108 Romano
966 2043 1079 2108 multia
1113 2065 1156 2108 ex
1191 2043 1299 2107 causis
1337 2053 1370 2108 et
1407 2042 1631 2130 probabilibus
1667 2043 1869 2128 argumentis
1904 2040 1946 2106 de

294 2153 439 2217 heretica
462 2151 624 2237 pravitate
649 2153 822 2235 suspectus
844 2148 959 2212 merito
980 2146 1149 2228 habeatur,
1179 2148 1220 2211 ad
1244 2148 1487 2232 inquisitionem
1512 2151 1626 2212 cantra
1647 2147 1753 2231 ipsum
1776 2166 1836 2231 per
1858 2146 1947 2209 viros

271 2301 273 2309 ι
293 2256 465 2340 religiosos
481 2253 634 2317 duximus
652 2250 912 2338 procedendum
929 2251 1047 2336 quibus
1065 2272 1163 2337 anper
1179 2251 1239 2316 bac
1255 2251 1493 2337 inquirentibus
1509 2250 1685 2336 diligenter
1701 2256 1735 2314 ct
1750 2248 1947 2314 invenienti-

295 2358 356 2422 bus
379 2358 466 2422 circa
488 2356 521 2420 id
544 2355 665 2421 debere
681 2356 788 2442 ipsum
804 2353 903 2440 digne
920 2356 1064 2440 reputari
1081 2362 1280 2441 suspectum,
1297 2355 1430 2421 tandem
1451 2356 1582 2420 nuntios
1599 2355 1642 2420 ad
1662 2354 1775 2420 sedem
1790 2353 1946 2440 apostoli-

295 2483 368 2526 cam
388 2460 575 2539 destinavit,
591 2460 710 2545 quibua
726 2457 949 2524 venerabilem
965 2458 1099 2524 fratrem
1115 2465 1262 2523 nostrum
1283 2507 1290 2524 .
1308 2507 1315 2524 .
1342 2460 1559 2524 Sabincnsem
1574 2458 1782 2545 episcopum¹
1799 2456 1947 2521 dedimus

294 2565 489 2644 auditorem,
513 2584 622 2628 coram
646 2583 710 2648 quo
733 2563 796 2648 ipsi
820 2562 937 2627 offerre
961 2569 1126 2644 curarunt,
1151 2561 1238 2649 quod
1260 2563 1292 2627 in
1316 2564 1425 2627 anima
1445 2563 1548 2648 ipsius
1572 2562 1700 2628 Ezelini
1724 2567 1816 2626 erant
1838 2562 1946 2625 iurare

293 2669 411 2755 parati,
435 2667 574 2753 qualiter
597 2665 683 2732 idem
700 2664 854 2730 Eaclinua
878 2664 918 2729 de
941 2665 1013 2730 Deo
1038 2673 1070 2729 et
1094 2665 1156 2730 fide
1173 2666 1334 2731 catholica
1355 2666 1469 2746 credit,
1493 2666 1671 2732 secundnm
1695 2664 1781 2751 quod
1797 2663 1948 2729 Romana

294 2777 386 2837 tenet
408 2771 549 2835 ccclesia
571 2775 605 2834 ct
626 2768 724 2834 docet
747 2789 822 2834 esse
846 2768 1054 2836 credendum.
1101 2770 1167 2836 Sed
1190 2781 1232 2836 a·
1248 2770 1335 2836 dicto
1353 2773 1507 2858 episcopo
1524 2772 1577 2836 vel
1600 2795 1620 2837 a
1641 2770 1736 2835 nobis
1753 2769 1947 2857 purgatione

294 2874 480 2940 huiusmodi
503 2895 567 2938 non
591 2872 745 2954 admissa,
769 2894 841 2938 cum
867 2871 906 2937 de
929 2881 1020 2938 tanto
1045 2874 1178 2938 crimine
1201 2895 1267 2938 non
1291 2895 1351 2960 per
1372 2875 1503 2939 nuntios
1527 2874 1585 2940 sed
1607 2896 1666 2961 per
1687 2873 1850 2960 propriam
1871 2893 1947 2958 per-

296 3000 410 3044 sonam
434 2983 523 3042 esset
545 2975 723 3063 prestanda
745 2977 897 3062 purgatio
922 2997 1031 3040 coram
1053 2976 1164 3055 nobis,
1188 2977 1250 3041 sibi
1272 2978 1447 3042 terminum
1472 2977 1625 3043 duximus
1647 2976 1890 3064 prefigendum‚
1913 2981 1949 3039 ut

294 3103 398 3169 usquc
421 3080 462 3144 ad
483 3078 652 3144 Kalendae
668 3078 810 3164 Augusti
835 3079 984 3166 proximo
1008 3087 1085 3143 tunc
1106 3079 1232 3144 futuras
1255 3081 1435 3166 apostolico
1459 3104 1495 3146 sc
1518 3081 1707 3168 conspectui
1731 3085 1948 3168 praessisset,

294 3207 394 3273 super
416 3185 479 3249 biis
501 3183 645 3248 tacturus
668 3182 752 3268 quod
776 3182 854 3246 ordo
883 3189 1078 3268 exposceret
1105 3185 1258 3265 rationis,
1286 3184 1327 3248 de
1358 3187 1533 3250 securitate
1560 3207 1700 3272 persone
1730 3185 1763 3249 in
1786 3183 1948 3249 veniendo

294 3295 329 3355 et
356 3286 523 3354 redeundo
555 3287 617 3351 sibi
646 3286 756 3351 oblata
783 3287 931 3373 plenaria
961 3287 1145 3354 cautionc².
1189 3285 1234 3351 Et
1263 3288 1339 3372 quia
1365 3288 1447 3354 necl’
1470 3290 1503 3352 in
1532 3290 1670 3354 termino
1699 3308 1759 3352 nec
1785 3294 1860 3374 post
1882 3293 1948 3352 ter·

294 3393 416 3456 minum
444 3392 492 3456 sic
520 3391 632 3454 venire
660 3399 741 3454 nec⁰
763 3389 893 3454 mittere
924 3389 1127 3475 procuravit,
1156 3389 1212 3474 qui
1235 3390 1376 3476 plurium
1399 3398 1452 3457 est
1473 3391 1843 3456 excommunicationum
1867 3391 1949 3455 alias

295 3496 433 3560 vinculis
461 3494 620 3574 irretitus,
652 3499 686 3557 et
716 3492 802 3578 quod
832 3491 873 3557 de
908 3492 973 3556 fide
1007 3492 1168 3558 catholica
1200 3493 1286 3558 male
1319 3496 1456 3576 sentiat,
1485 3501 1575 3560 certa
1602 3496 1728 3560 ratione
1761 3499 1947 3580 suspectus,

296 3597 457 3664 eundemd
480 3596 697 3661 anathematis
721 3598 839 3682 laqueo
863 3595 895 3659 in
918 3594 972 3660 die
997 3602 1109 3660 sancto
1133 3595 1222 3660 lovis
1251 3598 1399 3681 proximo
1430 3599 1587 3684 preterito
1611 3597 1765 3662 duximus
1788 3595 1948 3662 innodan-

293 3703 391 3795 dum,=
406 3707 439 3766 et
461 3701 491 3764 ei
507 3700 733 3765 mandavimus
757 3721 795 3764 ac
818 3698 850 3763 id
875 3698 937 3764 sibi
957 3699 1106 3764 volumus
1129 3700 1272 3765 nuntiari
1281 3701 1303 3782 ³,
1327 3700 1413 3786 qnod
1436 3701 1500 3766 nisi
1522 3723 1626 3786 usque
1650 3701 1691 3766 ad
1714 3702 1836 3766 testum
1859 3700 1949 3764 beati

293 3804 475 3871 lobannis⁴
497 3804 647 3891 proximo
671 3810 844 3868 venturum
870 3804 1088 3888 comparuerit
1110 3825 1220 3869 coram
1245 3804 1356 3885 nobis,
1380 3827 1479 3891 super
1500 3807 1668 3891 premissis
1692 3805 1832 3870 ecclesie
1856 3826 1948 3868 man-

295 3909 380 3974 datis
404 3915 436 3972 et
459 3907 676 3994 beneplacitis
699 3907 880 3993 pariturus,
904 3928 947 3971 ex
970 3913 1047 3970 tunc
1071 3913 1184 3971 contra
1206 3927 1280 3971 cum
1304 3909 1435 3992 gravius
1458 3908 1673 3994 procedemus
1702 3908 1794 3972 iuxta
1816 3906 1948 3971 canoni-

295 4034 350 4077 cas
381 4019 415 4078 et
444 4011 609 4096 legitimas
638 4011 837 4075 sanctiones.
882 4007 1041 4082 Quocirca
1062 4011 1267 4075 universitati
1289 4020 1399 4076 vestre
1423 4035 1483 4099 per
1505 4015 1686 4099 apostolica
1709 4014 1831 4099 scripta
1856 4033 1948 4076 man-

294 4116 420 4198 damus,
443 4116 595 4200 quatinus
619 4112 768 4200 predicta
789 4115 899 4178 omnia
921 4121 955 4179 ct
977 4115 1106 4200 singula
1128 4115 1304 4200 publicetis
1327 4121 1361 4180 ct
1383 4116 1545 4202 publicari
1577 4116 1705 4181 iacietis
1728 4136 1787 4202 per
1808 4115 1893 4195 loca,
1916 4115 1949 4177 in

296 4219 414 4305 quibus
437 4217 586 4283 videritis
609 4217 766 4303 expedire
777 4221 799 4284 ⁵.

398 4339 476 4406 Dat.
498 4345 536 4403 ut
558 4359 668 4426 supra.

397 4458 618 4525 1n⁸enndem
641 4457 774 4522 modum
798 4457 983 4544 patriarche
1007 4457 1247 4545 Aquilegenai‘.

712 4617 920 4624 m-——m
934 4618 944 4622 .-
951 4618 1118 4624 ---

402 4716 427 4784 ⁸)
446 4719 496 4770 Sed
512 4734 570 4770 cum
589 4735 605 4769 s
622 4717 669 4782 Ji.,·
687 4719 715 4770 iu
734 4718 812 4769 munti
829 4735 867 4785 ep.
887 4724 1001 4784 α.1269,
1024 4720 1077 4772 Iul.
1090 4723 1120 4770 3.·
1142 4722 1191 4772 Sed
1209 4722 1330 4787 qnoniam
1435 4721 1553 4786 purgatio
1572 4756 1640 4772 ....
1658 4721 1771 4773 admissa
1787 4739 1840 4772 non
1858 4725 1950 4776 extitit.

293 4799 319 4868 b)
338 4803 376 4852 ita
393 4820 432 4869 ep.
450 4804 509 4868 eit‚·
526 4805 649 4870 quoniam
667 4803 701 4856 B.
806 4803 830 4870 ⁰)
849 4805 890 4856 vel
909 4823 947 4872 cp.
967 4808 1007 4857 cit.
1111 4804 1138 4872 d)
1156 4808 1245 4858 8οάοω
1262 4806 1309 4870 R.,·
1327 4807 1411 4872 ipsum
1430 4823 1468 4871 ap.
1487 4806 1527 4857 cit.
1638 4806 1660 4871 θ)
1679 4809 1709 4858 ln
1728 4836 1761 4845 —-
1781 4810 1949 4876 Aquilagsnsi

294 4889 467 4955 supplevimus
482 4907 514 4941 aa
531 4888 563 4941 B.
674 4887 694 4956 f)
712 4889 836 4942 Fortasse
854 4891 913 4942 leuia
929 4893 980 4943 soii
997 4893 1106 4958 aptistata
1123 4893 1221 4944 directo
1238 4911 1292 4945 nass
1309 4902 1359 4958 est,
1379 4893 1425 4944 ssd
1448 4909 1542 4944 nomas
1562 4894 1616 4944 circs
1637 4894 1663 4944 in
1686 4894 1863 4960 inscriptione,
1885 4913 1951 4962 qssac

294 4992 377 5042 aspra
394 4975 458 5026 dota
476 4984 520 5041 est,
536 4977 600 5043 poni
618 4977 731 5040 ancos,
747 4977 784 5026 ita
801 4985 830 5027 ut
846 4979 997 5044 perdurabis
1017 4975 1066 5044 [oct
1078 5017 1101 5031 ..
1115 4980 1282 5047 Aquilegensi
1300 4987 1326 5031 at
1343 5018 1369 5031 ..
1387 4980 1512 5031 Gradansi
1530 4976 1691 5047 patriarchis]
1710 4989 1737 5032 at
1752 4982 1950 5050 archiepiscopis

295 5069 323 5113 et
340 5063 466 5130 episcopis
483 5071 528 5114 esc.
545 5063 668 5128 suhitam
684 5062 778 5128 framis
799 5064 834 5129 cs.
853 5062 886 5115 N.
906 5063 939 5116 A.
958 5073 975 5115 t.
993 5063 1028 5130 X,
1040 5083 1069 5131 p.
1081 5071 1131 5118 544
1149 5075 1173 5117 ct
1188 5071 1236 5118 645
1254 5067 1285 5118 dc
1302 5083 1342 5133 cp.
1360 5085 1387 5117 u.
1401 5069 1459 5132 294,
1476 5070 1531 5130 299,
1547 5070 1605 5130 818,
1621 5071 1684 5118 319..

217 5213 244 5252 so
294 5193 529 5336 §widdsiprmpuaahac
555 5194 631 5265 apud
653 5195 736 5250 udan
763 5197 932 5264 oposwticum
956 5205 1126 5269 muranum,
1153 5200 1214 5254 oica
1240 5217 1299 5255 occa
1326 5201 1616 5270 ipupatutmatrcs.
1642 5207 1660 5256 t.
1684 5202 1951 5273 1,u.3oo,assor

446 5299 473 5351 p.
493 5290 547 5338 rsa.

400 5387 425 5454 1)
446 5383 627 5442 Guiltoisnum.
732 5387 761 5457 2)
779 5387 839 5442 Hoc
856 5405 931 5442 amsa
945 5390 1091 5458 praelum
1105 5390 1208 5456 famum
1225 5405 1279 5444 aare
1294 5407 1351 5444 nou
1369 5390 1483 5454 mdaurs
1509 5407 1575 5444 nam
1596 5391 1731 5460 opimopsss
1749 5392 1904 5446 Sabinianis
1920 5393 1952 5446 iu

291 5471 438 5541 prioilepiis
459 5473 603 5542 papalibus
625 5473 659 5526 ab
682 5492 708 5528 a.
727 5481 806 5543 1249,
825 5473 894 5529 Neo.
914 5485 929 5530 9
951 5493 1036 5544 usqua
1053 5476 1090 5530 ud
1106 5495 1131 5530 a.
1150 5483 1225 5546 1249,
1249 5477 1328 5530 Febr.
1346 5483 1380 5531 20
1397 5477 1466 5530 sate
1483 5493 1540 5530 mors
1561 5479 1710 5542 inventum
1734 5479 1830 5547 Hesper
1845 5485 1911 5534 2189
1928 5484 1951 5532 ct

297 5557 434 5626 Pennas,
458 5559 521 5628 na.
537 5579 566 5629 p.
585 5568 657 5616 1284.
766 5563 796 5628 3)
818 5561 856 5627 Os.
876 5579 905 5630 p.
924 5568 987 5631 380,
1014 5569 1067 5618 mot.
1086 5571 1110 5618 2.
1217 5565 1247 5632 4)
1271 5565 1335 5618 Iun
1354 5569 1392 5617 24.
1503 5565 1531 5632 b)
1551 5563 1684 5633 Ερὶείοῖα,
1714 5582 1795 5633 msam
1820 5565 1951 5635 Pottlsust,

217 5663 243 5701 ss
297 5644 360 5713 Ra.
380 5653 460 5702 12899
484 5646 515 5701 do
533 5647 644 5701 Ecolisna
657 5647 772 5716 meabat,
790 5647 880 5701 rodun
897 5655 932 5703 eat
950 5655 1028 5720 atquc
1045 5668 1073 5705 n.
1092 5657 1175 5706 16331.
