4784 6332
865 448 1065 504 nrlsronan
1082 447 1271 504 annuerat.
1310 447 1385 503 1245.
1892 452 1953 516 169

374 721 412 739 ..
442 665 654 757 episcopo
682 662 880 737 Ostiensi
909 668 952 737 et
979 663 1014 736 S.
1041 663 1161 736 tituli
1189 664 1354 738 Sancte
1381 663 1518 736 Marie
1545 663 1875 738 Transtiberim

451 783 732 877 presbytero¹
760 789 801 857 et
829 784 873 856 R.
900 784 1054 858 Sancti
1080 783 1238 876 Angeli
1265 784 1455 858 diacono
1482 783 1799 858 cardinalibus,

405 934 527 998 Dilecti
562 933 620 996 tilii
655 932 805 997 consules
838 938 871 996 st
905 953 1076 996 commune
1107 931 1388 998 Ferentinatium⁸
1421 933 1515 999 nobis
1550 954 1716 1020 exponere
1747 940 1952 1013 curaverunt,

296 1038 382 1125 quod
413 1059 486 1102 cum
510 1037 603 1103 vobis
632 1036 754 1101 nostris
778 1034 965 1100 dederimus
990 1035 1106 1099 litteris
1130 1035 1164 1099 in
1187 1035 1363 1116 mandatis,
1398 1042 1434 1100 ut
1456 1035 1682 1118 fideiussores,
1713 1059 1791 1122 quos
1814 1037 1954 1103 Aletrini

228 1157 240 1192 ⁵
297 1140 564 1207 Ferentinatibus
591 1139 672 1225 ipsis
701 1161 760 1225 pro
793 1137 954 1204 servanda
981 1159 1064 1224 pace
1093 1138 1180 1202 inter
1207 1159 1265 1203 eos
1295 1139 1378 1204 inita
1408 1139 1582 1220 dederant,
1618 1139 1659 1204 ad
1690 1141 1953 1206 observationem

296 1247 401 1333 ipsius
429 1244 626 1330 compellere
657 1243 832 1323 curaretis,
862 1261 919 1306 vos
947 1240 980 1305 id
1006 1241 1139 1306 efficere
1168 1240 1326 1306 hactenus
1356 1242 1519 1307 omisistis.
1565 1243 1727 1318 Quocirca
1750 1243 1953 1323 mandamns,

297 1349 464 1434 quatinus,
494 1347 521 1412 si
545 1353 593 1412 est
615 1347 676 1427 ita,
705 1345 895 1410 mandatum
923 1365 1022 1431 super
1044 1345 1107 1409 hoc
1130 1346 1344 1431 apostolicum
1368 1347 1486 1433 exequi
1509 1346 1668 1413 studeatis
1691 1349 1784 1413 iuxta
1806 1350 1952 1435 priorum

298 1451 530 1518 continentiam
554 1449 768 1517 litterarum².

405 1573 481 1640 Dat.
505 1572 669 1659 Lugduni,
692 1571 757 1637 XV
780 1570 856 1637 Kal.
880 1571 966 1657 Aug.
990 1592 1075 1636 anno
1100 1578 1227 1657 quarto.

920 1816 1331 1824 ———-—-

1085 2042 1171 2116 aas.

216 2177 243 2214 ¹⁰
403 2144 619 2236 Inrmccrrtias
634 2165 690 2232 IV
703 2187 794 2250 ncrpa
820 2167 1006 2251 Gl'reporio]
1028 2166 1065 2230 dc
1088 2165 1290 2248 Moutelonpo
1312 2166 1500 2232 subdiacono
1526 2171 1554 2230 ct
1582 2168 1707 2231 notario
1735 2188 1803 2243 suo,
1833 2171 1955 2250 aposto-

297 2275 376 2339 licnc
397 2272 479 2337 sadis
503 2272 615 2354 leuato,
643 2270 788 2348 maridat,
820 2275 855 2333 ut
877 2290 973 2354 super
989 2271 1140 2353 petitione
1162 2270 1323 2354 [Altcrtr']
1349 2271 1484 2354 episcopi
1506 2270 1704 2348 Placentini,
1733 2269 1955 2355 frequentibus

296 2377 467 2460 lapatorurn
489 2380 518 2440 ct
540 2377 725 2439 nuntiorum
747 2375 830 2440 sedis
848 2375 1034 2458 apostolicae
1052 2374 1331 2454 procurationibus
1351 2374 1491 2456 pracati,
1518 2374 1696 2457 provideat,
1721 2375 1820 2456 prout
1841 2373 1956 2437 uiderit

293 2479 534 2566 prouidendum.
1615 2479 1708 2556 1246,
1731 2476 1795 2542 Iul.
1815 2479 1866 2541 19.

402 2599 467 2653 Ian
480 2599 528 2653 IV
543 2598 717 2668 Re9.Vol.1,
737 2605 799 2664 310,·
817 2597 875 2654 Lo.
888 2598 942 2666 IV,
956 2603 996 2653 18.
1030 2598 1179 2668 molan
1196 2613 1229 2652 en
1250 2598 1364 2666 Raustis
1381 2597 1515 2666 danunt
1530 2597 1559 2652 V.
1574 2597 1615 2652 Ol.
1630 2597 1663 2652 A
1679 2597 1758 2651 Mau.
1827 2613 1828 2618 ¹

217 2703 244 2742 ro
402 2687 500 2754 Bauer
511 2691 582 2764 2013.
1308 2680 1313 2688 “

477 2865 520 2940 G.
549 2867 602 2940 de
629 2866 923 2956 Montslongo
958 2866 1253 2942 subdiacono
1288 2871 1331 2939 et
1362 2865 1552 2939 notario
1585 2870 1773 2950 nostro,

811 2987 1081 3079 apostolice
1114 2988 1240 3061 sedis
1273 2987 1444 3078 legato.

407 3135 616 3201 Venerabilis
646 3137 750 3202 frater
780 3142 891 3200 noster
914 3186 922 3201 .
946 3185 953 3200 .
977 3136 1151 3221 episcopus
1180 3134 1392 3198 Placentinus
1423 3133 1520 3198 nobis
1551 3134 1718 3199 humiliter
1748 3136 1954 3220 supplicavit,

298 3248 335 3305 ut
357 3261 431 3305 cum
446 3239 636 3325 frequenter
650 3241 762 3327 plures
777 3232 879 3325 legati
896 3247 930 3303 et
946 3240 1050 3303 nuntii
1066 3237 1248 3324 apostolice
1265 3236 1361 3318 sedis,
1386 3236 1505 3322 quibus
1520 3238 1765 3322 procurationes
1781 3237 1954 3315 debentur,

219 3372 246 3411 ro
299 3365 360 3430 per
387 3343 554 3408 civitatem
582 3348 753 3407 transeant
775 3343 1017 3422 Placentinum,
1048 3348 1182 3428 propter
1211 3339 1297 3426 quod
1326 3340 1389 3404 sibi
1420 3361 1484 3404 non
1515 3341 1588 3404 leve
1620 3361 1702 3404 onus
1734 3361 1954 3425 expensarum

298 3447 489 3528 incumbit³,
519 3446 605 3532 quod
636 3446 775 3511 divisum
799 3446 832 3510 in
855 3446 1003 3532 pluribus
1027 3451 1138 3530 potest
1161 3444 1289 3509 facilius
1314 3445 1516 3529 supportari,
1549 3444 1600 3508 vel
1624 3444 1655 3508 ei
1678 3444 1839 3508 contribui
1863 3444 1955 3507 iuxta

298 3551 384 3616 vires
409 3551 592 3637 superbiis
615 3550 656 3615 ab
681 3550 755 3614 aliis
779 3551 914 3636 prelatis
938 3549 1151 3614 ecclesiarum
1175 3556 1208 3614 et
1224 3548 1352 3613 clericis
1370 3549 1512 3613 civitatis
1529 3547 1689 3627 eiusdem,
1713 3549 1766 3612 vel
1782 3547 1953 3634 adimpleri

299 3655 484 3720 huiusmodi
507 3655 723 3720 ministerium
749 3655 893 3718 caritatis
917 3658 992 3740 post
1015 3654 1120 3739 ipsum
1145 3654 1185 3718 ab
1210 3674 1322 3717 eorum
1346 3652 1483 3737 siugulis
1507 3653 1539 3717 in
1564 3651 1676 3718 ordine
1692 3653 1771 3716 vicis
1787 3673 1846 3716 sne
1862 3653 1955 3716 iuxta

299 3760 473 3825 facultates
503 3761 652 3847 proprias
681 3758 923 3823 mandaremus.
969 3755 1177 3834 Mandemus,
1210 3757 1362 3840 quatinus
1394 3777 1494 3841 super
1525 3757 1587 3820 hoc
1619 3756 1812 3822 auctoritate
1843 3762 1954 3820 nostra

221 3893 233 3933 ρ
301 3862 484 3949 provideas,
508 3870 605 3950 prout
627 3862 808 3928 secundum
832 3861 939 3926 Deum
962 3860 1085 3926 videris
1108 3858 1359 3946 providendum
1384 3858 1639 3925 contradictores
1662 3859 1743 3925 etc*

408 3982 485 4048 Dat.
507 3983 671 4069 Lugduni,
691 3982 794 4047 XIIII
817 3963 892 4048 Kar}
914 3983 1003 4068 Aug.
1027 4003 1113 4047 anno
1137 3989 1263 4066 quarto.

1086 4453 1173 4527 aaa.

405 4552 622 4645 Innocentius
638 4577 695 4642 IV
711 4599 802 4662 papa
823 4577 963 4662 [Odoni]
985 4578 1124 4662 episcopo
1149 4576 1339 4654 Tusculana,
1367 4575 1553 4658 apostolicae
1574 4573 1657 4637 sedin
1679 4574 1790 4656 leuato,
1813 4574 1955 4650 rrnrrrdat,

300 4687 335 4747 ut
356 4681 513 4768 [Haurico
536 4681 595 4766 Π]
617 4681 689 4746 duci
711 4681 924 4759 Bratantiac,
956 4681 990 4746 iu
1018 4681 1148 4744 Terram
1170 4680 1321 4745 Sanctam
1338 4677 1498 4759 proficisci
1521 4675 1672 4759 cupienti,
1705 4676 1742 4739 dc
1769 4676 1955 4758 quarundam

300 4785 450 4851 subsidiis
466 4785 642 4866 manunt.
969 4815 971 4818 ·
1618 4781 1712 4857 1246,
1734 4778 1797 4844 Iul.
1816 4781 1866 4846 19.

406 4904 471 4958 Iun
486 4904 536 4959 IV
549 4903 611 4972 Ray.
628 4903 723 4970 vaur,
740 4910 801 4972 311,·
819 4903 878 4958 Lu.
893 4903 945 4971 IV,
963 4910 1001 4957 21.

405 4991 506 5060 Rapa
523 4997 594 5044 sors.

404 5203 429 5268 ⁸)
448 5204 597 5256 rorandum
609 5202 640 5253 B.

405 5321 430 5387 1)
450 5319 512 5389 Hic,
530 5336 615 5374 merrae
632 5322 700 5389 Apr.
714 5337 767 5389 pro
779 5317 959 5376 snnmwndis
972 5317 1071 5372 suus
1082 5315 1267 5370 rclrcllantrbuc
1279 5297 1379 5385 ῑῳὲιιιιι
1388 5315 1549 5384 apocwlicus
1559 5314 1649 5381 facitu
1661 5314 1709 5384 [cf.
1723 5331 1750 5367 n.
1765 5322 1779 5368 1
1783 5321 1812 5368 to
1824 5320 1848 5368 et
1859 5331 1928 5382 sequ
1927 5315 1954 5385 J,

301 5413 331 5460 ut
350 5423 382 5460 ca
404 5407 452 5460 boc
469 5406 525 5460 laco
543 5412 567 5460 et
585 5406 681 5475 Bauer
699 5413 767 5463 2089
789 5411 914 5475 apparet,
937 5403 1075 5472 layatiouis
1095 5418 1205 5457 manaa
1223 5418 1280 5456 non
1298 5402 1414 5469 anrplius
1429 5401 1599 5469 firmantia,
1624 5415 1786 5469 numnquam
1806 5399 1956 5454 seddimrern

300 5491 375 5546 illam
395 5508 565 5560 mmpressm
582 5509 634 5548 csse
653 5492 899 5564 [Battara-Ficta,
924 5491 940 5545 t.
957 5507 979 5546 c.
996 5491 1072 5559 3565}
1092 5507 1169 5558 papa
1185 5489 1252 5544 scire
1269 5488 1390 5542 rwrcdum
1402 5487 1498 5558 patuit.
1541 5487 1696 5556 Raynairu
1715 5487 1831 5542 macne
1848 5487 1956 5540 Marias

300 5580 331 5632 ia
350 5577 485 5632 Cosmidnr
504 5577 633 5634 anania
650 5580 812 5648 cardinalia,
831 5585 896 5632 tanc
913 5579 1000 5632 socisrs
1017 5577 1082 5643 cias,
1101 5576 1203 5645 lepatru
1220 5575 1309 5628 adbuc
1326 5581 1383 5628 crat
1401 5575 1515 5643 [Berua
1535 5573 1624 5643 aoseJ.
1702 5573 1729 5642 2)
1749 5571 1792 5627 Dc
1809 5573 1859 5626 huc
1874 5589 1904 5626 rc
1921 5572 1954 5638 cs.

300 5664 378 5719 ctiam
396 5665 495 5734 Baracr
507 5671 581 5733 2046,
596 5671 671 5728 2047,
684 5673 757 5734 2062,
769 5673 844 5720 2044.
914 5664 941 5730 3)
956 5663 995 5730 Of.
1010 5663 1239 5730 Bdtmcr-Firlcar,
1258 5663 1274 5714 l.
1287 5679 1307 5715 c.
1324 5679 1351 5729 p.
1366 5660 1497 5714 XXXII
1511 5659 1542 5712 in
1557 5659 1618 5726 tina
1688 5659 1716 5726 4)
1736 5657 1815 5713 Aliae
1831 5659 1956 5728 manua

300 5753 331 5804 in
348 5751 466 5818 sauorcrn
483 5751 597 5806 cium
614 5751 726 5820 mucopi
743 5752 857 5820 carptae
874 5767 918 5820 op.
938 5752 1034 5820 Berua
1045 5757 1118 5817 2029,
1140 5757 1215 5819 2534,
1235 5755 1308 5816 2535,
1328 5753 1399 5814 2533,
1420 5751 1497 5801 2539.

404 5845 468 5902 Itan
480 5847 563 5902 Pom.
576 5845 611 5901 11.
1711 5839 1746 5895 ‘22
