4328 6232
830 364 1032 425 errsromn
1050 365 1242 426 annocum.
1266 348 1356 428 raa.
1863 375 1925 440 107

271 542 403 611 illustris
426 542 516 630 regis
538 541 676 609 Boemie
699 549 734 608 et
755 563 894 627 regnum
917 545 988 609 eius
1010 544 1043 609 in
1066 545 1253 610 honoreac
1277 545 1529 612 fructificatione
1553 547 1639 613 bone
1663 528 1866 635 operationis
1890 554 1924 613 et

269 651 351 716 lame
380 656 478 734 grata
506 646 688 735 suscipient
715 648 950 715 inerementa⁸.
995 648 1091 715 Unde
1122 649 1246 715 dictum
1278 671 1392 735 regem
1414 657 1539 717 attente
1563 653 1745 737 rogandum
1768 652 1923 718 duximus

268 759 301 820 et
327 750 545 831 monendum,
579 755 617 814 ut
639 749 781 815 eundem
804 749 860 830 B.,
887 750 1029 816 electum
1059 753 1199 817 ecclesie
1226 752 1425 838 supradicte,
1457 775 1496 819 ao
1528 756 1598 820 eius
1629 764 1860 843 procuratores
1890 763 1924 821 ct

268 856 399 923 nuntios
421 876 483 921 nec
506 874 571 919 non
595 859 629 918 et
650 854 836 935 canonicos,
860 855 915 939 qui
939 877 998 940 pro
1021 855 1160 921 ecclesie
1184 856 1330 942 predicte
1352 859 1538 943 provisione
1562 859 1604 923 ad
1627 860 1740 924 sedem
1763 861 1922 946 apostoli·

268 983 338 1027 cam
353 963 578 1038 accesserunt,
593 955 757 1042 benigneb
769 957 931 1044 recipiens
947 966 980 1023 et
995 958 1133 1023 honeste
1150 966 1365 1045 pertractans,
1380 962 1471 1047 ipsos
1488 968 1522 1026 et
1536 963 1601 1026 iam
1615 963 1737 1028 dietam
1750 964 1925 1029 ecelesiam

266 1066 378 1131 lavore
407 1063 499 1148 ragio
526 1059 769 1148 prosequendo,
800 1059 920 1125 habeat
949 1063 1145 1147 propensius
1168 1063 1431 1144 commendatos,
1461 1085 1500 1128 aa
1532 1065 1604 1130 iura
1633 1071 1668 1130 et
1690 1067 1922 1151 possessiones

267 1168 370 1255 ipsius
395 1165 537 1233 ecclesie
559 1170 771 1229 manuteneat
794 1169 828 1229 et
844 1163 1009 1247 defendat,
1033 1166 1263 1232 molestatores
1278 1188 1402 1249 eorum,
1427 1169 1456 1233 si
1472 1189 1610 1234 necesse
1626 1170 1736 1250 fuerit,
1758 1177 1923 1256 potestate

266 1272 328 1337 sibi
343 1293 364 1336 a
379 1270 524 1336 Domino
543 1266 668 1332 tradita
690 1266 942 1352 compescendo,
966 1268 1012 1333 ita
1035 1270 1120 1355 quod
1143 1292 1186 1335 ex
1209 1271 1273 1336 hoo
1297 1272 1483 1337 seculorum
1507 1272 1645 1338 domino
1662 1274 1795 1360 placeat
1816 1280 1850 1340 et
1865 1295 1926 1340 uos

267 1374 465 1441 sinceritatis
494 1381 573 1437 sue⁰
601 1358 710 1436 zelum
741 1371 904 1457 possimus
934 1371 1041 1456 dignis
1071 1373 1104 1436 in
1128 1373 1271 1439 Domino
1304 1374 1457 1440 laudibus
1488 1375 1729 1444 commendare.
1780 1376 1925 1463 Ideoque

269 1478 475 1557 mandamus,
515 1475 668 1561 quatinus
701 1472 788 1558 quod
816 1495 836 1539 a
865 1474 961 1539 nobis
994 1475 1034 1540 de
1068 1477 1195 1561 prefato
1231 1477 1401 1564 capellano
1434 1481 1602 1566 provisum
1638 1489 1689 1546 est
1721 1502 1927 1568 prosequens

268 1582 452 1668 diligenter,
481 1577 621 1643 eundem
652 1599 764 1663 regem
787 1577 829 1642 ad
853 1600 907 1662 ea,
938 1599 1001 1663 que
1024 1581 1131 1664 ipsum
1153 1602 1212 1667 pro
1235 1581 1323 1646 dicto
1346 1583 1453 1648 electo
1476 1584 1593 1648 litteris
1616 1586 1739 1650 nostris
1762 1607 1926 1672 rogamus,

268 1696 332 1751 tam
360 1706 421 1773 per
448 1681 503 1749 ted
531 1702 630 1768 quam
658 1703 719 1768 per
749 1682 889 1747 dilectos
921 1683 1006 1748 filios
1037 1685 1165 1750 nobiles
1195 1687 1285 1751 viros
1308 1737 1317 1753 .
1337 1736 1345 1753 .
1369 1688 1633 1773 lanthegravium
1657 1689 1854 1774 Thuringie,
1883 1737 1921 1752 ..

268 1790 385 1854 ducem
400 1781 553 1867 Bavarie,
577 1833 610 1851 ..
634 1784 837 1851 Misnensem
860 1792 895 1852 et
918 1786 1284 1873 ..Brandburgenses0
1307 1791 1514 1855 marchiones
1537 1812 1576 1855 ao
1600 1792 1682 1855 alios
1705 1793 1924 1876 prenominati

269 1894 355 1980 regis
386 1893 508 1957 amicos
537 1889 717 1955 secundum
748 1889 859 1955 datam
890 1891 950 1954 tibi
975 1912 995 1956 a
1016 1892 1089 1957 Deo
1119 1893 1326 1979 prudentiam
1355 1915 1490 1958 moneas
1522 1895 1700 1959 efficaciter
1723 1900 1756 1959 et
1778 1893 1925 1976 inducas,

268 1998 314 2061 ita
345 1995 433 2081 quod
464 1993 638 2080 diligentie
668 1999 724 2057 tuo
758 1993 900 2059 studium
933 2003 1093 2081 appareat
1123 2018 1182 2081 per
1205 1998 1374 2078 effectum,
1407 2003 1441 2062 et
1471 2019 1531 2063 nos
1555 1998 1811 2063 sollicitudinem
1834 2004 1925 2063 tuam

269 2100 386 2166 merito
408 2096 708 2164 commendemus¹.

373 2211 453 2277 Dat.
475 2209 638 2295 Lugduni,
661 2207 748 2273 XII‘
767 2207 843 2273 Kal.
867 2207 1031 2289 Octobris,
1054 2231 1139 2275 anno
1161 2211 1226 2276 III.

375 2332 415 2398 In
449 2332 589 2398 eundem
622 2330 754 2395 modum
788 2331 953 2396 nobilibus
987 2332 1066 2396 viris
1090 2331 1296 2397 Wladizlao²
1325 2339 1359 2397 et
1387 2333 1543 2415 Premizl,
1579 2336 1664 2400 natis
1700 2336 1861 2401 carissimi
1891 2336 1925 2400 in

268 2437 399 2502 Obristo
426 2433 608 2501 filiinostri
633 2435 831 2498 ..illustris
863 2435 949 2519 regis
973 2435 1126 2514 Boomie,
1156 2456 1274 2520 usque:
1311 2437 1463 2502 laudibus
1492 2440 1733 2505 commendare.
1778 2440 1926 2523 Ideoque

200 2591 208 2604 .
267 2541 472 2607 nobilitatem
486 2544 629 2604 vestram
645 2536 841 2602 monendam
857 2537 1011 2602 duximus
1028 2538 1187 2603 attentius
1203 2545 1237 2603 et
1253 2540 1457 2623 hortandam,
1481 2544 1636 2628 quatinus
1653 2543 1795 2610 eundem
1812 2565 1925 2629 regem

267 2644 309 2710 ad
336 2643 370 2709 id
398 2641 560 2709 moneatis
588 2640 768 2708 efficaciter
795 2647 828 2706 et
856 2641 1010 2708 inducere
1041 2644 1240 2729 procuretis,
1270 2645 1317 2708 ita
1343 2645 1429 2729 quod
1457 2646 1628 2733 diligentie
1651 2655 1762 2714 vestre
1785 2648 1926 2713 studium

267 2757 329 2813 eto.
352 2768 473 2835 usqne:
497 2745 771 2812 commendemus.

375 2859 454 2927 Dat.
476 2858 641 2945 Lugduni,
664 2857 752 2921 XIII
774 2857 851 2923 Kal.
874 2857 1040 2936 Octobris,
1063 2879 1149 2924 anno
1175 2859 1236 2924 III.

377 2982 417 3047 In
439 2981 580 3048 eundem
602 2980 732 3045 modum
750 2979 903 3067 Philippo
926 2983 1098 3068 capellano
1115 2987 1238 3063 nostro,
1262 2989 1340 3046 nato
1356 2982 1475 3048 nobilis
1491 2984 1550 3048 viri
1568 3034 1598 3049 ..
1615 2984 1708 3050 ducis
1725 2983 1925 3061 Oarinthie³,

200 3107 222 3145 a
268 3088 382 3174 nepoti
406 3086 563 3151 carissimi
585 3084 619 3149 in
643 3083 774 3148 Ohristo
797 3083 855 3147 filii
878 3086 982 3149 nostri
1007 3134 1041 3152 ..
1064 3086 1200 3150 illustris
1224 3087 1312 3170 regis
1336 3086 1505 3152 Boemie4.

377 3197 456 3264 Dat.
478 3196 640 3282 Lugduni,
664 3193 751 3258 XIII
773 3193 848 3259 Kal.
871 3194 1036 3277 Octobris,
1059 3217 1145 3261 anno
1170 3196 1254 3264 111⁵.

1059 3598 1143 3674 141.

373 3692 593 3787 Innocentius
611 3718 636 3785 1
639 3718 669 3785 V
688 3741 778 3806 papa
799 3722 981 3804 praeponto
1002 3722 1231 3804 Arpcntincnsi
1259 3722 1409 3802 concedit,
1440 3725 1475 3786 at
1506 3741 1575 3785 eam
1601 3717 1752 3784 Bcrtotdo
1778 3716 1928 3783 canonico

273 3824 509 3909 Araonineasi,
531 3829 607 3889 nato
628 3825 749 3889 comitis
770 3825 808 3889 da
829 3825 976 3907 thperc,
998 3844 1093 3908 saper
1109 3827 1300 3907 pluralitate
1323 3826 1540 3908 beneficiorum
1561 3823 1745 3908 dispensare
1761 3821 1873 3903 possit.

1655 3927 1672 3965 Γ

211 4046 231 4084 n
373 4030 440 4085 lm.
453 4029 502 4084 IV
516 4026 578 4099 Rea.
594 4028 686 4098 Votl,
704 4037 767 4098 747;
785 4029 845 4085 Ino.
858 4030 916 4098 ΙΙΙ,
934 4035 991 4085 938.
1025 4031 1172 4101 Enenplar
1189 4051 1208 4086 a
1220 4033 1319 4101 Benaer
1335 4030 1434 4086 eddam
1451 4046 1511 4084 acm
1531 3926 1873 4098 Ιίῳέπῗύἑοηῗιῗξιῖιῖἐῇ
1891 4025 1928 4078 cis

271 4117 398 4187 Μ
416 4116 445 4172 V.
459 4115 501 4171 Gt
513 4117 549 4173 A.
560 4116 641 4172 naa.

487 4210 558 4259 acan.

373 4204 476 4274 nepa
623 4334 663 4354 ..
692 4280 940 4372 preposito
969 4281 1170 4355 ecclesie
1197 4277 1582 4373 Argentinensis.

377 4412 525 4498 Dignum
548 4418 607 4491 est,
631 4418 667 4476 ut
689 4413 796 4497 gratia
819 4412 907 4478 sedis
931 4414 1111 4498 apostolice
1134 4413 1268 4477 uberius
1294 4411 1493 4477 extendatur
1515 4410 1555 4475 ad
1580 4410 1663 4486 illos,
1687 4409 1741 4494 qni
1757 4409 1846 4473 illam
1863 4408 1926 4472 sibi

216 4546 233 4585 a
274 4518 403 4583 student
438 4517 579 4605 propriis
614 4518 739 4582 meritis
773 4517 959 4583 vendicare.
1010 4517 1092 4581 Oum
1125 4517 1225 4601 igitur
1255 4516 1395 4581 dilectus
1426 4515 1509 4579 tilius
1540 4511 1718 4577 Bertoldus
1750 4512 1926 4576 canonicus

272 4623 541 4708 hrgantinensia,
570 4626 665 4686 natos
693 4620 813 4684 nobilis
840 4621 901 4685 viri
926 4671 959 4687 ..
983 4620 1110 4684 comitis
1140 4620 1181 4685 de
1198 4619 1381 4705 Wilperot,
1410 4618 1504 4682 nobis
1534 4617 1702 4681 humiliter
1724 4616 1926 4701 supplicarit,

373 4813 399 4878 ι)
415 4813 546 4879 mepte
561 4828 593 4865 a
605 4811 663 4864 Lib.
677 4810 736 4875 III,
746 4814 804 4863 162.
883 4808 909 4878 b)
927 4813 1039 4880 benigno
1057 4840 1091 4849 -
1108 4813 1229 4864 laudibus
1246 4812 1424 4864 commendare
1441 4827 1473 4861 ea
1484 4809 1541 4860 Lib.
1555 4809 1615 4874 ΙΙΙ,
1626 4815 1682 4861 164.
1761 4805 1785 4873 ⁰)
1802 4808 1843 4858 oet
1857 4809 1927 4869 eius3

272 4909 312 4953 tue
322 4900 386 4954 ibid.
456 4896 553 4963 ⁶)Bo.,·
565 4915 592 4951 se
601 4898 633 4950 P.
703 4896 727 4962 θ)
739 4897 981 4965 Brsndbnrgensem
993 4899 1023 4950 P.
1028 4918 1038 4960 ,·
1051 4900 1328 4966 Brandenburgenaom
1337 4898 1400 4958 Bo.,·
1414 4898 1443 4948 in
1455 4896 1517 4962 Bey.
1530 4896 1718 4962 Brandbnrger‘r
1732 4894 1782 4960 tegi
1793 4894 1928 4945 creditura.

272 4983 291 5053 Ι)
307 4988 372 5039 xm
391 4984 450 5050 Bo,
466 4986 556 5054 salsa·
574 5000 636 5035 nans
653 4982 682 5034 in
700 4981 761 5049 1309.
779 4984 838 5035 Dat
856 4991 887 5036 ut
908 4987 935 5037 in
958 4987 1075 5053 proxima
1092 4995 1115 5038 ct
1133 5004 1176 5053 ap.
1188 4987 1238 5037 Bo.
1257 4994 1280 5038 ct
1297 4986 1325 5036 in
1343 4983 1459 5036 omnibus
1476 4983 1535 5035 aaa
1554 4982 1611 5034 Lib.
1627 4982 1685 5047 ΙΙΙ,
1697 4985 1742 5032 165
1759 4982 1811 5032 Xll
1829 4981 1929 5045 tegitur.

217 5121 236 5158 a
375 5104 403 5169 1)
421 5100 463 5168 Of.
479 5107 571 5155 tannen
591 5105 715 5167 (11746,
740 5100 808 5167 Apa.
826 5108 863 5156 18.
945 5103 972 5168 2)
992 5101 1149 5156 Marcbioni
1168 5101 1318 5154 Moractae.
1397 5102 1425 5170 3)
1445 5099 1601 5153 Bernlmrdi
1618 5099 1660 5155 ΙΙ.
1738 5100 1767 5165 4)
1787 5096 1929 5165 Philippus

271 5193 359 5255 poem
377 5187 419 5256 [a.
432 5188 612 5256 1746-1266]
630 5185 724 5240 aenas
743 5185 954 5255 salisburgensis
968 5188 1031 5253 suit.
1108 5189 1135 5257 5)
1154 5187 1234 5240 Atiae
1251 5187 1377 5255 optatam
1389 5202 1442 5254 pra
1465 5185 1553 5240 codem
1570 5186 1702 5240 anorw
1721 5183 1837 5251 8811119
1854 5187 1877 5235 et
1896 5190 1930 5235 20

272 5276 384 5345 sarim
398 5274 553 5343 opham
570 5279 731 5328 1677-1676
749 5279 775 5327 et
794 5279 876 5341 15285
899 5274 1030 5343 Pottbast,
1050 5276 1115 5344 Rea.
1135 5280 1325 5342 1189111887,
1346 5278 1643 5341 11899,11893,11896.
1724 5272 1752 5336 6)
1770 5269 1855 5323 llatae
1877 5284 1930 5322 csse

268 5367 397 5428 mamus
416 5359 593 5429 mamaea
609 5358 642 5414 dc
660 5359 786 5428 Wltbcry
803 5358 887 5428 [tnta
903 5361 1057 5414 comitatam
1074 5361 1232 5429 Hennaberq
1250 5365 1274 5414 ct
1294 5359 1407 5428 Magum
1423 5359 1475 5429 flJ,
1501 5358 1549 5427 qai
1566 5358 1686 5412 electioni
1703 5356 1820 5410 ilenriot
1838 5355 1929 5423 Roas

272 5448 336 5516 rapis
351 5447 488 5514 interfata
505 5445 737 5514 Bonae-maa,
757 5447 775 5500 t.
787 5461 808 5499 c
821 5452 897 5501 4897.
925 5446 1034 5501 ‘Coma’
1045 5448 1154 5517 quidem
1169 5464 1254 5516 neena
1265 5447 1302 5500 aa·
1313 5464 1396 5516 nequa
1414 5446 1463 5500 arab
1473 5463 1502 5500 n.
1516 5451 1592 5514 3897,
1604 5452 1679 5512 3974,
1691 5449 1760 5498 4362
1771 5443 1929 5511 appellatur,

217 5550 235 5588 a
274 5532 318 5587 aa
332 5533 477 5588 19164189
492 5532 545 5588 (ΙΙ.
562 5547 643 5587 conce
660 5531 694 5586 dc
711 5530 836 5600 winae
853 5531 1061 5602 aa‘aaoaotpan,
1085 5533 1288 5603 ctteaqroribua
1304 5533 1496 5602 posicionem
1515 5532 1637 5585 ‘comam’
1652 5530 1686 5584 dc
1705 5528 1746 5583 W.
1763 5529 1870 5596 naariae
1887 5529 1929 5581 in·

272 5620 402 5687 m5
418 5619 453 5686 cf.
467 5616 649 5687 Bagam.
667 5648 701 5658 —
721 5616 894 5687 oaspapa
912 5634 973 5672 nam
989 5618 1147 5674 Hermanno
1164 5619 1328 5674 subdiacono
1344 5607 1401 5687 aa,
1419 5622 1485 5671 nato
1503 5616 1620 5671 cinadan
1637 5615 1747 5682 matth,
1765 5614 1797 5667 tn
1816 5613 1930 5668 eandem

273 5704 379 5761 ΝΜ
396 5705 610 5775 dispansam
629 5704 728 5774 Barna
740 5711 808 5759 1698.
1671 5778 1724 5833 w
