4328 6232
757 349 806 406 EX
824 348 1041 406 INNOGEN'I'II
1059 348 1099 404 IV
1117 346 1297 404 attalanae

994 651 1055 724 69.

304 769 523 861 Innocentius
538 794 597 859 IV
608 815 699 879 papa
726 794 770 857 ad
790 812 899 877 preces
920 791 1106 878 Raytnmde‘
1124 791 1197 856 Vll
1215 791 1334 854 amois
1358 789 1507 856 Tolosani
1529 788 1715 854 anteatinus
1736 805 1855 851 ercom-

199 900 422 965 nsnnicationis
443 899 480 963 in
501 899 606 980 spanni
627 920 648 962 a
666 897 830 983 fratrtbns
850 897 1005 961 Ferraria
1026 899 1055 960 et
1080 896 1120 961 G.
1136 893 1331 979 Raymnndi,
1354 893 1595 976 inquisitoribus
1617 894 1725 956 contra
1748 888 1856 954 baere-

198 1004 274 1068 tiaos
294 1003 460 1084 depalatis,
479 1003 639 1083 prolatam
660 1005 789 1078 revocat,
812 1004 915 1065 naono
937 1000 1115 1065 litterarum
1132 998 1279 1085 fratrum
1300 999 1428 1062 illoram
1450 997 1582 1163 inspgtq
1612 1097 1689 1162 Mat
1714 1100 1757 1160 16

305 1224 368 1278 Ian
383 1225 433 1278 IV
447 1225 511 1292 Ray.
527 1223 584 1278 Vol.
598 1222 697 1290 I‚108,·
715 1223 775 1277 Lib.
790 1223 814 1289 I,
834 1231 888 1277 696.
919 1222 1110 1276 Antlrentienm
1127 1240 1146 1275 α
1162 1221 1259 1289 Tentat,
1278 1220 1402 1292 Lapettea
1419 1219 1457 1275 dn
1478 1219 1572 1277 Tresor
1588 1218 1633 1274 det
1651 1215 1763 1272 Otene
1781 1221 1799 1268 t.
1813 1215 1856 1283 ΙΙ,

197 1328 226 1379 p.
239 1317 297 1379 534,
316 1329 343 1364 a.
355 1318 422 1366 3184
440 1311 540 1365 editam
557 1326 616 1363 curn
636 1311 753 1379 Repertis
770 1311 882 1364 corttrslit
899 1310 928 1365 V.
943 1310 983 1364 Ol.
996 1311 1030 1363 A.
1044 1310 1123 1363 Man.

306 1397 436 1465 Potttaat,
455 1397 517 1465 aa.
533 1403 624 1464 11390,·
643 1398 742 1466 Berpcr
754 1405 809 1451 697.

473 1592 631 1667 Nobili
663 1595 762 1667 vieo
796 1593 1057 1668 Raimundo
1093 1593 1252 1668 comiti
1286 1587 1580 1666 Tolosano⁸¹.

309 1743 391 1808 Cum
420 1764 525 1829 nuper
554 1749 586 1806 to
615 1743 860 1809 reconciliatum
891 1743 1032 1809 ecclesie
1062 1745 1095 1807 in
1119 1743 1355 1830 plenitudinem
1379 1744 1485 1828 gratie
1508 1736 1800 1828 apostolicaesedis
1823 1741 1858 1801 et

202 1853 313 1912 nostra
343 1847 536 1913 duxerimus
570 1847 826 1928 adndttendum,
858 1848 1039 1913 nobilitatis
1063 1870 1102 1912 ac
1127 1847 1312 1912 devotionis
1335 1854 1391 1910 tue
1414 1846 1497 1910 votis
1519 1845 1660 1910 libenter
1682 1841 1857 1906 annuimus

202 1958 235 2016 et
257 1950 327 2031 tibi,
351 1973 449 2037 quern
472 1951 632 2015 honorare
656 1973 694 2016 aa
718 1951 873 2037 prosequi
898 1951 1107 2036 prerogativa
1129 1951 1252 2015 favoris
1275 1950 1498 2037 proponimus,
1522 1949 1556 2013 in
1579 1947 1653 2026 hiis,
1675 1967 1740 2032 que
1758 1943 1857 2028 digna

200 2053 361 2140 deposcis,
386 2076 443 2119 nos
466 2054 676 2136 favorabiles,
700 2061 859 2141 quantum
882 2076 956 2119 eum
971 2053 1044 2119 Deo
1061 2075 1248 2139 possumus,
1271 2052 1476 2119 exhibemus.
1512 2051 1552 2115 In
1568 2056 1680 2115 nostra
1695 2045 1859 2133 siquidem

201 2158 400 2242 proposuisti
433 2159 601 2244 presentia
631 2159 844 2237 constitutus,
875 2157 959 2242 quod
989 2179 1061 2221 cnm
1085 2156 1204 2222 fratres
1227 2156 1398 2221 Ferrarius
1422 2162 1456 2219 et
1479 2153 1518 2219 G.
1535 2151 1712 2218 Raimundi
1735 2149 1858 2215 ordinis

200 2259 464 2339 predicatorum,
496 2260 703 2346 inquisitores
732 2269 845 2324 contra
869 2260 1031 2325 hereticos
1055 2261 1251 2325 auctoritate
1274 2259 1457 2345 apostolica
1479 2258 1641 2344 deputati,
1672 2257 1857 2340 aliquorum

201 2362 338 2428 forsitan
363 2365 573 2448 suggestione
598 2363 750 2427 malivola
774 2365 998 2443 circumventi,
1032 2364 1109 2428 dum
1134 2371 1166 2428 te
1190 2365 1275 2427 circa
1298 2363 1457 2448 quosdam
1481 2361 1647 2426 hereticos
1670 2358 1857 2446 puniendos

203 2469 427 2551 negligentem
450 2475 644 2551 arguerent,
674 2467 851 2546 fautorem,
882 2467 1090 2532 defensorem
1113 2490 1151 2531 ae
1175 2473 1413 2554 receptatorem
1436 2466 1656 2530 hereticorum
1678 2471 1711 2528 te
1735 2462 1860 2526 iniusta

201 2570 472 2656 interpretatione
496 2570 650 2648 notarint,
674 2590 712 2634 ac
736 2578 870 2656 propter
892 2572 953 2635 hec
976 2573 1009 2636 in
1033 2579 1065 2636 te
1088 2579 1164 2658 post
1187 2570 1440 2658 appellationem
1457 2568 1498 2634 ad
1515 2567 1629 2633 sedem
1645 2566 1859 2653 apostolicam

202 2672 348 2756 legitime
378 2671 586 2737 interiectam
614 2673 960 2737 excommunicationis
992 2675 1191 2740 sententiam
1221 2674 1262 2738 de
1290 2675 1376 2737 lacto
1401 2672 1553 2737 duxerint
1576 2669 1859 2759 promulgandam,

205 2795 265 2838 nos
289 2774 427 2840 eandem
458 2775 669 2855 sententiam,
702 2775 779 2840 lieet
802 2796 874 2840 earn
899 2798 941 2841 ex
965 2777 1073 2841 causis
1095 2777 1250 2861 legitimis
1273 2776 1395 2840 nullam
1419 2797 1604 2853 assereres,
1632 2772 1774 2838 relaxari
1799 2793 1859 2859 per

202 2877 424 2942 venerabilem
446 2876 581 2942 fratrem
605 2885 749 2941 nostrum
774 2929 807 2944 ..
830 2877 1112 2966 archiepiscopum
1135 2879 1339 2944 Barensem²
1362 2880 1501 2944 fecimus
1523 2878 1564 2942 ad
1588 2878 1760 2942 cautelam.
1806 2874 1858 2939 Ne

203 3000 281 3044 vero
311 3001 354 3044 ex
383 2981 447 3045 hiis
477 2979 599 3066 aliquid
630 2981 691 3045 tibi
725 2980 939 3045 detractionis
967 2981 1009 3045 ah
1044 2983 1161 3047 emulis
1191 2982 1327 3067 impingi
1360 2984 1469 3047 valeat
1503 2983 1536 3046 in
1567 2981 1728 3060 futurum,
1764 2978 1860 3043 nobis

203 3082 371 3149 humiliter
395 3085 598 3171 supplicasti,
621 3089 658 3148 ut
680 3085 845 3171 predictas
870 3085 1173 3171 interpretationem
1198 3094 1232 3149 et
1254 3087 1461 3166 sententiam,
1484 3091 1646 3171 quatenus
1668 3102 1860 3170 processere

203 3184 244 3250 da
270 3187 373 3268 facto,
405 3196 540 3253 eatenus
570 3208 725 3253 revocare
757 3195 894 3274 paterna
926 3188 1146 3253 sollieitudine
1171 3210 1369 3254 curaremus.
1415 3189 1485 3253 Nos
1512 3189 1622 3273 igitur,
1651 3186 1767 3251 honori
1792 3190 1860 3264 tuo,

203 3291 300 3354 saluti
328 3298 428 3377 atque
456 3293 542 3357 farne
565 3294 739 3357 consulere
764 3292 952 3377 cupientes,
983 3314 1080 3378 quem
1103 3293 1203 3356 filium
1227 3300 1417 3379 reputamus
1440 3293 1638 3356 catholicum
1660 3297 1695 3355 et
1717 3288 1859 3368 fidelem,

202 3401 269 3458 tam
293 3394 475 3480 predictam
497 3397 802 3481 interpretationem
827 3417 924 3481 quam
948 3396 1159 3473 sententiam,
1191 3403 1224 3460 et
1247 3396 1401 3481 quicquid
1424 3404 1573 3460 secutum
1596 3401 1713 3459 estex
1736 3394 1794 3467 eis,
1817 3391 1858 3457 de

202 3496 339 3561 fratrum
368 3506 551 3563 nostrorum
582 3497 719 3562 consilio
747 3499 943 3563 auctoritate
973 3498 1176 3583 presentium
1199 3520 1402 3578 revocamus,
1433 3499 1650 3563 decernentes
1672 3495 1759 3583 qnod
1782 3517 1857 3561 sen-

203 3601 307 3665 tentia
336 3610 369 3665 et
396 3602 624 3688 interpretatio
654 3600 799 3688 predicte
830 3622 889 3687 pro
924 3602 1022 3665 nullis
1047 3602 1269 3687 inposterum
1297 3603 1492 3683 habeantur,
1522 3602 1638 3667 eadem
1661 3600 1858 3666 auctoritate

203 3724 334 3769 omnem
364 3705 545 3783 infamiam,
578 3707 606 3769 si
634 3726 697 3790 qua
725 3727 768 3770 ex
797 3707 965 3791 premissis
996 3713 1067 3770 orta
1090 3714 1157 3773 est.
1184 3708 1316 3792 penitus
1339 3707 1524 3781 abolentes,
1555 3708 1601 3770 ita
1624 3704 1710 3791 qnod
1733 3704 1859 3768 nullum

204 3808 264 3871 tibi
296 3814 353 3871 aut
383 3807 560 3873 heredibus
593 3810 657 3872 tuis
685 3809 790 3894 possit
818 3808 850 3871 in
881 3817 1049 3893 pasterum
1077 3809 1138 3872 hae
1171 3810 1344 3873 occasione
1373 3809 1588 3896 preiudicinm
1618 3808 1788 3893 generari,
1820 3826 1859 3870 ac

205 3910 433 3974 nichilominus
457 3919 656 3977 statuentes.
685 3920 723 3975 ut
746 3913 772 3974 si
795 3910 871 3995 quid
896 3919 1009 3976 canna
1031 3912 1092 3976 hoc
1116 3934 1134 3976 a
1159 3934 1321 3998 quoquam
1345 3920 1573 3999 attemptatum
1595 3912 1720 3990 fuerit,
1736 3909 1860 3975 nullius

204 4013 335 4098 penitus
360 4015 401 4076 sit
424 4015 593 4079 momenti.
637 4014 748 4078 Tener
771 4023 881 4078 autem
904 4014 1052 4100 predicte
1076 4016 1355 4102 interpretationis
1379 4039 1417 4081 ac
1440 4016 1603 4080 sententie
1626 4015 1700 4080 talis
1723 4018 1790 4078 est:

313 4116 352 4180 ln
376 4119 507 4182 nomine
531 4118 653 4182 domini
677 4120 778 4182 nostri
804 4117 881 4182 lesu
901 4118 1024 4183 Christi
1046 4120 1165 4185 Amen.
1202 4118 1252 4184 Sit
1274 4120 1399 4183 cunctis
1423 4117 1630 4205 presentibus
1650 4117 1862 4181 manifestum

205 4220 490 4306 indubitatumque
520 4220 669 4285 tuturisb.
702 4220 788 4306 quod
817 4243 894 4289 nos.
927 4224 1045 4288 fratres
1068 4224 1238 4288 ferrarius
1267 4231 1301 4288 et
1324 4222 1365 4288 G.
1381 4222 1567 4308 Raymundi
1596 4221 1717 4286 ordinis
1743 4219 1861 4286 Predi·

205 4332 370 4401 catornm,
411 4325 622 4410 inquisitores
661 4323 807 4388 heretice
842 4327 1012 4412 pravitatis
1047 4327 1080 4390 in
1114 4326 1337 4393 Narbonensi.
1375 4327 1571 4403 Biterrensi,
1610 4323 1860 4404 carcasonensi,

206 4428 427 4499 Ruthenensi,
461 4427 650 4513 Albigensi.
687 4427 825 4492 Elaensi
859 4427 1045 4495 diocesibus
1078 4430 1274 4493 auctoritate
1312 4429 1490 4514 apostolica
1524 4428 1707 4505 constituti,
1744 4427 1860 4493 habito

203 4531 353 4616 diligenti
384 4531 521 4596 consilio
552 4539 587 4595 et
614 4539 755 4596 tractatu
786 4542 820 4596 et
849 4532 1039 4616 specialiter
1069 4533 1229 4618 requisito
1258 4540 1291 4596 et
1314 4532 1426 4596 habito
1449 4532 1583 4595 consilio
1606 4530 1861 4596 reverendorum

203 4642 334 4718 patrum
349 4633 467 4720 P[etri]
485 4634 551 4699 Dei
575 4636 680 4718 gratia
703 4634 943 4721 archiepiscopi
960 4636 1186 4701 Narbonensis
1210 4644 1243 4700 et
1258 4634 1434 4722 D[urandi]
1459 4635 1577 4700 eadem
1592 4636 1700 4720 gratia
1713 4636 1862 4722 episcopi

204 4738 375 4802 Albiensis
397 4752 432 4803 et
454 4739 591 4803 aliorum
615 4740 814 4825 prelatorum
838 4761 966 4804 necnon
989 4750 1024 4805 et
1046 4740 1184 4804 aliorum
1200 4739 1397 4825 prudentum
1412 4741 1566 4807 virorum.
1587 4760 1648 4825 per
1663 4740 1862 4804 sententiam

203 4841 420 4908 diffinitivam.
444 4841 568 4905 meritis
591 4841 660 4904 suis
683 4842 903 4926 exigentibus.
927 4842 1239 4929 condempnavimus
1263 4844 1384 4907 multos
1406 4842 1526 4907 milites
1548 4849 1582 4907 et
1603 4843 1687 4906 alios
1709 4842 1862 4907 homines

204 4944 238 5008 in
266 4955 355 5009 terra
382 4944 443 5007 riri
473 4943 594 5007 nobilis
617 4942 656 5008 R.
681 4945 808 5008 comitis
831 4943 988 5010 Tolosani
1018 4956 1172 5032 tanquam
1197 4945 1363 5011 hereticos
1386 4953 1420 5010 et
1442 4947 1474 5009 iu
1498 4953 1585 5010 terra
1608 4945 1860 5030 regis-Francia

204 5060 238 5113 et
271 5049 409 5112 aliorum
442 5045 602 5132 quosdam
636 5047 735 5117 alios,
778 5048 833 5131 qui
869 5047 910 5110 ad
945 5056 1066 5112 terram
1099 5048 1177 5112 dicti
1211 5049 1341 5113 comitis
1373 5049 1541 5133 fugientes
1571 5047 1694 5113 ibidem
1728 5048 1862 5134 publice

204 5160 413 5240 receptantur
436 5157 470 5216 et
492 5149 722 5234 condempnati
744 5152 776 5213 in
800 5158 886 5214 terra
908 5149 1055 5214 eiusdem
1072 5150 1196 5215 ibidem
1213 5152 1346 5237 publice
1363 5160 1614 5229 commorantur,
1636 5152 1731 5216 honis
1748 5173 1862 5216 eornm

204 5278 263 5343 per
292 5252 514 5343 supradictum
541 5253 693 5318 comitem
723 5253 857 5318 minime
887 5254 1068 5340 occupatis.
1122 5253 1261 5340 Propter
1295 5257 1381 5342 quod
1415 5258 1655 5321 ammonuimus
1685 5255 1863 5341 diligenter

307 5512 332 5577 ¹)
349 5515 496 5566 Tbsdrnno
510 5515 542 5564 Δ.
560 5530 667 5581 nuspa.
754 5510 780 5577 ι)
800 5514 894 5565 mmsis
910 5514 980 5567 deest
992 5516 1025 5566 A.

308 5646 589 5714 telamones
656 5648 857 5716 &HM
