4328 6232
255 374 298 435 ῃ
809 368 858 423 EX
876 367 1094 423 muocuurss
1112 367 1149 421 IV
1170 366 1350 423 susurro

254 544 394 630 parebit.
417 544 558 630 receptis
580 543 679 607 etiam
696 542 924 606 nichilominus
941 563 1041 626 super
1057 540 1120 605 hiis
1136 542 1238 628 ipsius
1254 542 1383 606 comitis
1398 540 1589 628 patentibus
1603 540 1732 619 litteris,
1753 560 1817 625 per
1829 559 1910 622 quaa

251 669 312 733 pro
334 647 492 734 predictis
513 645 666 710 omnibus
688 643 902 738 observandis
923 644 1047 729 obliget
1070 667 1106 708 ss
1128 652 1162 708 et
1182 665 1252 723 sua,
1276 651 1310 709 et
1338 644 1612 709 testimonialibus
1632 643 1829 728 aliquorum,
1851 640 1910 705 ab·

253 752 364 815 solvas
378 752 471 814 iuxta
486 751 623 814 sormam
638 749 780 813 ecclesie
795 749 867 814 rice
881 758 1002 812 nostra.
1037 748 1146 833 Super
1160 769 1200 812 eo
1211 767 1289 812 vero
1305 747 1392 831 quod
1408 747 1526 812 iratres
1542 746 1712 812 Ferrarius
1728 751 1763 810 et
1776 743 1818 809 G.
1830 743 1911 808 Rai-

252 854 387 918 mundi·
408 854 532 918 ordinis
555 853 815 918 Predicatorum.
843 854 1054 937 inquisitores
1077 857 1191 916 coutra
1212 851 1376 916 hereticos
1399 851 1595 916 auctoritate
1617 849 1708 914 sedis
1730 847 1911 936 apostolica

251 958 416 1045 deputati.
448 957 794 1021 excommunicationis
823 958 857 1019 in
887 977 963 1021 eum
994 955 1148 1020 dicuntur
1175 955 1373 1019 seutentiam
1397 955 1598 1042 protulissc²
1621 952 1775 1038 idemque
1797 971 1911 1037 cornea

252 1063 402 1126 asseratb
429 1061 569 1127 eandem
591 1063 791 1126 sententiam
812 1083 856 1126 ex
879 1059 1073 1146 quibusdam
1103 1059 1228 1138 causis,
1258 1079 1339 1144 quas
1362 1058 1441 1123 dicit
1463 1057 1644 1142 legitimas.
1675 1076 1752 1120 essa
1774 1054 1912 1131 nullam,

252 1167 329 1250 qnia
356 1166 524 1229 nolumus.
553 1180 590 1228 ut
616 1174 754 1250 propter
779 1164 842 1228 hoc
868 1165 971 1250 ipsius
1002 1164 1204 1249 propositum
1234 1161 1429 1242 retardetur,
1460 1161 1592 1226 relaxes
1620 1158 1806 1246 predictam
1834 1179 1912 1224 aeu-

254 1270 393 1334 tentiam
415 1270 458 1333 ad
481 1270 655 1335 cautelam.

362 1388 440 1453 Dat.
463 1390 618 1455 lateran.
642 1389 712 1454 1111
733 1388 818 1453 Non.
842 1388 1048 1468 Decembris,
1072 1408 1157 1452 anuo
1180 1389 1295 1475 primo.

1052 1892 1114 1963 41.

358 2009 576 2101 amrin
596 2032 652 2097 rr
679 2054 768 2113 papa
795 2032 1002 2117 [noniano]
1034 2032 1142 2096 ocati
1170 2031 1300 2114 Priasus·
1329 2032 1454 2095 monn
1480 2031 1686 2095 namra
1721 2030 1854 2096 anese
1883 2032 1912 2094 o

251 2137 474 2201 archidiacono
502 2142 532 2201 et
562 2137 809 2217 poenitentiario
835 2137 1080 2201 Belcaccnsibns
1115 2136 1223 2200 scribit
1257 2136 1295 2199 dc
1327 2136 1382 2199 lite
1413 2141 1522 2199 crarta
1560 2136 1593 2197 in
1626 2139 1756 2199 manate
1785 2134 1914 2198 occlmia

256 2241 448 2317 Trcrrrcnsi,
472 2241 506 2302 in
528 2262 592 2320 qua
613 2241 716 2303 attera
738 2242 872 2320 capitali
888 2260 970 2321 pars
985 2241 1202 2325 A[rnoldurn]
1219 2241 1434 2321 praepositam
1456 2259 1557 2316 attint,
1579 2240 1683 2303 altera
1695 2238 1914 2324 [liudulfum]

247 2350 463 2429 proepcm'tum
481 2346 595 2410 Sancti
609 2346 745 2410 Paulini
762 2347 792 2410 T
789 2349 961 2411 revocaris
984 2348 1018 2409 in
1040 2347 1304 2427 archiepiscopum
1327 2346 1468 2427 circesi&
1490 2343 1630 2421 ritartdat,
1653 2347 1688 2406 nt
1708 2343 1914 2424 inquisitione

248 2449 340 2533 sacta
364 2449 514 2530 putidius
534 2450 702 2512 terminum
726 2452 970 2530 picrcrnptoritun
993 2453 1188 2533 praefluunt,
1221 2471 1283 2531 qno
1307 2449 1518 2531 parsortatitcr
1538 2448 1587 2512 cel
1607 2468 1671 2528 per
1692 2450 1915 2528 procuratores

252 2573 357 2616 coram
377 2573 465 2632 papa
486 2557 697 2633 compareant.
1584 2553 1678 2627 1213,
1700 2549 1778 2616 Dec.
1792 2553 1825 2616 3.

359 2672 421 2724 n...
435 2671 485 2723 rr
501 2672 566 2740 na.
586 2671 640 2725 ra.
655 2672 678 2739 r,
696 2681 740 2726 s.-
758 2672 857 2739 nou,
876 2680 933 2726 stc.
964 2673 1115 2740 aaroni·
1133 2689 1166 2725 α
1185 2672 1301 2740 naas
1320 2671 1455 2739 amem
1473 2671 1501 2724 r.
1516 2669 1556 2724 cr.
1568 2671 1602 2723 a
1615 2668 1696 2723 nau.

362 2759 525 2825 nocerem

296 3011 305 3026 .
330 3011 339 3026 .
366 2954 520 3028 abbati
548 2955 721 3046 Frigidi
748 2950 946 3028 lloulis²
974 2956 1316 3029 Cistercieusis
1343 2954 1530 3028 ordinis
1557 2951 1873 3028 Belvacensis

255 3073 484 3162 diocesiS,
519 3132 566 3147 ..
602 3076 940 3149 archidiacono
973 3081 1016 3148 et
1053 3131 1100 3148 ..
1136 3075 1487 3166 penitentiario
1519 3072 1913 3148 Belraceusibus

364 3225 432 3289 Sua
464 3225 560 3289 uobis
580 3223 751 3288 Werricus
786 3224 944 3288 decanus.
985 3224 1147 3288 Iohannes
1182 3234 1297 3287 cantor
1328 3238 1362 3288 ct
1396 3245 1493 3308 quam
1527 3225 1637 3310 plures
1669 3224 1725 3288 alii
1762 3223 1914 3288 canonici

253 3328 395 3392 ecclesie
418 3328 630 3393 Trerercusis
659 3329 819 3414 petitione
847 3336 1086 3393 monstrarunt.
1116 3327 1225 3412 quod⁸
1253 3348 1327 3391 cum
1353 3327 1475 3391 dudum
1505 3329 1647 3393 ecclesia
1676 3330 1747 3414 ipsa
1771 3328 1914 3414 pastoris

255 3432 380 3495 solacio
403 3430 576 3495 destituta.
607 3432 786 3517 capitulum
811 3430 973 3494 eiusdem.
1004 3431 1210 3515 presentibus
1234 3431 1385 3494 omnibus
1409 3433 1464 3516 qui
1488 3431 1657 3496 nolebant.
1688 3430 1859 3496 debebant
1881 3436 1915 3495 et

255 3542 408 3620 poterant
442 3533 579 3598 comode
619 3535 797 3597 interesse.
838 3531 880 3595 ad
914 3531 1120 3595 tractandum
1160 3532 1201 3596 de
1237 3533 1469 3598 substitutione
1505 3536 1605 3599 futuri
1637 3535 1801 3621 pontificis
1835 3555 1914 3598 cou-

255 3638 434 3701 reuisseut.
458 3686 490 3698 ..
513 3636 738 3701 thesaurarius
760 3652 793 3700 et
815 3634 945 3720 quidam
962 3636 1018 3698 alii
1035 3635 1182 3700 eiusdem
1200 3637 1340 3701 ecclesie
1358 3641 1517 3702 canonici.
1540 3640 1619 3703 licet
1635 3646 1747 3704 essent
1762 3638 1916 3725 suspensi

256 3748 290 3805 et
318 3741 448 3804 vinculo
476 3741 820 3804 excommunicationis
850 3740 976 3802 astricti
1004 3761 1041 3802 ac
1073 3754 1207 3825 propter
1236 3740 1295 3803 hoc
1325 3741 1496 3805 electionis
1525 3742 1723 3807 celebrande
1751 3742 1914 3807 interesse

256 3844 409 3906 tractatui
432 3863 497 3905 non
526 3841 700 3907 deberent.
731 3841 962 3905 nichilominus
994 3855 1122 3907 tanuen<
1148 3845 1199 3907 ius
1222 3843 1366 3928 eligendi
1392 3846 1456 3908 sibi
1480 3854 1605 3910 temere
1628 3854 1842 3930 usurpantes.
1873 3846 1915 3910 A.

255 3958 333 4009 tunc
357 3947 556 4030 prepositum
580 3947 682 4032 ipsius
708 3942 874 4031 [ecclesie]
884 3945 909 4009 ἀ.
939 3946 1070 4029 plures‘
1094 3964 1289 4032 personatus
1314 3959 1347 4012 et
1370 3949 1596 4013 ecclesiastica
1618 3950 1780 4014 beneficia
1803 3970 1915 4014 curam

256 4049 439 4111 animarum
469 4048 625 4113 habentia
649 4048 719 4112 siue
748 4047 991 4133 dispensatione
1019 4049 1199 4134 apostolica
1228 4049 1447 4116 detinentem.
1477 4052 1520 4117 de
1546 4054 1651 4118 tacto.
1680 4074 1754 4117 cum
1778 4053 1820 4118 de
1844 4055 1916 4118 iure

256 4151 479 4235 nequiverint.
519 4151 645 4236 eligere
683 4167 961 4237 presumpserunt.
1017 4151 1060 4214 Et
1095 4155 1244 4236 quamvis
1279 4154 1355 4218 dicti
1395 4154 1541 4220 decanus
1575 4167 1609 4221 et
1643 4167 1757 4221 cantor
1789 4164 1824 4221 et
1860 4157 1916 4221 alii

256 4253 455 4319 adherentes
479 4253 613 4319 eisdem.
637 4253 678 4317 ad
701 4274 783 4338 quos
807 4251 849 4316 de
871 4255 941 4317 iure
965 4262 1111 4338 potestas
1135 4255 1278 4339 eligendi
1302 4259 1484 4341 spectabat.
1502 4308 1531 4321 ..
1550 4260 1753 4345 prepositum
1770 4259 1914 4325 ecclesie

256 4360 362 4423 sancti
379 4357 509 4422 Paulini
524 4357 739 4422 Trercrensis
763 4357 795 4420 in
818 4369 984 4442 pastorem
1009 4357 1151 4422 ecclesie
1166 4357 1383 4424 Trercrensis
1405 4361 1534 4447 pretate
1550 4363 1706 4427 canonice
1721 4362 1916 4448 elegissent,

256 4460 363 4525 dictus
395 4471 505 4527 tamen
535 4462 721 4548 prepositus
743 4459 959 4524 Trererensis
988 4459 1031 4525 de
1059 4462 1206 4546 potentia
1234 4482 1292 4524 sua
1316 4464 1485 4529 confidens
1507 4466 1795 4530 amministrationi
1817 4467 1916 4552 spiri-

257 4566 392 4629 tualium
419 4576 453 4629 et
481 4565 707 4651 temporalium
736 4562 884 4629 eiusdem
906 4561 1122 4628 Trererensis
1151 4564 1293 4627 ecclesie
1323 4588 1359 4630 se
1390 4569 1539 4653 ingerere
1566 4591 1605 4633 ac
1634 4571 1667 4633 iu
1689 4570 1794 4656 ipsius
1817 4569 1916 4635 bouis

256 4667 433 4733 debachari
463 4669 614 4753 nequiter
642 4669 805 4731 inanime
829 4688 889 4730 suc
912 4667 1110 4753 periculum.
1140 4665 1287 4731 eiusdem
1311 4671 1454 4735 ecclesie
1478 4674 1657 4736 maximum
1679 4673 1915 4738 detrimentum

256 4794 295 4836 ac
317 4793 418 4857 grase
441 4773 654 4857 plurimorum
678 4769 868 4834 scandalum
890 4791 955 4833 non
977 4779 1121 4836 teretur.
1157 4769 1288 4844 (lutirer
1310 4774 1403 4837 uubis
1425 4775 1593 4839 humiliter
1615 4777 1733 4863 prefati
1756 4775 1915 4847 decanus.

257 4890 372 4938 cantor
393 4885 427 4939 et
448 4875 505 4937 alii
520 4875 754 4960 supplicarunt.
778 4891 814 4936 ut
829 4896 928 4960 super
944 4874 1005 4938 hiis
1022 4874 1248 4961 indernpuitati
1266 4877 1413 4942 eiusdem
1431 4881 1570 4945 ecclesie
1585 4881 1758 4966 providero
1774 4890 1917 4969 paterna

257 4977 478 5044 sollicitudine
509 4999 710 5043 curaremus.
755 4977 952 5042 Pnrcurutor
974 5000 1049 5042 reru
1079 4980 1198 5064 prefati
1222 4982 1263 5045 A.
1286 4983 1453 5067 proposuit
1478 5004 1520 5047 er
1543 4983 1699 5063 adverso,
1728 4985 1817 5071 quod
1841 5008 1917 5053 curu

256 5097 394 5146 vacante
417 5081 566 5168 predicta
588 5082 730 5146 ecclesis
746 5079 941 5145 Trercreusi
965 5102 1090 5147 ourues.
1113 5084 1168 5167 qui
1192 5081 1368 5150 debebant.
1392 5086 1546 5151 solebant
1562 5099 1596 5150 et
1612 5087 1748 5154 comode
1763 5097 1918 5176 poterant

256 5186 433 5251 iuteresse.
465 5185 520 5250 die
549 5184 591 5249 ad
623 5183 811 5269 eligendum
839 5192 962 5248 statuta
989 5182 1031 5248 ad
1063 5184 1267 5249 tnrctsmluur
1297 5186 1337 5252 de
1366 5186 1465 5252 luturi
1492 5191 1725 5256 substitutione
1752 5193 1917 5280 pontificis

359 5444 593 5511 stramentis.
662 5443 689 5495 l’l
707 5442 870 5496 nonan.
940 5444 1037 5497 ‘ltun
1054 5462 1145 5511 apum.
1214 5442 1366 5498 disclusis
1384 5447 1454 5499 cicer!
1466 5446 1497 5500 R.
1566 5448 1721 5523 *ΗΓΙΙ
1789 5448 1917 5523 'JUR

362 5578 718 5642 transancto
795 5580 824 5643 ‘dl
846 5577 1016 5645 risam,
1039 5586 1229 5634 ructator.
1250 5580 1359 5635 mm
1436 5582 1620 5651 &lolffl
1788 5584 1917 5647 ¹⁶51·th

256 5663 704 5735 ssnxnnzpasaqs.
