4784 6334
864 375 1065 432 larissenus]
1084 377 1276 436 saumana.
1313 381 1387 436 1248.

1085 700 1172 772 616.

408 807 626 900 Innocentius
648 835 706 901 IV
717 857 808 920 popa
830 835 1007 921 [Siqcfriclo
1030 839 1111 924 ΙΙΙ]
1137 839 1366 924 archiepiscopo
1393 839 1587 923 laurentino
1615 840 1760 918 nminat,
1788 845 1824 906 ut
1852 861 1958 906 ornnes

304 937 377 1001 illos
398 940 489 1021 raptu
510 940 739 1018 Alamanniae,
767 941 823 1022 qui
845 961 866 1004 a
884 961 973 1022 popo
996 942 1042 1005 oel
1065 941 1177 1026 leqotis
1199 943 1267 1006 suis
1287 943 1411 1024 quatias
1432 944 1566 1008 (assecuti
1586 942 1666 1020 sint,
1695 943 1738 1007 ael
1760 944 1957 1009 sanchidem

304 1039 504 1128 [Willelmo]
519 1045 585 1126 reqi
600 1043 825 1121 Romanorum,
847 1045 1003 1125 renalium
1019 1044 1161 1108 ecclcsiae
1170 1048 1383 1126 prosequenti,
1405 1047 1575 1126 corrrpellot.
1643 1049 1736 1126 1248,
1753 1045 1825 1111 Dec.
1840 1049 1871 1114 9.

410 1161 474 1216 Inn.
492 1163 542 1216 IV
557 1163 620 1232 ch.
639 1163 699 1219 La.
718 1165 764 1232 VI,
781 1164 800 1231 ί.
815 1173 854 1231 14,
872 1181 899 1218 n,
913 1170 970 1219 247.
1001 1165 1155 1234 Exemplar,
1173 1167 1244 1235 quod
1262 1167 1367 1236 Hister,
1387 1168 1446 1222 Ale.
1466 1186 1486 1222 s.
1501 1167 1566 1223 aee.
1581 1184 1609 1236 p.
1624 1173 1675 1222 158
1691 1167 1781 1235 sonu,
1799 1169 1959 1224 coritulimue

241 1271 253 1309 a
306 1262 368 1302 aem
387 1247 513 1316 Rauca.

409 1333 538 1404 Politian,
560 1337 623 1406 aa.
639 1343 728 1405 13112,·
746 1338 845 1406 Berqer
862 1343 934 1393 4939.

779 1593 821 1608 ..
850 1535 1190 1629 archiepiscopo
1217 1538 1489 1629 Magantino.

416 1681 562 1766 Dignum
586 1690 637 1749 est
660 1690 693 1750 et
716 1692 990 1751 consentancum·
1012 1686 1144 1766 rationi,
1176 1694 1211 1752 ut
1235 1687 1280 1752 hii
1302 1689 1444 1753 maxime
1468 1691 1625 1754 assistant
1648 1689 1803 1768 ecclesie,
1835 1689 1891 1775 qui
1919 1690 1961 1754 ab

310 1806 350 1848 ea
379 1785 540 1852 beneficia
572 1796 779 1876 receperunt.
825 1789 907 1855 (lum
941 1791 1040 1876 igitur
1070 1798 1137 1855 tarn
1167 1813 1225 1855 nos
1256 1813 1351 1876 quam
1384 1792 1486 1877 legati
1517 1794 1619 1856 nostri
1651 1792 1762 1857 multis
1794 1793 1827 1857 iu
1861 1813 1961 1877 regno

231 1909 257 1950 ιο
308 1887 481 1954 Alamanie
505 1892 650 1978 prelatis,
674 1893 837 1958 nobilibus
860 1915 898 1958 ac
924 1895 996 1960 aliis
1019 1894 1177 1960 fuerimus
1193 1895 1339 1980 gratiosi,
1362 1895 1567 1972 mandamus,
1591 1895 1742 1981 quatinus
1759 1916 1873 1960 omnes
1889 1895 1961 1959 illos

309 1990 349 2057 dc
378 1995 526 2079 partibus
553 1997 631 2076 illis,
662 1998 717 2082 qui
742 2019 762 2062 a
785 1998 880 2063 nobis
904 1999 956 2062 vel
979 1998 1020 2062 ab
1043 1997 1170 2063 eisdem
1193 1998 1315 2082 legatis
1339 2005 1415 2062 sunt
1438 1999 1566 2084 aliquas
1589 1998 1712 2082 gratias
1736 1999 1892 2078 assecuti,
1921 1996 1962 2063 ad

310 2097 517 2163 serviendum
543 2102 710 2166 carissimo
733 2102 767 2166 in
792 2099 921 2166 Christo
944 2101 1011 2166 lilio
1035 2108 1145 2166 nostro
1170 2151 1203 2167 ..
1226 2103 1295 2186 regi
1319 2101 1540 2166 Romanorum
1564 2102 1694 2181 illustri,
1723 2101 1862 2167 ecclesie
1886 2122 1962 2187 pre-

310 2197 396 2266 dicte
420 2204 584 2286 negotium
609 2207 831 2290 prosequenti,
857 2205 1058 2270 districtione
1081 2226 1145 2290 qua
1166 2207 1320 2272 convenit
1344 2207 1565 2293 appellatione
1584 2209 1711 2270 remota
1726 2205 1904 2292 compellas
1922 2243 1963 2254 -

311 2325 375 2392 uon
399 2305 607 2372 obstantibus
632 2309 795 2395 aliquibus
818 2309 936 2373 litteris
960 2311 1001 2374 ab
1025 2309 1207 2396 apostolica
1231 2308 1309 2374 sede
1334 2309 1478 2374 obtentis
1494 2309 1548 2374 vel
1568 2308 1668 2372 etiam
1684 2307 1883 2387 obtinendis,
1906 2329 1965 2394 per

233 2429 258 2467 n
311 2428 392 2492 quas
420 2409 452 2474 id
483 2411 635 2497 impediri
658 2412 768 2477 valcat
791 2414 843 2477 vel
875 2412 998 2477 differri
1026 2419 1060 2476 et
1087 2411 1127 2476 de
1157 2413 1273 2497 quibus
1304 2413 1482 2498 specialem
1513 2419 1663 2498 oporteat
1691 2411 1724 2476 in
1756 2411 1965 2498 presentibus

310 2512 382 2576 fieri
404 2514 601 2581 mentionem
615 2519 634 2580 ¹.

419 2635 495 2700 Dat.
520 2643 556 2700 ut
579 2657 686 2722 supra.

1099 3007 1185 3079 617.

418 3119 636 3212 Innocentius
665 3149 686 3212 1
693 3147 723 3211 V
739 3169 827 3229 papa
853 3147 986 3233 [Petro]
1012 3148 1152 3227 episcopo
1183 3143 1434 3211 Gotholonncnsi
1466 3149 1495 3208 et
1526 3145 1633 3209 abbati
1660 3144 1773 3209 Sancti
1804 3143 1970 3226 Sepulchri

318 3248 552 3316 Cremeraecnsis
573 3251 718 3327 mandat,
746 3256 782 3314 ut
803 3252 841 3316 dc
862 3249 1024 3316 natalibus
1045 3251 1201 3314 Iohannis
1223 3253 1252 3312 ot
1274 3248 1436 3313 Bolelnini
1457 3249 1494 3312 de
1517 3248 1653 3313 Aocsnis
1669 3246 1829 3332 fratrum,
1857 3248 1970 3329 quibus

238 3375 264 3416 ro
315 3354 442 3436 quidam
469 3355 587 3419 minuti
612 3359 718 3418 nolam
745 3355 978 3437 illeqitienitatis
1008 3355 1202 3434 irrepinqont,
1230 3352 1396 3433 diliqonter
1421 3352 1603 3432 inquirunt,
1632 3369 1696 3414 non
1724 3351 1862 3414 obstante
1889 3348 1972 3440 qnqci

313 3477 408 3540 snper
436 3457 491 3522 lroc
518 3459 601 3522 inter
629 3477 679 3522 eos
705 3462 733 3522 el
757 3457 882 3541 fratres
916 3479 1020 3523 ensem
1054 3457 1246 3539 aliquandiu
1279 3457 1436 3538 litiqatum
1469 3456 1523 3532 sit,
1557 3475 1626 3518 cnm
1658 3453 1741 3517 nihil
1770 3453 1971 3518 terminatum

314 3563 462 3625 extiterit.
898 3571 901 3578 '
1644 3559 1737 3632 1248,
1760 3554 1836 3622 Dec.
1854 3557 1884 3622 9.

420 3681 485 3734 Iun.
498 3679 545 3734 IV
558 3681 617 3749 Req.
631 3680 690 3734 lab.
707 3681 752 3748 Vr,
769 3681 788 3748 ί.
803 3691 842 3750 14,
861 3671 961 3736 15948.
991 3681 1139 3749 Exnnplar
1152 3679 1272 3746 Balacri,
1293 3677 1370 3732 Misc.
1383 3683 1401 3730 t.
1419 3675 1480 3744 VII,
1497 3692 1525 3744 p.
1539 3681 1588 3730 435
1601 3674 1762 3729 mistiones
1773 3691 1835 3729 cum
1849 3674 1972 3744 lineata.

419 3767 546 3836 Politian,
566 3768 734 3836 Req.13113;
754 3770 854 3838 Bsrqcr
870 3775 947 3824 4940.

242 3997 267 4038 a
348 4027 351 4033 Δ
437 4021 475 4039 ..
505 3966 717 4060 episcopo
745 3966 1104 4041 Cathalaunensi
1132 3969 1172 4038 el
1201 4020 1239 4037 ..
1267 3963 1423 4037 abbati
1451 3960 1599 4036 Sancti
1627 3956 1863 4050 Sepulchri

974 4085 1325 4160 Cameracensis

429 4237 497 4302 Sua
520 4239 616 4302 nobis
641 4236 751 4302 dilecti
774 4237 830 4301 lilii
853 4237 981 4300 nobiles
1006 4234 1066 4299 viri
1083 4233 1249 4298 Iohannes
1273 4232 1314 4297 de
1332 4231 1500 4297 Avesnis²
1523 4237 1556 4296 et
1572 4227 1754 4294 leduinus
1779 4226 1880 4290 irater
1903 4225 1974 4288 eius

320 4341 538 4405 insinuatione
555 4349 786 4422 monstrarunt,
809 4337 894 4425 quod
911 4337 1042 4425 quidam
1059 4358 1171 4403 eorum
1189 4335 1288 4399 emuli
1306 4336 1354 4400 eis
1379 4333 1553 4410 malitiose,
1577 4340 1614 4396 ut
1635 4349 1794 4417 processu
1818 4326 1975 4412 temporis

322 4466 342 4510 a
369 4445 461 4510 bonis
492 4445 534 4510 ad
566 4466 621 4510 eos
650 4444 850 4510 hereditario
882 4443 952 4508 iure
984 4440 1210 4527 spectantibus
1246 4438 1377 4504 excludi
1406 4437 1553 4508 valeant,
1589 4443 1700 4499 notam
1736 4430 1976 4517 illegitimitatis

245 4577 271 4616 so
324 4550 522 4635 impingunt,
551 4550 582 4614 id
612 4548 788 4613 multorum
816 4547 948 4612 auribus
979 4542 1179 4610 instillando.
1226 4541 1335 4616 Quare
1365 4541 1461 4605 nobis
1484 4539 1650 4604 humiliter
1672 4535 1912 4623 supplicarunt,
1941 4538 1977 4598 ut

323 4674 396 4718 cum
420 4655 467 4718 eis
492 4659 548 4719 aut
571 4654 688 4718 saltem
713 4653 857 4738 ipsorum
882 4648 1057 4714 heredibus
1082 4649 1123 4712 sit
1147 4646 1242 4710 valde
1266 4645 1498 4732 periculosum,
1523 4640 1609 4729 quod
1632 4640 1665 4705 id
1683 4645 1853 4705 remaneat
1868 4637 1978 4701 taliter

322 4758 554 4838 indiscussum,
588 4757 760 4845 providere
795 4756 876 4841 ipsis
910 4775 1009 4841 super
1044 4753 1104 4818 hoc
1139 4757 1277 4838 paterna
1311 4748 1530 4814 sollicitudine
1566 4759 1767 4810 curaremus.
1817 4739 1980 4814 Quocirca

1004 4911 1166 4918 ——-——.-
1178 4911 1189 4915 -
1203 4911 1208 4915 -
1229 4908 1362 4915 --—-
1380 4908 1475 4914 -..-
1487 4903 1744 4912 ---..-————----.-
1755 4899 1869 4907 ...—--

426 5026 450 5088 θ)
468 5029 670 5074 corrmntancum
688 5036 755 5071 carr.
777 5023 987 5069 mnsentancum.

431 5161 454 5224 l)
477 5157 557 5212 Talea
574 5155 713 5221 remmota,
731 5153 768 5207 ad
785 5157 866 5206 totum
884 5147 1079 5204 Alamannium
1093 5145 1268 5214 antincntio,
1292 5143 1361 5196 alius
1378 5141 1468 5209 loquio,
1491 5139 1590 5209 siquas
1607 5138 1712 5194 eoeksio
1730 5137 1766 5191 ut
1783 5135 1897 5205 holm,
1915 5153 1981 5190 wm-

249 5267 274 5306 ss
327 5248 397 5302 eruti
414 5245 531 5300 adducet
549 5243 596 5314 [cs.
615 5260 642 5296 n.
656 5251 705 5297 994
718 5240 777 5307 ΙΙΙ,
795 5245 845 5294 303
858 5237 940 5304 XIV,
958 5243 1017 5303 455,
1036 5235 1112 5304 455];
1137 5249 1170 5286 ea
1187 5249 1241 5300 quo
1263 5229 1442 5284 wedunae
1460 5226 1570 5280 Petrum
1590 5224 1756 5279 cardinalem
1772 5223 1886 5292 loquium
1902 5222 1982 5289 sanqi

324 5333 461 5402 lequtionis
478 5345 587 5386 manae
601 5330 657 5382 iam
668 5334 724 5382 tuus
735 5326 852 5391 deciam
868 5325 900 5390 cf.
914 5340 941 5376 n.
956 5327 1014 5377 623.
1084 5321 1111 5386 2)
1128 5319 1256 5374 Suetius
1271 5315 1395 5370 Willelmi
1407 5314 1474 5383 repis
1488 5313 1688 5378 Rmrranmum
1703 5311 1735 5376 ct.
1749 5307 1981 5375 Etiam-Ficta,

324 5423 341 5476 l.
359 5437 381 5476 c.
399 5427 500 5486 48875,
523 5425 599 5483 4894,
626 5421 702 5481 4928,
726 5419 799 5479 4972,
822 5416 1002 5466 loto-4977.
1040 5405 1097 5461 Sub
1115 5423 1141 5460 a.
1162 5411 1239 5470 1945,
1265 5403 1319 5457 Oct.
1336 5409 1367 5457 95
1388 5417 1465 5469 popo
1489 5398 1608 5453 iohanni
1631 5397 1662 5450 de
1680 5395 1791 5450 Alanis
1810 5393 1983 5464 primoqessito

325 5506 522 5578 [Mesenae]
540 5501 686 5558 comitissae
706 5497 859 5552 Flondriae
881 5503 905 5550 et
928 5495 999 5550 Aelii
1017 5491 1192 5564 [Adeundi]
1214 5490 1300 5544 sorori
1318 5487 1476 5557 [walani]
1499 5485 1599 5540 comitis
1616 5481 1791 5549 Holiaudiac,
1817 5481 1897 5535 acori
1918 5481 1982 5547 dees,

326 5597 496 5658 maneat,
523 5595 569 5657 ut,
593 5593 690 5658 quarto
712 5582 952 5653 ammentante
973 5579 1062 5649 pedu
1083 5579 1293 5644 nonobstante,
1318 5574 1350 5628 in
1371 5571 1541 5628 aaraaate
1565 5573 1698 5625 ancaeo
1715 5583 1851 5623 remonon
1866 5569 1985 5636 peasa·

249 5697 276 5738 se
329 5681 459 5748 Politian,
480 5679 544 5750 aa.
559 5683 654 5743 19324,·
672 5689 742 5746 quoe
759 5687 796 5742 ep.
813 5669 844 5724 in
864 5669 929 5740 Roq.
947 5685 1004 5724 nen
1020 5673 1098 5724 eant.
