4328 6232
264 321 327 385 418
819 317 870 374 EX
887 319 1107 376 INNOOENTII
1123 320 1163 376 IV
1180 319 1361 377 REGlSleO

265 514 377 557 sonam
406 500 587 558 noscuntur
617 493 762 579 apertius
792 494 971 559 continere.
1023 495 1110 560 Hinc
1138 501 1203 578 est,
1238 495 1324 582 quod
1352 516 1429 576 nos,
1465 493 1648 560 devotionis
1676 498 1733 559 tue
1764 493 1920 580 precibus

262 597 420 676 inclinati,
443 599 599 662 ducatum
622 599 692 662 sive
715 599 936 684 principatum
959 598 1094 664 Austris
1118 621 1190 664 cum
1214 601 1300 664 omni
1322 599 1459 679 honore,
1491 599 1642 665 districtu
1664 605 1699 664 et
1721 599 1794 663 iure
1816 599 1921 684 ipsius

263 701 322 765 tibi
345 700 501 766 donatum
524 702 585 767 rite
609 722 648 766 ac
670 700 852 766 liberaliter
873 703 958 766 inter
980 703 1072 767 vivos
1095 724 1115 768 a
1137 703 1238 768 nobili
1260 704 1396 769 muliere
1420 702 1460 769 G.
1484 702 1615 769 ducissa
1633 702 1794 768 Austrie¹
1816 724 1920 768 uxore

264 810 335 886 tua,
369 805 411 869 ad
440 826 538 891 quam
568 805 656 871 idem
688 804 827 870 ducatus
858 828 917 893 per
945 807 1187 873 successionem
1220 806 1452 873 hereditariam
1480 806 1660 872 secundum
1688 807 1861 892 antiquam
1888 814 1923 871 et

263 909 478 994 approbatam
501 909 603 995 ipsius
627 916 714 974 terre
739 909 1023 989 consuetudinem,
1056 931 1117 974 nec
1146 932 1210 975 non
1237 931 1296 997 per
1318 932 1461 975 summos
1484 911 1671 997 pontifices,
1701 910 1922 995 imperatores

264 1019 298 1075 et
321 1033 418 1097 reges
441 1012 665 1077 Romanorum
695 1018 730 1076 ut
758 1013 881 1076 asseris
911 1014 1149 1097 confirmatam,
1179 1014 1296 1079 dicitur
1323 1015 1469 1100 legitime
1497 1013 1689 1093 devolutus,
1720 1013 1922 1077 anctoritate

263 1115 324 1178 tibi
346 1116 528 1202 apostolica
551 1117 779 1180 confirmamus
804 1123 837 1180 et
860 1119 1023 1203 presentis
1047 1119 1159 1204 scripti
1175 1118 1355 1204 patrocinio
1372 1117 1618 1185 communimus.
1655 1116 1747 1181 Nulli
1763 1136 1844 1201 ergo
1861 1122 1922 1180 etc.

263 1226 374 1284 nostre
399 1220 651 1285 confirmationis
676 1228 738 1285 etc.

372 1340 448 1408 Dat.
474 1340 635 1426 Lugduni,
659 1341 778 1406 XVIII
800 1341 874 1407 Kal.
899 1342 1064 1425 Octobris,
1087 1341 1261 1408 ann0V10.

884 1673 1296 1685 m

1048 1988 1134 2063 589.

368 2097 586 2193 Innocentius
605 2128 663 2193 IV
675 2149 766 2212 popa
791 2128 829 2194 de
842 2128 989 2194 Laronia
1010 2134 1040 2193 et
1061 2130 1098 2194 de
1112 2131 1300 2210 Antwerpia
1316 2130 1482 2210 prioribus
1497 2127 1762 2193 Praedicatornm
1783 2127 1926 2205 mandat,

263 2232 298 2291 nt
319 2230 543 2310 redemptiones
564 2236 703 2296 cotornm
726 2235 1010 2316 erncesipnatornm
1031 2239 1096 2296 tem
1110 2237 1219 2299 contra
1234 2232 1471 2317 F[riderienm]
1486 2231 1646 2313 qnondam
1661 2232 1886 2312 imperatorem
1898 2235 1927 2295 et

267 2333 483 2419 operosam]
505 2341 616 2400 natam
638 2338 706 2401 eins
727 2359 822 2419 qnam
844 2338 880 2400 in
901 2337 1075 2401 subsidium
1101 2337 1217 2402 Terrae
1241 2336 1391 2415 Sanctae,
1417 2339 1448 2401 et
1469 2336 1574 2418 lepata
1595 2335 1625 2398 ei
1646 2335 1696 2399 rei
1717 2333 1926 2415 deputatam

267 2436 446 2503 Coloniensi
472 2441 638 2518 prouincia
666 2446 695 2505 et
725 2443 760 2504 in
790 2443 831 2506 iis
855 2443 1004 2523 partibus
1029 2442 1264 2508 Cameracensis
1292 2446 1322 2506 et
1347 2440 1556 2506 Tornacensis
1581 2439 1752 2516 nicenam,
1784 2459 1867 2520 quac
1890 2439 1926 2504 de

262 2541 394 2624 imperio
420 2545 500 2621 sint,
530 2550 559 2608 et
586 2547 764 2610 vicesimam
783 2551 995 2627 proventuum
1021 2546 1297 2610 ecclesiasticorum
1322 2546 1418 2609 totins
1439 2541 1658 2608 Alamanniae
1679 2542 1744 2606 sibi
1764 2544 1928 2626 assipnari

262 2648 292 2707 et
313 2648 494 2710 conservari
511 2647 649 2730 famant.
1563 2648 1658 2724 1248,
1682 2644 1770 2727 sepe.
1788 2648 1842 2714 19.

368 2766 435 2819 Ina.
448 2768 469 2820 I
471 2766 497 2820 V
505 2768 570 2837 Rep.
588 2769 649 2823 La.
668 2770 714 2836 VI,
729 2770 749 2835 s.
765 2778 786 2837 7,
804 2777 898 2824 n.173.

368 2851 499 2922 Pottlsast,
520 2854 585 2924 Rep.
598 2862 696 2924 1302st
714 2857 813 2925 Berper
824 2863 895 2910 4166.

266 3103 305 3123 ..
335 3050 385 3123 de
412 3048 631 3124 Lovania²
659 3056 701 3125 et
730 3108 738 3124 .
763 3109 771 3125 .
800 3053 851 3126 de
879 3052 1113 3143 Anwerpia
1139 3051 1365 3143 prioribus
1392 3049 1561 3123 ordinis
1589 3048 1927 3124 Predicalorum

577 3171 942 3249 Cameracensis
968 3178 1012 3247 et
1042 3173 1323 3247 Leodiensis
1351 3171 1612 3245 diocesnm.

373 3319 425 3384 De
455 3321 750 3408 circumspectione
778 3331 888 3387 vestra
917 3325 1048 3410 plenam
1078 3325 1112 3386 in
1135 3322 1277 3387 Domino
1306 3322 1459 3388 fiduciam
1487 3323 1691 3401 obtinentes,
1721 3323 1927 3401 mandamns,

265 3425 417 3510 quatinus
461 3425 703 3512 redemptiones
736 3435 769 3491 et
804 3427 1020 3493 obventiones
1054 3448 1096 3490 ex
1130 3448 1336 3513 quacumque
1371 3448 1472 3491 causa
1506 3426 1745 3511 provenientes
1781 3433 1929 3491 votorum

267 3530 567 3614 crucesignatorum
598 3539 664 3594 tarn
696 3539 809 3596 contra
830 3532 866 3595 F.
890 3531 1054 3616 quondam
1083 3533 1315 3617 imperatorem
1343 3538 1377 3596 et
1400 3531 1437 3596 O.
1466 3536 1580 3595 natum
1609 3531 1682 3595 eius
1710 3551 1750 3594 ac
1785 3531 1930 3595 lautores

264 3634 409 3718 ipsorum
432 3655 530 3718 quam
554 3636 587 3698 in
612 3635 795 3700 subsidium
819 3635 920 3700 Terre
944 3635 1080 3714 Sancte,
1110 3636 1166 3719 qui
1188 3634 1532 3720 iustoimpedimento
1564 3633 1694 3699 detenti
1722 3636 1932 3722 nequiverint

266 3739 486 3823 personaliter
518 3741 636 3825 exequi
659 3745 736 3803 vota
764 3761 836 3814 sua,
867 3760 994 3802 necnon
1026 3745 1059 3803 et
1081 3739 1192 3824 legata
1215 3738 1375 3825 deputata
1397 3736 1583 3803 huiusmodi
1607 3738 1769 3803 subsidiis
1792 3739 1828 3803 in
1859 3759 1932 3826 pro·

267 3842 375 3905 vincia
407 3840 595 3906 Coloniensi
629 3850 662 3907 et
695 3844 760 3907 illis
794 3843 942 3927 partibus
972 3842 1220 3907 Cameracensis
1252 3846 1286 3905 et
1313 3841 1531 3905 Tornacensis
1567 3841 1756 3925 diocesum,
1792 3864 1859 3928 que
1893 3842 1933 3907 dc

267 3945 404 4029 imperio
436 3965 508 4008 esse
537 3952 725 4024 noscuntur,
757 3968 795 4010 ac
824 3947 1013 4010 vicesimam
1042 3945 1338 4010 ecclesiasticorum
1370 3951 1590 4030 proventuum
1622 3948 1727 4011 totius
1758 3947 1945 4012 Alemanie

267 4069 401 4134 parvos
418 4050 654 4134 velperalios,
678 4072 759 4137 quos
781 4051 822 4114 ad
846 4050 907 4114 hoc
932 4050 1088 4135 expedire
1113 4048 1268 4126 videritis,
1293 4048 1455 4132 colligatis
1480 4055 1513 4112 et
1537 4049 1579 4112 ab
1603 4050 1677 4114 aliis
1702 4050 1771 4114 iam
1797 4051 1966 4116 collect·-

267 4152 429 4236 assignari
452 4153 581 4218 faciatis
604 4155 697 4219 vobis
722 4162 756 4219 et
779 4155 878 4219 etiam
903 4154 1103 4218 conservetis
1127 4173 1230 4237 usque
1254 4150 1296 4215 ad
1323 4160 1435 4216 nostre
1465 4152 1717 4237 beneplacitum
1745 4154 1966 4233 voluntatis=

267 4256 527 4322 contradictores
551 4266 623 4340 etc,
647 4261 863 4344 quantitatem
888 4279 1001 4322 eorum
1024 4257 1119 4321 nobis
1135 4256 1253 4320 vestris
1277 4256 1395 4319 litteris
1418 4254 1564 4320 fideliter
1587 4257 1797 4343 rescripturi,
1813 4294 1860 4305 —
1874 4275 1966 4322 nor·

267 4360 472 4425 obstantibus
487 4361 704 4447 indulgentia,
720 4384 784 4447 qua
799 4361 902 4425 ordini
915 4369 1024 4425 vestro
1036 4360 1087 4423 vel
1102 4359 1156 4422 alii
1170 4378 1319 4444 persone,
1336 4360 1387 4422 cui
1400 4358 1462 4422 hoc
1475 4358 1637 4424 duxeritis
1649 4362 1966 4427 committendum.-

268 4487 288 4529 a
310 4464 387 4529 sede
411 4467 594 4551 apostolica
618 4473 670 4531 est
693 4486 902 4543 concessum,
933 4463 1020 4549 quod
1045 4462 1192 4527 eiusdem
1215 4460 1338 4525 ordinis
1362 4462 1482 4527 iratres
1507 4484 1567 4527 seu
1590 4462 1680 4529 dicta
1704 4487 1855 4551 persona
1875 4483 1966 4531 nor:

267 4575 441 4632 teneantur
472 4591 673 4654 cognoscere
701 4570 754 4633 vel
785 4591 820 4634 se
848 4568 1065 4633 intromittere
1096 4565 1136 4630 de
1165 4565 1272 4630 causis
1301 4565 1369 4628 sive
1399 4567 1542 4650 negotiis
1572 4566 1614 4630 ab
1646 4570 1840 4654 apostoliea
1862 4569 1966 4635 sed·

269 4672 511 4738 committendis
534 4673 670 4753 eisdem,
694 4680 751 4737 aut
773 4673 883 4757 aliqua
906 4673 981 4752 alia,
1005 4668 1091 4755 quod
1114 4669 1214 4753 aliqui
1238 4667 1400 4750 interdici,
1425 4667 1586 4755 suspendi
1604 4676 1639 4734 et
1653 4674 1966 4738 excommunicat

268 4798 334 4841 non
364 4778 493 4862 possint
520 4800 579 4863 per
606 4778 734 4842 litteras
764 4778 978 4862 apostolicas,
1007 4795 1072 4837 non
1102 4774 1260 4837 facientes
1292 4773 1424 4858 plenam
1451 4774 1493 4838 de
1517 4773 1727 4860 indulgentia
1750 4773 1966 4843 huiusmoffl

269 4883 480 4946 mentionem.

378 5002 455 5071 Dat.
480 5003 643 5088 Lugduni,
666 5003 753 5068 XIII
775 5003 852 5069 Kal.
876 5001 1039 5082 Octobris,
1062 4997 1238 5064 ann0V10.

375 5266 401 5329 1)
421 5263 559 5319 Gertrnda
581 5268 656 5332 nepte
674 5261 807 5316 Friderici
824 5260 861 5314 11
879 5259 967 5325 daca,
991 5256 1075 5312 ardna
1092 5254 1237 5315 misni
1257 5255 1417 5309 maroliionis
1436 5256 1592 5325 Moraciae5
1616 5257 1649 5311 de
1671 5276 1730 5328 qua
1753 5261 1787 5331 (γ’.
1806 5267 1966 5321 sedwa

268 5359 414 5412 483-488.
511 5353 538 5421 2)
558 5349 658 5405 maen
675 5365 708 5403 ec
725 5365 764 5405 or.
781 5348 827 5402 cir.
847 5346 999 5418 Bmellae
