4328 6232
847 338 1047 396 erescere
1066 338 1258 394 SELEC'PAE.
1297 339 1370 394 1249.
1876 344 1938 406 449

272 512 328 578 ‹rb
348 512 408 578 boc
431 515 576 580 universi
599 523 632 580 et
655 515 773 601 singuli
796 514 836 578 ad
861 513 1080 580 resistendum
1105 515 1135 578 ei
1159 520 1192 578 ct
1215 535 1307 577 seam
1332 535 1529 600 suorumque
1554 516 1734 601 potentiam
1751 515 1937 601 deprimen-

274 618 358 683 ‹lam
396 618 469 682 sine
509 618 721 704 requisitione
757 618 891 683 alterius
927 618 1069 682 debcant
1102 639 1176 682 esse
1209 620 1368 704 prompti,
1410 640 1466 682 eos
1501 627 1613 683 tamen
1647 618 1688 683 ad
1722 618 1753 683 id
1787 618 1939 683 volumus

290 720 481 807 specialibus
503 722 714 807 indulgentiis
739 721 1048 808 quasiquibusdam
1073 723 1227 786 illectivis
1255 722 1445 786 munoribus
1473 724 1621 790 invitare.
1668 722 1805 788 Plenam
1827 723 1938 807 itaque

296 826 323 889 in
335 822 478 890 Domino
493 825 644 891 fiduciam
661 826 701 890 de
725 834 782 891 teo
805 828 988 891 constantie
1011 834 1045 890 et
1068 826 1209 911 puritate
1232 834 1397 911 gerentes,
1422 827 1625 906 nraedamus,
1649 827 1801 912 quatinus
1825 830 1940 890 contra

294 928 425 994 eundem
455 928 493 996 F.
523 936 556 994 et
589 931 733 995 fautores
769 931 840 994 eius
876 930 917 994 de
954 930 1089 993 cerisilio
1125 930 1285 993 carissimi
1320 930 1351 992 in
1387 930 1517 993 Christo
1550 930 1606 993 filii
1642 930 1742 993 nostri
1765 927 1819 991 W.
1851 927 1940 1014 regis

294 1032 506 1097 Romanorum
530 1034 665 1100 illustris
688 1056 746 1120 per
769 1056 905 1119 regnum
928 1035 1103 1099 Alamanic
1128 1054 1258 1097 crucem
1283 1033 1433 1118 predices
1457 1042 1489 1097 et
1514 1056 1571 1118 per
1594 1035 1711 1097 fratres
1742 1033 1788 1095 tui
1817 1030 1940 1095 ordinis

295 1135 415 1201 adhoc
443 1136 580 1203 idoncos
606 1139 710 1204 facias
738 1137 914 1225 predicari,
945 1159 1016 1202 eam
1039 1144 1250 1222 peecatorum
1275 1138 1402 1201 reniam
1427 1144 1460 1201 et
1491 1138 1564 1201 illas
1594 1138 1816 1201 immunitates
1845 1155 1936 1199 assu·

294 1239 449 1305 montibus
478 1262 609 1308 erucem
639 1242 824 1308 huiusmodi
856 1263 1085 1320 concesseras,
1116 1264 1180 1327 quc
1210 1243 1499 1315 transfretantibus
1529 1243 1561 1305 in
1584 1241 1688 1306 Terre
1713 1240 1834 1304 Sancte
1862 1238 1940 1303 seb·

294 1341 404 1408 sidium
428 1346 462 1409 in
483 1347 629 1431 generali
653 1347 792 1411 coneilio
816 1356 891 1410 sunt
914 1366 1079 1423 concesse,
1102 1382 1142 1392 -
1167 1344 1453 1410 nonobstantibus
1470 1345 1632 1430 aliquibus
1649 1342 1862 1428 indulgentiis
1883 1362 1941 1406 sce

296 1446 406 1512 litteris
428 1469 449 1513 a
473 1447 552 1514 sede
574 1449 756 1536 apostolica
781 1449 963 1536 impetratis
988 1449 1040 1513 vel
1063 1449 1161 1512 otiam
1184 1449 1409 1534 impetrandis,
1433 1471 1493 1534 per
1517 1470 1598 1534 quas
1623 1446 1808 1512 huiusmodi
1831 1443 1941 1530 predi·

295 1552 371 1616 catio
393 1551 545 1638 impediri
573 1554 627 1618 vel
652 1553 775 1619 differri
805 1555 911 1618 valeat
940 1561 974 1618 et
1002 1553 1042 1617 de
1073 1553 1190 1638 quibus
1221 1553 1399 1639 specialem
1430 1559 1578 1639 oporteat
1609 1554 1641 1616 in
1670 1551 1791 1615 nostris
1820 1549 1940 1613 litteris

293 1654 355 1719 ficri
379 1655 595 1730 mentionem3
630 1657 888 1722 contradictores
918 1664 979 1722 ete.
1030 1656 1076 1720 Ut
1107 1664 1216 1720 aetem
1245 1655 1285 1720 ad
1318 1655 1514 1720 audiendam
1545 1655 1803 1742 predicationem
1833 1653 1939 1737 ipsam

295 1759 400 1845 populi
422 1758 551 1825 facilius
574 1766 608 1824 et
630 1760 787 1825 libentius
810 1760 1014 1834 inducantur,
1043 1760 1101 1824 tibi
1126 1770 1159 1825 et
1182 1760 1350 1833 fratribus,
1382 1760 1500 1844 quibus
1530 1761 1589 1824 hoc
1617 1758 1785 1843 negotium
1809 1756 1942 1820 duxeris

296 1861 569 1967 committendum,
600 1864 762 1944 omnibus,
791 1865 846 1950 qui
870 1864 910 1928 ad
935 1863 1073 1929 eandem
1097 1862 1356 1949 predicationem
1380 1865 1591 1940 accesserint,
1619 1861 1778 1946 largiendi
1801 1859 1939 1946 quadra·

298 1965 383 2049 ginta
404 1964 530 2031 dierum
552 1967 789 2054 indulgentiam
813 1971 1007 2034 auctoritate
1032 1970 1232 2055 presentium
1258 1969 1467 2032 concedimus
1492 1970 1691 2033 facultatem.

390 2086 469 2154 Dat.
491 2088 654 2175 Lugduni,
678 2091 746 2155 IIII
769 2091 855 2155 Noe.
877 2090 1031 2165 Ianuarii,
1056 2112 1141 2155 anno
1158 2091 1252 2156 Vl⁰⁸.

397 2212 456 2276 Inl
478 2212 619 2278 cundem
648 2213 778 2278 modum
804 2263 836 2278 ..
860 2212 959 2298 priori
986 2212 1179 2296 provinciali
1208 2211 1329 2276 ordinis
1352 2213 1488 2275 fratrum
1512 2209 1758 2275 Predieatcrum
1782 2230 1839 2294 per
1862 2208 1942 2272 Ale·

297 2319 442 2385 maniam.

395 2419 436 2486 In
458 2421 599 2487 eundem
622 2414 760 2487 moduer'
779 2470 806 2486 ..
831 2421 979 2484 ministro
1003 2419 1196 2505 provinciali
1219 2419 1343 2484 ordinis
1366 2422 1502 2483 fratrem
1519 2417 1682 2482 Minorem
1699 2415 1943 2482 Coloniensium

298 2546 406 2614 usque:
438 2526 576 2593 illustris
599 2548 659 2613 per
680 2532 791 2613 partes
815 2525 907 2610 regni
931 2525 1118 2604 Alamanie,
1148 2525 1181 2588 in
1205 2524 1324 2609 quibes
1347 2523 1504 2610 expedire
1529 2522 1635 2586 visem
1657 2521 1788 2600 fuerit¹,
1812 2540 1943 2585 crucem

297 2628 437 2715 predicar
460 2637 496 2695 ct
517 2652 578 2718 per
599 2630 720 2696 fratres
743 2630 790 2694 tui
813 2628 936 2693 ordinis
962 2636 1024 2694 etc.
1049 2649 1152 2712 esque
1176 2629 1209 2691 in
1232 2629 1330 2692 finem
1353 2634 1389 2691 ut
1412 2648 1522 2712 supra.

395 2733 435 2799 In
459 2733 600 2800 cundem
624 2735 753 2799 modum
771 2778 777 2799 .
797 2785 803 2798 .
821 2733 967 2797 ministro
991 2731 1181 2819 provinciali
1205 2730 1327 2795 ordinis
1348 2731 1484 2795 fratrum
1500 2729 1663 2792 Minorem
1679 2749 1738 2813 per
1755 2726 1945 2791 Saxoniam.

396 2837 436 2902 In
459 2838 599 2903 cundem
623 2837 754 2902 modum
771 2887 778 2900 .
795 2888 802 2902 .
818 2837 918 2922 priori
940 2835 1078 2900 fratrum
1095 2833 1342 2899 Predicatorem
1367 2840 1400 2898 et
1423 2884 1455 2899 ..
1479 2832 1605 2897 custodi
1629 2832 1767 2896 fratrum
1785 2829 1946 2894 Minorem

298 2937 553 3007 Traiecteesium
576 2963 696 3028 usque:
720 2942 855 3006 illustris
879 2960 1009 3004 crucem
1033 2961 1093 3025 per
1116 2959 1251 3023 regnum
1276 2938 1450 3002 Alarnanic
1473 2936 1651 3022 predicetis
1675 2942 1709 2999 et
1732 2934 1859 2999 faciatis
1884 2941 1946 2998 ete.

205 3064 240 3104 ss
300 3052 461 3132 utsupra.

398 3149 439 3215 In
462 3149 604 3215 eundem
627 3150 757 3215 modum
777 3150 921 3235 ..priori
943 3149 1099 3212 fratrum⁰
1121 3145 1367 3210 Predicatoreer
1392 3152 1425 3209 et
1442 3195 1470 3208 ..
1489 3144 1616 3208 custodi
1632 3144 1768 3206 fratrum
1783 3141 1945 3206 Minorem

296 3248 537 3320 beodicnsium.

402 3358 441 3423 ln
464 3358 604 3424 cundem
628 3359 760 3423 modum
786 3408 792 3421 .
809 3406 816 3420 .
839 3358 940 3443 priori
962 3358 1097 3420 fratrum
1114 3353 1362 3419 Predieatoruer
1388 3362 1420 3417 et
1438 3403 1443 3415 .
1460 3403 1466 3416 .
1484 3352 1612 3417 custodi
1635 3352 1771 3415 fratrum
1788 3348 1948 3413 Minorem

295 3458 578 3528 valentinensiem
601 3462 852 3528 Oanreraeensis
875 3461 1028 3526 diocesis.

214 3580 243 3619 Μ
405 3567 445 3631 In
466 3565 607 3633 eundem
630 3566 762 3631 modum
779 3614 786 3629 .
804 3616 813 3632 .
828 3565 927 3652 priori
950 3564 1088 3628 fratrum
1110 3561 1356 3626 Predicatorum
1382 3568 1415 3625 et
1432 3612 1438 3624 .
1455 3613 1461 3625 .
1480 3559 1607 3624 custodi
1631 3560 1767 3622 fratrum
1790 3554 1950 3619 Minorem

295 3667 555 3736 coloniensium.

403 3774 441 3839 In
465 3775 607 3841 eundem
636 3776 767 3840 modum
793 3824 824 3838 ..
849 3774 948 3860 priori
978 3774 1113 3836 fratrem
1137 3768 1383 3834 Predicatorum
1406 3770 1439 3833 in
1463 3766 1678 3852 Antwerpia²
1702 3761 1952 3830 Cameracensis

295 3876 435 3944 diocesis
458 3885 492 3944 et
515 3927 548 3944 ..
573 3879 702 3944 custodi
724 3879 860 3943 fratrum
882 3877 1045 3941 Minorem
1070 3877 1102 3939 in
1125 3873 1316 3938 Brabantia.

403 3982 441 4048 In
464 3983 605 4049 cundem
627 3982 761 4048 modum
785 4032 817 4050 ..
841 3982 998 4068 episeopo
1022 3975 1304 4043 Curreaniensili

216 4096 237 4135 ³⁵
406 4087 445 4151 ln
469 4088 610 4152 eundem
639 4086 769 4152 modum
794 4135 826 4150 ..
850 4085 961 4151 abbati
988 4081 1238 4168 Egmundeesi⁴
1261 4081 1384 4144 ordinis
1409 4078 1514 4143 sancti
1538 4076 1711 4142 Benedicti
1734 4072 1953 4140 Traiecteesis

305 4190 451 4258 diocesis.

923 4361 1334 4373 ———-——-—

1084 4644 1172 4717 631.

405 4764 625 4858 titanae
655 4789 710 4856 rr
731 4811 821 4872 nnn
853 4784 1033 4871 [siparia
1056 4782 1136 4868 ΠΙ]
1168 4781 1399 4862 createrem
1432 4778 1627 4860 maneria
1661 4777 1690 4839 a
1718 4772 1876 4858 [aaran
1899 4770 1959 4854 ιι]

310 4898 395 5010 abac
417 4896 565 4983 Spirensi
586 4895 761 4971 winrnittit,
791 4896 827 4956 et
848 4889 1072 4969 redereptioacs
1094 4890 1232 4950 coleman
1254 4884 1365 4948 contra
1386 4879 1622 4965 Fl‘riderieum]
1644 4875 1801 4959 quendam
1823 4875 1957 4958 irrepere·

405 5164 431 5227 ⁸)
449 5163 508 5213 Dat
527 5168 651 5226 utsupra
669 5157 700 5207 a.
806 5153 832 5218 b)
851 5153 940 5219 incipit
957 5170 983 5202 a.
999 5154 1055 5202 273.
1161 5148 1184 5212 ⁰)
1202 5151 1308 5198 fratrum
1327 5161 1454 5211 repertor.
1561 5139 1586 5204 (¹)
1604 5137 1783 5191 Crnmnniensi
1801 5136 1833 5186 B.

243 5294 265 5334 ω
407 5299 433 5363 1)
447 5294 519 5350 Certe
535 5309 593 5362 erpo
606 5308 684 5360 pape
699 5288 809 5344 cralidit
827 5289 859 5342 ia
875 5287 1016 5342 rrercrrrrllis
1025 5285 1151 5354 prertibea
1165 5282 1329 5338 Oolmricesis
1340 5287 1364 5335 ct
1377 5279 1516 5333 Simonias
1525 5277 1726 5346 proriaciarare
1734 5271 1960 5341 semianimem

307 5383 387 5437 aicae
403 5399 461 5437 non
478 5381 617 5452 capedim
639 5378 685 5433 aod
707 5394 763 5446 qen
786 5375 817 5430 dc
839 5392 921 5430 cartre
942 5374 1062 5428 circuibas
1083 5372 1159 5440 saliis,
1185 5376 1216 5423 at
1238 5372 1292 5437 ‘per
1309 5383 1420 5435 runcum
1437 5363 1631 5418 Alrrrneneiec’
1648 5376 1750 5414 marcere
1764 5357 1959 5426 prodicerent,

308 5468 475 5538 armarat,
493 5485 549 5523 noa
565 5466 633 5522 satia
649 5470 770 5535 opertaen
787 5467 830 5517 cai.
919 5464 946 5528 2)
967 5461 1006 5527 Os.
1019 5478 1046 5514 n.
1061 5466 1121 5514 589.
1208 5460 1238 5521 3)
1259 5453 1396 5509 anima
1412 5451 1487 5505 lcrcrrc
1502 5450 1586 5516 lisiaro
1604 5449 1750 5517 quaequae
1763 5443 1960 5508 erroneam,

306 5557 348 5610 cai
366 5574 445 5627 pepo
464 5554 514 5610 aab
533 5572 559 5609 n.
571 5562 653 5621 1248,
675 5552 753 5607 Febr.
766 5557 801 5605 20
822 5549 891 5603 idem
911 5550 968 5615 [erc
991 5545 1178 5610 srarrulererce;
1201 5544 1234 5608 cf.
1255 5560 1280 5596 n.
1299 5549 1357 5595 504.
1465 5539 1493 5604 4)
1517 5535 1661 5601 Litterae,
1686 5531 1718 5585 dc
1737 5547 1792 5599 qao
1812 5531 1844 5596 cf
1862 5547 1890 5598 p.
1903 5534 1961 5596 438,

307 5649 393 5713 aaa,
413 5640 542 5711 ΡΜ
561 5640 715 5710 licentior
732 5638 815 5709 [qaae
832 5652 871 5706 cp.
889 5636 921 5688 in
940 5634 1006 5704 ch.
1024 5650 1081 5687 nors
1098 5632 1184 5700 cetat]
1202 5635 1226 5684 ct
1244 5625 1474 5692 maiar-Fece,
1493 5624 1510 5677 l.
1522 5639 1544 5677 c.
1562 5628 1640 5690 4936,
1657 5625 1841 5674 4943—4945.

406 5736 472 5793 ua.
487 5734 617 5794 romu
1719 5713 1753 5770 57
