4784 6334
433 373 507 435 ,360
995 367 1044 424 EX
1063 369 1279 424 INNOCEN'FII
1298 368 1336 422 lv
1356 369 1536 424 REGISTRO

444 545 535 606 iuxta
571 543 796 607 enormitatem
830 543 930 627 ipsius
970 541 1082 605 ulcisci
1117 561 1176 604 suo
1211 547 1356 627 tempore
1392 543 1612 616 intendentes,
1649 549 1862 628 potestatem,
1897 543 2021 607 iudices
2056 548 2089 606 et

444 668 579 710 cornuue
603 645 871 711 Cremonensium
907 666 945 708 ac
980 666 1092 708 ornnes
1128 644 1216 722 illos,
1247 647 1300 730 qui
1328 653 1364 708 ut
1386 647 1500 712 cadem
1532 647 1617 711 bona
1640 647 1905 726 devastarentur,
1930 646 2090 710 dederunt

444 751 630 828 consilium,
660 751 818 814 arrxilium
850 770 908 813 seu
937 750 1099 829 favorem,
1124 749 1467 813 excommunicationis
1491 752 1657 814 sententie
1683 750 1724 814 de
1748 751 1883 814 fratrum
1909 756 2089 813 nostrorum

444 855 579 920 consilio
602 853 805 934 innodamus,
826 876 845 916 a
868 874 931 937 qua
954 853 1079 917 absolvi
1104 875 1166 916 nun
1190 852 1332 932 valeant,
1355 853 1415 916 nisi
1438 855 1527 938 prius
1550 855 1624 931 illis,
1648 875 1783 939 quorum
1809 853 1895 917 bona
1918 853 2088 918 devastata

444 965 527 1036 sunt,
554 957 773 1021 satisfecerint
796 955 941 1042 plenarie
964 955 1004 1019 de
1028 955 1178 1019 omuibus
1200 955 1348 1042 dampnis
1373 962 1406 1020 et
1429 958 1599 1042 expensis,
1626 978 1688 1043 que
1712 963 1894 1021 noscuntur
1917 956 2089 1020 occasions
2153 980 2165 1016 s

444 1059 628 1125 huiusmodi
662 1060 846 1124 iucurrisse.
903 1059 1113 1138 Mandemus,
1141 1059 1292 1145 quatinus
1322 1061 1480 1144 premissa
1503 1061 1611 1124 omnia
1641 1060 1865 1145 sollempniter
1887 1059 2033 1144 publices
2057 1065 2090 1123 et

445 1164 603 1252 publicari
627 1163 728 1226 facias
751 1184 810 1247 per
832 1162 939 1226 omnia
961 1163 1044 1242 loca,
1068 1163 1100 1225 iu
1125 1161 1240 1246 quibus
1264 1163 1382 1227 rideris
1405 1163 1580 1250 expedire;
1604 1164 1858 1229 contradictores
1882 1169 1944 1228 etc.

549 1287 623 1351 Dat.
646 1284 808 1370 Lugduni,
825 1281 890 1346 VH
912 1281 989 1346 Idus
1014 1282 1134 1362 Martii,
1158 1304 1243 1347 auno
1260 1282 1316 1350 V⁰.

1224 1681 1310 1757 51a.

553 1795 768 1888 Innocentius
790 1821 846 1885 IV
853 1843 941 1904 popa
964 1822 1084 1886 denotas
1106 1824 1249 1888 ecelesiae
1271 1825 1407 1888 civitatis
1428 1829 1457 1888 et
1478 1823 1606 1888 diocesis
1624 1823 1840 1890 Cremonensis
1861 1845 1930 1890 cnm
1951 1824 2094 1888 omnibns

449 1929 550 2005 tanis,
578 1946 658 2006 qnae
684 1948 705 1988 a
732 1929 864 2004 tempora
891 1924 1112 2006 Lugdunensis
1144 1928 1269 1992 eaneitii
1298 1929 1508 2012 passalorint,
1537 1928 1594 1992 sub
1618 1930 1807 2008 protectione
1832 1948 1893 1992 suu
1915 1928 2044 2008 suscipit
2065 1931 2094 1990 ct
2147 1949 2172 1986 10

448 2029 551 2095 arnnef
566 2029 734 2093 sententias
746 2050 804 2108 per
817 2027 1054 2115 F[riderienm]
1067 2031 1224 2110 quandum
1241 2032 1463 2112 imperatorem,
1481 2031 1617 2095 Ennium
1634 2034 1745 2094 natum
1767 2031 1834 2093 eins
1856 2030 1904 2093 aet
1914 2033 2097 2109 patestatem

452 2135 683 2201 Cremonensem
706 2131 805 2196 media
828 2135 959 2212 tempore
981 2136 1089 2196 cantra
1111 2153 1160 2196 eas
1181 2133 1284 2199 editas
1305 2135 1424 2199 irritat.
1718 2136 1811 2212 1248,
1833 2133 1935 2201 Mart.
1957 2138 2009 2199 11.

551 2253 616 2307 166.
636 2251 684 2306 IV
694 2252 757 2321 Rea.
776 2251 830 2306 Vol.
850 2251 874 2320 I,
891 2259 952 2318 me,-
970 2251 1029 2306 Iit.
1048 2251 1078 2321 V,
1096 2260 1150 2308 666.

552 2339 648 2408 Bcrpcr
664 2346 733 2395 3715.

559 2499 796 2574 Universis
823 2501 996 2574 devotis
1025 2507 1068 2574 et
1095 2502 1250 2577 amicis
1277 2504 1467 2578 ecclesie
1494 2504 1693 2580 civitatis
1721 2509 1764 2578 et
1790 2503 1986 2576 diocesis
2149 2535 2174 2573 ss

1110 2623 1437 2698 Cremonensis,

554 2769 774 2836 Attendentes
797 2769 875 2834 fidei
897 2776 1006 2836 vestre
1030 2772 1260 2848 constantiam,
1293 2771 1453 2858 quemad
1477 2773 1686 2859 apostolicam
1709 2773 1821 2839 sedeur
1845 2773 1967 2838 habere
1990 2771 2097 2834 nosci·

452 2876 539 2953 mini,
564 2881 597 2940 ct
620 2873 864 2939 considerantes
888 2875 988 2938 etiam
1011 2874 1161 2961 dampna,
1185 2898 1248 2961 que
1272 2877 1350 2940 estis
1373 2877 1558 2941 huiusmodi
1574 2878 1745 2942 occasione
1761 2876 1920 2963 perpessi,
1942 2894 2098 2960 personas

452 2985 579 3044 vestras
603 2999 676 3042 cum
699 2978 851 3041 omnibus
874 2977 979 3054 bouis,
1002 2999 1064 3063 que
1089 3001 1109 3043 a
1132 2987 1276 3065 tompore
1300 2979 1529 3064 Lugdunensis
1559 2980 1686 3045 concilii
1714 2979 1934 3066 possidebatis
1963 2977 2097 3063 pacifice

453 3092 487 3149 et
510 3085 618 3170 quiete
642 3090 699 3149 aut
725 3084 758 3147 in
789 3082 931 3147 futurum
961 3084 1053 3147 iustis
1076 3083 1179 3147 modis
1203 3084 1350 3169 poteritis
1373 3084 1520 3172 adipisci,
1545 3085 1585 3149 de
1608 3084 1742 3149 fratrum
1762 3090 1947 3148 nostrorum
1963 3079 2098 3144 consilio
2150 3091 2177 3140 m'

453 3187 512 3252 suh
535 3187 625 3253 beati
647 3186 738 3250 Petri
768 3194 802 3252 et
830 3194 942 3251 nostra
964 3188 1167 3274 protectione
1190 3189 1383 3274 suscipimus
1412 3201 1444 3253 et
1474 3191 1635 3276 presentis
1667 3189 1778 3275 scripti
1807 3187 1987 3274 patrocinio
2012 3206 2099 3249 caru-

454 3293 628 3372 munimus,
652 3298 758 3377 pacta,
782 3292 1013 3376 promissiones
1024 3301 1047 3372 ⁸,
1071 3293 1325 3378 pignorationes,
1349 3294 1575 3379 obligationes,
1591 3293 1793 3372 donationes,
1809 3290 2024 3355 refutationes
2047 3288 2100 3352 vel

457 3417 666 3482 quascunque
689 3394 783 3460 datas
811 3395 888 3460 hinc
917 3395 992 3460 inde
1023 3395 1127 3459 factas
1150 3417 1210 3481 per
1232 3395 1429 3482 principales
1453 3419 1611 3484 personas
1635 3417 1694 3460 seu
1716 3395 1797 3460 alias
1821 3415 1934 3460 eorum
1956 3392 2099 3471 nomine,

456 3500 634 3565 sententias
657 3520 802 3584 quoque,
824 3497 948 3572 banna,
973 3498 1234 3580 confiscationes,
1259 3505 1397 3580 statute,
1419 3520 1532 3586 penas,
1555 3499 1741 3585 privilegia,
1765 3499 1791 3564 si
1815 3519 1879 3583 qua
1902 3503 2017 3562 contra
2039 3517 2098 3560 uos

456 3625 514 3689 per
535 3602 572 3668 F.
597 3602 760 3688 quondam
783 3602 1012 3686 imperatorem
1027 3604 1079 3667 661
1095 3601 1253 3666 Hentium
1270 3609 1381 3668 natum
1406 3605 1477 3668 eius
1494 3611 1551 3668 aut
1575 3652 1607 3669 ..
1632 3609 1830 3688 potestatem
1847 3601 2100 3666 Cremonensem
2153 3619 2178 3659 6

456 3709 507 3772 661
530 3707 686 3772 officiales
710 3727 768 3771 seu
791 3705 930 3770 ballivos
955 3726 1067 3770 eurum
1090 3705 1197 3771 medio
1220 3707 1388 3792 tempore¹
1405 3713 1480 3771 sunt
1503 3706 1592 3772 edita
1616 3727 1675 3771 seu
1696 3707 1834 3793 prolata,
1858 3706 1949 3770 irrita
1970 3705 2102 3791 penitus

457 3811 655 3876 nuntiantes.
699 3809 790 3873 Nulli
813 3829 890 3894 ergo
915 3815 976 3873 etc.
1000 3815 1111 3874 nostro
1134 3811 1343 3896 protectionis
1367 3817 1400 3876 et
1421 3811 1607 3876 irritationis
1630 3816 1691 3875 etc.

562 3933 638 3999 Dat.
661 3931 823 4016 Lugduni,
839 3931 871 3996 V
886 3930 965 3996 Idus
988 3931 1109 4012 Martii,
1133 3953 1218 3997 auno
1234 3932 1291 3998 V⁰.

1077 4131 1487 4148 ————.fl-.-

1240 4350 1324 4424 513.

564 4463 779 4558 Innocentius
801 4489 857 4554 17
874 4511 960 4570 papia
981 4490 1147 4576 [Altaria]
1170 4491 1339 4556 Parmensi
1364 4495 1392 4554 et
1413 4491 1623 4575 [Gnillelmo]
1644 4491 1765 4570 Repim
1793 4488 1943 4570 episeopis
1965 4485 2104 4563 mandat,

460 4602 494 4660 ut
515 4597 594 4661 ciues
612 4595 838 4672 Cremonenses,
854 4592 1055 4679 F[r·ideriea]
1068 4595 1223 4676 qnondam
1239 4595 1421 4674 imperatori
1434 4599 1507 4674 past
1516 4593 1749 4676 6666166166
1770 4593 1891 4656 ineam
1905 4589 2105 4672 depositionis
2157 4611 2184 4650 6

564 4855 588 4920 ¹)
606 4857 779 4924 passessiones
796 4855 829 4907 B.

461 4971 524 5038 fidei
550 4977 574 5026 at
602 4971 746 5027 6166666616
772 4987 895 5026 accensas
921 4973 1043 5027 61616666
1068 4989 1121 5028 sesa
1143 4973 1192 5042 pio
1217 4973 1313 5039 affeetu
1338 4975 1444 5026 666666
1470 4971 1551 5024 matri
1577 4970 1696 5025 materiae
1723 4969 1801 5022 6666
1822 4968 1943 5022 docitem
1964 4964 2107 5037 tyrannide

463 5057 598 5112 Friderr'ci
622 5057 756 5127 6666666
781 5059 957 5128 6666616666,
982 5059 1069 5114 calens
1090 5058 1206 5128 proinde
1228 5058 1376 5127 praedictas
1402 5056 1592 5125 6666666666
1617 5057 1728 5110 asseclam
1745 5055 1851 5122 speciali
1870 5054 1959 5120 [6666
1972 5050 2106 5120 prosequi,

461 5145 510 5198 6611
528 5145 685 5212 apostalicae
704 5145 773 5199 6616
788 5147 951 5214 protectione
968 5163 1029 5200 666
1046 5145 1166 5198 6666166
1184 5161 1274 5199 earnm
1291 5145 1366 5198 danis
1382 5149 1545 5212 meoniorum
1568 5143 1702 5211 Pattluast,
1727 5141 1790 5210 Rea.
1809 5147 1893 5195 12395.
1929 5139 2030 5193 Eadm
2048 5153 2107 5205 crya

463 5231 676 5286 Cremonensium
693 5232 811 5286 66616666
828 5231 976 5285 deuncem
993 5231 1137 5297 66116666
1154 5248 1179 5283 a.
1200 5237 1262 5284 1216
1277 5232 1366 5297 (udas
1382 5247 1434 5284 esse
1451 5229 1566 5296 ridetm5
1584 5229 1619 5295 es.
1638 5229 1716 5284 etiam
1734 5227 1891 5296 1166616νί6
1908 5225 1970 5294 dipl.
1990 5223 2105 5278 066666.
2160 5239 2185 5279 cs

461 5335 487 5386 p.
506 5324 561 5386 232,
579 5336 604 5370 a.
623 5323 727 5372 121761
745 5325 818 5385 1243,
837 5323 861 5371 at
877 5318 951 5384 infra
969 5335 1006 5386 ep.
1024 5335 1052 5371 6.
1070 5325 1124 5372 512.

566 5405 592 5472 1)
615 5403 635 5458 Ι.
654 5421 674 5458 6.
687 5403 749 5458 inde
766 5405 799 5458 ab
816 5405 1039 5472 6121616117.
1075 5404 1111 5457 16
1129 5420 1166 5470 cp.
1178 5421 1206 5457 6.
1218 5411 1268 5459 508
1281 5403 1527 5472 66169666ταῖ66
1544 5401 1765 5456 emundationes
1782 5405 1806 5453 et
1822 5397 2025 5467 assignationes,
2042 5413 2110 5464 murs

462 5489 615 5544 Fn‘darieua
632 5495 655 5544 et
671 5491 789 5555 fautores
806 5491 863 5544 666
879 5490 911 5544 de
927 5490 1000 5544 bonis
1016 5489 1169 5543 iteratorum
1181 5491 1298 5543 eudociae
1310 5495 1370 5558 past
1379 5489 1578 5558 prarnnlpntnrn
1596 5487 1900 5552 cacammnnicctioncm,
1919 5485 1936 5536 i.
1955 5500 1977 5538 6.
1995 5488 2108 5550 61239,

463 5577 546 5630 Mart.
565 5583 606 5642 20,
620 5577 743 5644 socnam,
761 5576 918 5630 initnaerat.
957 5575 1167 5629 (6666666666
1184 5591 1250 5644 crya,
1268 5575 1315 5642 qai
1331 5580 1389 5628 tum
1406 5574 1524 5628 melesius
1539 5573 1726 5640 udlmcrsbunt,
1745 5573 1830 5640 aliqui
1846 5587 1929 5639 usmis
1946 5568 1983 5622 ud
2001 5585 2027 5622 a.
2046 5575 2109 5622 1215

463 5663 617 5730 superatori
636 5661 731 5727 sas-assa
753 5667 777 5715 et
793 5661 826 5716 ab
844 5679 873 5716 eo
887 5661 991 5730 pretias
1006 5661 1133 5730 66666666
1153 5661 1282 5728 uideam,
1301 5678 1368 5729 orsus
1381 5677 1458 5730 papa
1474 5675 1594 5714 reuocare
1611 5659 1715 5726 natum
1732 5659 1766 5725 es.
1783 5657 1833 5711 6616
1849 5673 1876 5709 6.
1895 5664 1939 5711 511
1958 5660 1982 5709 et
2000 5661 2057 5710 610.
2161 5669 2188 5708 6
