<?xml version="1.0" encoding="UTF-8"?>
<!DOCTYPE html PUBLIC "-//W3C//DTD XHTML 1.0 Transitional//EN"
    "http://www.w3.org/TR/xhtml1/DTD/xhtml1-transitional.dtd">
<html xmlns="http://www.w3.org/1999/xhtml" xml:lang="en" lang="en">
 <head>
  <title>
</title>
<meta http-equiv="Content-Type" content="text/html;charset=utf-8" />
  <meta name='ocr-system' content='tesseract 3.04.00' />
  <meta name='ocr-capabilities' content='ocr_page ocr_carea ocr_par ocr_line ocrx_word'/>
</head>
<body>
  <div class='ocr_page' id='page_1' title='image "./monumentagerman00popegoog_0240.png"; bbox 0 0 4784 6332; ppageno 0'>
   <div class='ocr_carea' id='block_1_1' title="bbox 862 412 1942 474">
    <p class='ocr_par' dir='ltr' id='par_1_1' title="bbox 862 412 1942 474">
     <span class='ocr_line' id='line_1_1' title="bbox 862 412 1942 474; baseline 0.007 -8"><span class='ocrx_word' id='word_1_1' title='bbox 862 412 1059 468; x_wconf 76' lang='lat' dir='ltr'>IIPIS&#39;I&#39;OLAE</span> <span class='ocrx_word' id='word_1_2' title='bbox 1078 414 1267 470; x_wconf 69' lang='lat' dir='ltr'>subacuta.</span> <span class='ocrx_word' id='word_1_3' title='bbox 1304 413 1380 468; x_wconf 74' lang='grc'><strong><em>1247.</em></strong></span> <span class='ocrx_word' id='word_1_4' title='bbox 1880 414 1942 474; x_wconf 73' lang='lat'>215</span> 
     </span>
    </p>
   </div>
   <div class='ocr_carea' id='block_1_2' title="bbox 227 583 1949 2231">
    <p class='ocr_par' dir='ltr' id='par_1_2' title="bbox 227 583 1949 2231">
     <span class='ocr_line' id='line_1_2' title="bbox 293 583 1943 674; baseline 0.001 -27"><span class='ocrx_word' id='word_1_5' title='bbox 293 591 355 661; x_wconf 88' lang='lat' dir='ltr'>est,</span> <span class='ocrx_word' id='word_1_6' title='bbox 379 584 465 670; x_wconf 90' lang='lat' dir='ltr'>quod</span> <span class='ocrx_word' id='word_1_7' title='bbox 488 607 546 670; x_wconf 89' lang='lat' dir='ltr'>pro</span> <span class='ocrx_word' id='word_1_8' title='bbox 571 585 692 651; x_wconf 87' lang='lat' dir='ltr'>dilecto</span> <span class='ocrx_word' id='word_1_9' title='bbox 716 587 782 650; x_wconf 87' lang='lat' dir='ltr'>tilio</span> <span class='ocrx_word' id='word_1_10' title='bbox 807 586 997 670; x_wconf 80' lang='lat' dir='ltr'>Segueardo</span> <span class='ocrx_word' id='word_1_11' title='bbox 1022 587 1213 674; x_wconf 86' lang='lat' dir='ltr'>presbytero</span> <span class='ocrx_word' id='word_1_12' title='bbox 1236 587 1377 653; x_wconf 89' lang='lat' dir='ltr'>diocesis</span> <span class='ocrx_word' id='word_1_13' title='bbox 1402 586 1683 671; x_wconf 86' lang='lat' dir='ltr'>Osuaburgcnsis,</span> <span class='ocrx_word' id='word_1_14' title='bbox 1707 583 1795 670; x_wconf 86' lang='lat' dir='ltr'>apud</span> <span class='ocrx_word' id='word_1_15' title='bbox 1817 605 1877 648; x_wconf 89' lang='lat' dir='ltr'>nos</span> <span class='ocrx_word' id='word_1_16' title='bbox 1902 583 1943 649; x_wconf 89' lang='lat' dir='ltr'>dc</span> 
     </span>
     <span class='ocr_line' id='line_1_3' title="bbox 292 687 1943 774; baseline 0 -24"><span class='ocrx_word' id='word_1_17' title='bbox 292 689 362 751; x_wconf 87' lang='lat' dir='ltr'>vita</span> <span class='ocrx_word' id='word_1_18' title='bbox 399 695 434 752; x_wconf 93' lang='lat' dir='ltr'>et</span> <span class='ocrx_word' id='word_1_19' title='bbox 464 689 610 753; x_wconf 90' lang='lat' dir='ltr'>moribus</span> <span class='ocrx_word' id='word_1_20' title='bbox 648 688 883 767; x_wconf 89' lang='lat' dir='ltr'>conmendato‚</span> <span class='ocrx_word' id='word_1_21' title='bbox 921 691 955 752; x_wconf 93' lang='lat' dir='ltr'>in</span> <span class='ocrx_word' id='word_1_22' title='bbox 993 710 1056 774; x_wconf 91' lang='lat' dir='ltr'>quo</span> <span class='ocrx_word' id='word_1_23' title='bbox 1096 691 1294 756; x_wconf 82' lang='lat' dir='ltr'>venerabilis</span> <span class='ocrx_word' id='word_1_24' title='bbox 1330 690 1439 755; x_wconf 84' lang='lat' dir='ltr'>fratris</span> <span class='ocrx_word' id='word_1_25' title='bbox 1479 689 1638 755; x_wconf 93' lang='lat' dir='ltr'>nostri..</span> <span class='ocrx_word' id='word_1_26' title='bbox 1678 687 1943 772; x_wconf 79' lang='lat' dir='ltr'>osnaburgensis</span> 
     </span>
     <span class='ocr_line' id='line_1_4' title="bbox 295 791 1943 880; baseline -0.001 -24"><span class='ocrx_word' id='word_1_27' title='bbox 295 792 462 877; x_wconf 81' lang='lat' dir='ltr'>episcopi·</span> <span class='ocrx_word' id='word_1_28' title='bbox 485 813 523 856; x_wconf 90' lang='lat' dir='ltr'>ac</span> <span class='ocrx_word' id='word_1_29' title='bbox 552 791 671 857; x_wconf 88' lang='lat' dir='ltr'>nobilis</span> <span class='ocrx_word' id='word_1_30' title='bbox 700 793 760 856; x_wconf 87' lang='lat' dir='ltr'>viri</span> <span class='ocrx_word' id='word_1_31' title='bbox 783 791 821 855; x_wconf 88' lang='lat' dir='ltr'>L.</span> <span class='ocrx_word' id='word_1_32' title='bbox 845 794 973 857; x_wconf 92' lang='lat' dir='ltr'>comitis</span> <span class='ocrx_word' id='word_1_33' title='bbox 998 793 1280 880; x_wconf 82' lang='lat' dir='ltr'>Rsvcnsberghe¹</span> <span class='ocrx_word' id='word_1_34' title='bbox 1311 799 1345 858; x_wconf 92' lang='lat' dir='ltr'>et</span> <span class='ocrx_word' id='word_1_35' title='bbox 1371 794 1491 860; x_wconf 86' lang='lat' dir='ltr'>dilecte</span> <span class='ocrx_word' id='word_1_36' title='bbox 1523 795 1556 858; x_wconf 90' lang='lat' dir='ltr'>in</span> <span class='ocrx_word' id='word_1_37' title='bbox 1580 792 1711 858; x_wconf 82' lang='lat' dir='ltr'>Christo</span> <span class='ocrx_word' id='word_1_38' title='bbox 1734 793 1799 857; x_wconf 87' lang='lat' dir='ltr'>filie</span> <span class='ocrx_word' id='word_1_39' title='bbox 1823 791 1943 855; x_wconf 92' lang='lat' dir='ltr'>nobilis</span> 
     </span>
     <span class='ocr_line' id='line_1_5' title="bbox 295 895 1944 984; baseline -0.001 -25"><span class='ocrx_word' id='word_1_40' title='bbox 295 897 443 962; x_wconf 89' lang='lat' dir='ltr'>mulieris</span> <span class='ocrx_word' id='word_1_41' title='bbox 475 944 507 960; x_wconf 90' lang='lat'>..</span> <span class='ocrx_word' id='word_1_42' title='bbox 532 897 697 961; x_wconf 79' lang='lat' dir='ltr'>comitisse</span> <span class='ocrx_word' id='word_1_43' title='bbox 723 896 764 962; x_wconf 90' lang='lat' dir='ltr'>de</span> <span class='ocrx_word' id='word_1_44' title='bbox 787 895 983 978; x_wconf 79' lang='lat' dir='ltr'>WIoton.¹’²,</span> <span class='ocrx_word' id='word_1_45' title='bbox 1012 899 1120 984; x_wconf 85' lang='lat' dir='ltr'>neptis</span> <span class='ocrx_word' id='word_1_46' title='bbox 1145 899 1303 963; x_wconf 80' lang='lat' dir='ltr'>carissimi</span> <span class='ocrx_word' id='word_1_47' title='bbox 1334 901 1366 963; x_wconf 89' lang='lat' dir='ltr'>in</span> <span class='ocrx_word' id='word_1_48' title='bbox 1391 897 1525 962; x_wconf 82' lang='lat' dir='ltr'>Christo</span> <span class='ocrx_word' id='word_1_49' title='bbox 1548 897 1605 960; x_wconf 89' lang='lat' dir='ltr'>filii</span> <span class='ocrx_word' id='word_1_50' title='bbox 1629 897 1732 960; x_wconf 88' lang='lat' dir='ltr'>nostri</span> <span class='ocrx_word' id='word_1_51' title='bbox 1757 895 1944 960; x_wconf 87' lang='lat' dir='ltr'>..illustris</span> 
     </span>
     <span class='ocr_line' id='line_1_6' title="bbox 227 1000 1945 1087; baseline -0.001 -23"><span class='ocrx_word' id='word_1_52' title='bbox 227 1051 232 1064; x_wconf 92' lang='lat'>.</span> <span class='ocrx_word' id='word_1_53' title='bbox 297 1000 385 1084; x_wconf 81' lang='lat' dir='ltr'>ragis</span> <span class='ocrx_word' id='word_1_54' title='bbox 414 1000 651 1080; x_wconf 87' lang='lat' dir='ltr'>Romanomm,</span> <span class='ocrx_word' id='word_1_55' title='bbox 684 1001 834 1065; x_wconf 87' lang='lat' dir='ltr'>volumus</span> <span class='ocrx_word' id='word_1_56' title='bbox 866 1001 1026 1064; x_wconf 91' lang='lat' dir='ltr'>honorare</span> <span class='ocrx_word' id='word_1_57' title='bbox 1062 1021 1235 1087; x_wconf 75' lang='lat' dir='ltr'>personas,</span> <span class='ocrx_word' id='word_1_58' title='bbox 1273 1003 1524 1066; x_wconf 84' lang='lat' dir='ltr'>universitatem</span> <span class='ocrx_word' id='word_1_59' title='bbox 1555 1006 1697 1065; x_wconf 83' lang='lat' dir='ltr'>vestram</span> <span class='ocrx_word' id='word_1_60' title='bbox 1726 1019 1879 1084; x_wconf 82' lang='lat' dir='ltr'>rogamus</span> <span class='ocrx_word' id='word_1_61' title='bbox 1912 1003 1945 1063; x_wconf 91' lang='lat' dir='ltr'>et</span> 
     </span>
     <span class='ocr_line' id='line_1_7' title="bbox 295 1103 1944 1190; baseline 0 -24"><span class='ocrx_word' id='word_1_62' title='bbox 295 1103 463 1167; x_wconf 88' lang='lat' dir='ltr'>hortamur</span> <span class='ocrx_word' id='word_1_63' title='bbox 494 1109 635 1184; x_wconf 85' lang='lat' dir='ltr'>attente,</span> <span class='ocrx_word' id='word_1_64' title='bbox 672 1103 863 1168; x_wconf 86' lang='lat' dir='ltr'>mandantes</span> <span class='ocrx_word' id='word_1_65' title='bbox 892 1104 1045 1189; x_wconf 80' lang='lat' dir='ltr'>quatinus</span> <span class='ocrx_word' id='word_1_66' title='bbox 1076 1104 1230 1184; x_wconf 84' lang='lat' dir='ltr'>eundem,</span> <span class='ocrx_word' id='word_1_67' title='bbox 1263 1105 1387 1169; x_wconf 92' lang='lat' dir='ltr'>nullum</span> <span class='ocrx_word' id='word_1_68' title='bbox 1417 1110 1512 1190; x_wconf 91' lang='lat' dir='ltr'>prout</span> <span class='ocrx_word' id='word_1_69' title='bbox 1540 1103 1658 1168; x_wconf 89' lang='lat' dir='ltr'>dicitur</span> <span class='ocrx_word' id='word_1_70' title='bbox 1686 1104 1944 1169; x_wconf 88' lang='lat' dir='ltr'>ecclesiasticum</span> 
     </span>
     <span class='ocr_line' id='line_1_8' title="bbox 295 1207 1942 1294; baseline -0.002 -22"><span class='ocrx_word' id='word_1_71' title='bbox 295 1208 493 1272; x_wconf 81' lang='lat' dir='ltr'>beneficium</span> <span class='ocrx_word' id='word_1_72' title='bbox 517 1215 721 1290; x_wconf 87' lang='lat' dir='ltr'>assecutum,</span> <span class='ocrx_word' id='word_1_73' title='bbox 750 1231 809 1294; x_wconf 90' lang='lat' dir='ltr'>pro</span> <span class='ocrx_word' id='word_1_74' title='bbox 839 1215 951 1274; x_wconf 89' lang='lat' dir='ltr'>nostra</span> <span class='ocrx_word' id='word_1_75' title='bbox 979 1215 1012 1273; x_wconf 87' lang='lat' dir='ltr'>et</span> <span class='ocrx_word' id='word_1_76' title='bbox 1044 1208 1223 1294; x_wconf 89' lang='lat' dir='ltr'>apostolice</span> <span class='ocrx_word' id='word_1_77' title='bbox 1254 1208 1341 1272; x_wconf 88' lang='lat' dir='ltr'>sodis</span> <span class='ocrx_word' id='word_1_78' title='bbox 1365 1207 1550 1274; x_wconf 88' lang='lat' dir='ltr'>reverentia</span> <span class='ocrx_word' id='word_1_79' title='bbox 1573 1209 1606 1271; x_wconf 93' lang='lat' dir='ltr'>in</span> <span class='ocrx_word' id='word_1_80' title='bbox 1629 1207 1762 1271; x_wconf 84' lang='lat' dir='ltr'>fratrem</span> <span class='ocrx_word' id='word_1_81' title='bbox 1786 1213 1819 1272; x_wconf 91' lang='lat' dir='ltr'>et</span> <span class='ocrx_word' id='word_1_82' title='bbox 1843 1226 1942 1272; x_wconf 85' lang='lat' dir='ltr'>cuno-</span> 
     </span>
     <span class='ocr_line' id='line_1_9' title="bbox 294 1310 1945 1399; baseline -0.001 -25"><span class='ocrx_word' id='word_1_83' title='bbox 294 1311 404 1374; x_wconf 86' lang='lat' dir='ltr'>nicum</span> <span class='ocrx_word' id='word_1_84' title='bbox 420 1310 601 1376; x_wconf 87' lang='lat' dir='ltr'>admittatis</span> <span class='ocrx_word' id='word_1_85' title='bbox 626 1320 659 1378; x_wconf 92' lang='lat' dir='ltr'>et</span> <span class='ocrx_word' id='word_1_86' title='bbox 683 1311 722 1378; x_wconf 91' lang='lat' dir='ltr'>de</span> <span class='ocrx_word' id='word_1_87' title='bbox 745 1310 923 1399; x_wconf 84' lang='lat' dir='ltr'>prebenda,</span> <span class='ocrx_word' id='word_1_88' title='bbox 948 1313 1124 1397; x_wconf 89' lang='lat' dir='ltr'>quamcito</span> <span class='ocrx_word' id='word_1_89' title='bbox 1150 1335 1185 1378; x_wconf 89' lang='lat' dir='ltr'>se</span> <span class='ocrx_word' id='word_1_90' title='bbox 1208 1312 1347 1377; x_wconf 86' lang='lat' dir='ltr'>facultas</span> <span class='ocrx_word' id='word_1_91' title='bbox 1365 1313 1528 1394; x_wconf 85' lang='lat' dir='ltr'>obtulerit,</span> <span class='ocrx_word' id='word_1_92' title='bbox 1551 1312 1732 1377; x_wconf 80' lang='lat' dir='ltr'>liberaliter</span> <span class='ocrx_word' id='word_1_93' title='bbox 1747 1310 1945 1398; x_wconf 88' lang='lat' dir='ltr'>provideatis</span> 
     </span>
     <span class='ocr_line' id='line_1_10' title="bbox 296 1414 1945 1500; baseline 0 -22"><span class='ocrx_word' id='word_1_94' title='bbox 296 1414 405 1479; x_wconf 91' lang='lat' dir='ltr'>eidem</span> <span class='ocrx_word' id='word_1_95' title='bbox 429 1454 469 1462; x_wconf 92' lang='lat'><em>-</em></span> <span class='ocrx_word' id='word_1_96' title='bbox 494 1437 558 1480; x_wconf 89' lang='lat' dir='ltr'>non</span> <span class='ocrx_word' id='word_1_97' title='bbox 583 1417 757 1482; x_wconf 75' lang='lat' dir='ltr'>obstante⁰</span> <span class='ocrx_word' id='word_1_98' title='bbox 781 1424 869 1480; x_wconf 89' lang='lat' dir='ltr'>certo</span> <span class='ocrx_word' id='word_1_99' title='bbox 887 1415 1113 1480; x_wconf 88' lang='lat' dir='ltr'>canonicorum</span> <span class='ocrx_word' id='word_1_100' title='bbox 1137 1436 1272 1481; x_wconf 89' lang='lat' dir='ltr'>numero</span> <span class='ocrx_word' id='word_1_101' title='bbox 1289 1417 1471 1482; x_wconf 88' lang='lat' dir='ltr'>iuramento</span> <span class='ocrx_word' id='word_1_102' title='bbox 1496 1437 1554 1480; x_wconf 88' lang='lat' dir='ltr'>sen</span> <span class='ocrx_word' id='word_1_103' title='bbox 1577 1436 1769 1500; x_wconf 87' lang='lat' dir='ltr'>quacunque</span> <span class='ocrx_word' id='word_1_104' title='bbox 1792 1415 1945 1479; x_wconf 90' lang='lat' dir='ltr'>firmitate</span> 
     </span>
     <span class='ocr_line' id='line_1_11' title="bbox 297 1518 1946 1606; baseline -0.001 -24"><span class='ocrx_word' id='word_1_105' title='bbox 297 1519 436 1596; x_wconf 80' lang='lat' dir='ltr'>vallato,</span> <span class='ocrx_word' id='word_1_106' title='bbox 467 1520 521 1584; x_wconf 85' lang='lat' dir='ltr'>vel</span> <span class='ocrx_word' id='word_1_107' title='bbox 552 1521 579 1584; x_wconf 89' lang='lat' dir='ltr'>si</span> <span class='ocrx_word' id='word_1_108' title='bbox 608 1520 701 1585; x_wconf 88' lang='lat' dir='ltr'>vobis</span> <span class='ocrx_word' id='word_1_109' title='bbox 737 1543 795 1606; x_wconf 91' lang='lat' dir='ltr'>pro</span> <span class='ocrx_word' id='word_1_110' title='bbox 823 1519 896 1582; x_wconf 90' lang='lat' dir='ltr'>aliis</span> <span class='ocrx_word' id='word_1_111' title='bbox 925 1519 1047 1604; x_wconf 90' lang='lat' dir='ltr'>scripta</span> <span class='ocrx_word' id='word_1_112' title='bbox 1070 1525 1180 1583; x_wconf 91' lang='lat' dir='ltr'>nostra</span> <span class='ocrx_word' id='word_1_113' title='bbox 1202 1518 1396 1598; x_wconf 76' lang='lat' dir='ltr'>direximus,</span> <span class='ocrx_word' id='word_1_114' title='bbox 1430 1519 1548 1604; x_wconf 92' lang='lat' dir='ltr'>quibus</span> <span class='ocrx_word' id='word_1_115' title='bbox 1578 1519 1727 1583; x_wconf 91' lang='lat' dir='ltr'>nolumus</span> <span class='ocrx_word' id='word_1_116' title='bbox 1751 1519 1946 1594; x_wconf 88' lang='lat' dir='ltr'>auctoritate</span> 
     </span>
     <span class='ocr_line' id='line_1_12' title="bbox 296 1621 1947 1711; baseline -0.002 -25"><span class='ocrx_word' id='word_1_117' title='bbox 296 1624 498 1708; x_wconf 86' lang='lat' dir='ltr'>presentium</span> <span class='ocrx_word' id='word_1_118' title='bbox 521 1624 738 1711; x_wconf 91' lang='lat' dir='ltr'>preiudicium</span> <span class='ocrx_word' id='word_1_119' title='bbox 760 1623 922 1709; x_wconf 78' lang='lat' dir='ltr'>generari,</span> <span class='ocrx_word' id='word_1_120' title='bbox 948 1629 1004 1688; x_wconf 90' lang='lat' dir='ltr'>aut</span> <span class='ocrx_word' id='word_1_121' title='bbox 1027 1623 1135 1709; x_wconf 89' lang='lat' dir='ltr'>aliqua</span> <span class='ocrx_word' id='word_1_122' title='bbox 1159 1623 1377 1706; x_wconf 84' lang='lat' dir='ltr'>indulgentia,</span> <span class='ocrx_word' id='word_1_123' title='bbox 1406 1623 1447 1688; x_wconf 93' lang='lat' dir='ltr'>de</span> <span class='ocrx_word' id='word_1_124' title='bbox 1478 1644 1542 1707; x_wconf 94' lang='lat' dir='ltr'>qua</span> <span class='ocrx_word' id='word_1_125' title='bbox 1565 1624 1745 1709; x_wconf 78' lang='lat' dir='ltr'>specialem</span> <span class='ocrx_word' id='word_1_126' title='bbox 1774 1624 1807 1686; x_wconf 93' lang='lat' dir='ltr'>in</span> <span class='ocrx_word' id='word_1_127' title='bbox 1829 1621 1947 1686; x_wconf 91' lang='lat' dir='ltr'>litteris</span> 
     </span>
     <span class='ocr_line' id='line_1_13' title="bbox 297 1723 1947 1816; baseline -0.002 -25"><span class='ocrx_word' id='word_1_128' title='bbox 297 1728 418 1792; x_wconf 89' lang='lat' dir='ltr'>nostris</span> <span class='ocrx_word' id='word_1_129' title='bbox 447 1736 597 1816; x_wconf 87' lang='lat' dir='ltr'>oporteat</span> <span class='ocrx_word' id='word_1_130' title='bbox 626 1731 697 1794; x_wconf 89' lang='lat' dir='ltr'>lieri</span> <span class='ocrx_word' id='word_1_131' title='bbox 726 1731 926 1794; x_wconf 88' lang='lat' dir='ltr'>mentionem</span> <span class='ocrx_word' id='word_1_132' title='bbox 951 1751 1005 1795; x_wconf 89' lang='lat'>-;</span> <span class='ocrx_word' id='word_1_133' title='bbox 1035 1749 1149 1812; x_wconf 89' lang='lat' dir='ltr'>preces</span> <span class='ocrx_word' id='word_1_134' title='bbox 1177 1735 1211 1792; x_wconf 88' lang='lat' dir='ltr'>et</span> <span class='ocrx_word' id='word_1_135' title='bbox 1240 1725 1427 1791; x_wconf 86' lang='lat' dir='ltr'>mandatum</span> <span class='ocrx_word' id='word_1_136' title='bbox 1455 1733 1602 1791; x_wconf 91' lang='lat' dir='ltr'>nostrum</span> <span class='ocrx_word' id='word_1_137' title='bbox 1630 1727 1741 1793; x_wconf 87' lang='lat' dir='ltr'>taliter</span> <span class='ocrx_word' id='word_1_138' title='bbox 1770 1723 1947 1812; x_wconf 86' lang='lat' dir='ltr'>impleturi,</span> 
     </span>
     <span class='ocr_line' id='line_1_14' title="bbox 296 1829 1947 1918; baseline -0.004 -21"><span class='ocrx_word' id='word_1_139' title='bbox 296 1837 344 1902; x_wconf 88' lang='lat' dir='ltr'>ut,</span> <span class='ocrx_word' id='word_1_140' title='bbox 370 1854 408 1897; x_wconf 89' lang='lat' dir='ltr'>eo</span> <span class='ocrx_word' id='word_1_141' title='bbox 432 1832 599 1917; x_wconf 83' lang='lat' dir='ltr'>gaudente</span> <span class='ocrx_word' id='word_1_142' title='bbox 624 1834 780 1918; x_wconf 88' lang='lat' dir='ltr'>consequi</span> <span class='ocrx_word' id='word_1_143' title='bbox 804 1833 890 1918; x_wconf 90' lang='lat' dir='ltr'>quod</span> <span class='ocrx_word' id='word_1_144' title='bbox 915 1833 947 1898; x_wconf 90' lang='lat' dir='ltr'>in</span> <span class='ocrx_word' id='word_1_145' title='bbox 971 1833 1031 1896; x_wconf 84' lang='lat' dir='ltr'>hac</span> <span class='ocrx_word' id='word_1_146' title='bbox 1054 1838 1147 1917; x_wconf 89' lang='lat' dir='ltr'>parts</span> <span class='ocrx_word' id='word_1_147' title='bbox 1171 1829 1350 1910; x_wconf 85' lang='lat' dir='ltr'>desiderat,</span> <span class='ocrx_word' id='word_1_148' title='bbox 1379 1830 1479 1914; x_wconf 83' lang='lat' dir='ltr'>digna</span> <span class='ocrx_word' id='word_1_149' title='bbox 1502 1830 1604 1894; x_wconf 88' lang='lat' dir='ltr'>nostri</span> <span class='ocrx_word' id='word_1_150' title='bbox 1628 1830 1748 1896; x_wconf 83' lang='lat' dir='ltr'>favoris</span> <span class='ocrx_word' id='word_1_151' title='bbox 1770 1836 1947 1913; x_wconf 84' lang='lat' dir='ltr'>augmento</span> 
     </span>
     <span class='ocr_line' id='line_1_15' title="bbox 298 1931 1949 2019; baseline -0.003 -20"><span class='ocrx_word' id='word_1_152' title='bbox 298 1942 408 2002; x_wconf 79' lang='lat' dir='ltr'>vestre</span> <span class='ocrx_word' id='word_1_153' title='bbox 431 1937 602 2001; x_wconf 88' lang='lat' dir='ltr'>sinceritas</span> <span class='ocrx_word' id='word_1_154' title='bbox 624 1936 809 2002; x_wconf 87' lang='lat' dir='ltr'>devotionis</span> <span class='ocrx_word' id='word_1_155' title='bbox 832 1937 961 2002; x_wconf 87' lang='lat' dir='ltr'>existat.</span> <span class='ocrx_word' id='word_1_156' title='bbox 999 1935 1155 2019; x_wconf 85' lang='lat' dir='ltr'>Alioquin</span> <span class='ocrx_word' id='word_1_157' title='bbox 1175 1935 1303 2000; x_wconf 86' lang='lat' dir='ltr'>dilectis</span> <span class='ocrx_word' id='word_1_158' title='bbox 1322 1936 1398 1999; x_wconf 90' lang='lat' dir='ltr'>filiis</span> <span class='ocrx_word' id='word_1_159' title='bbox 1423 1983 1455 2000; x_wconf 89' lang='lat'>..</span> <span class='ocrx_word' id='word_1_160' title='bbox 1481 1934 1663 2016; x_wconf 87' lang='lat' dir='ltr'>scolastico,</span> <span class='ocrx_word' id='word_1_161' title='bbox 1689 1981 1721 1998; x_wconf 92' lang='lat'>..</span> <span class='ocrx_word' id='word_1_162' title='bbox 1745 1931 1949 1998; x_wconf 87' lang='lat' dir='ltr'>thesaurario</span> 
     </span>
     <span class='ocr_line' id='line_1_16' title="bbox 300 2033 1948 2112; baseline -0.004 -8"><span class='ocrx_word' id='word_1_163' title='bbox 300 2046 334 2104; x_wconf 89' lang='lat' dir='ltr'>ct</span> <span class='ocrx_word' id='word_1_164' title='bbox 357 2039 528 2106; x_wconf 91' lang='lat' dir='ltr'>Bertramo</span> <span class='ocrx_word' id='word_1_165' title='bbox 553 2040 711 2106; x_wconf 90' lang='lat' dir='ltr'>canonico</span> <span class='ocrx_word' id='word_1_166' title='bbox 736 2039 848 2106; x_wconf 82' lang='lat' dir='ltr'>Sancti</span> <span class='ocrx_word' id='word_1_167' title='bbox 871 2039 1034 2105; x_wconf 84' lang='lat' dir='ltr'>Auschuri</span> <span class='ocrx_word' id='word_1_168' title='bbox 1058 2037 1250 2106; x_wconf 86' lang='lat' dir='ltr'>Bremensis</span> <span class='ocrx_word' id='word_1_169' title='bbox 1278 2040 1399 2104; x_wconf 88' lang='lat' dir='ltr'>nostris</span> <span class='ocrx_word' id='word_1_170' title='bbox 1431 2039 1546 2103; x_wconf 87' lang='lat' dir='ltr'>damus</span> <span class='ocrx_word' id='word_1_171' title='bbox 1576 2035 1694 2102; x_wconf 91' lang='lat' dir='ltr'>litteris</span> <span class='ocrx_word' id='word_1_172' title='bbox 1718 2035 1750 2100; x_wconf 88' lang='lat' dir='ltr'>in</span> <span class='ocrx_word' id='word_1_173' title='bbox 1774 2033 1948 2112; x_wconf 86' lang='lat' dir='ltr'>mandatis,</span> 
     </span>
     <span class='ocr_line' id='line_1_17' title="bbox 298 2142 1607 2231; baseline -0.005 -23"><span class='ocrx_word' id='word_1_174' title='bbox 298 2150 335 2208; x_wconf 91' lang='lat' dir='ltr'>ut</span> <span class='ocrx_word' id='word_1_175' title='bbox 358 2165 457 2231; x_wconf 88' lang='lat' dir='ltr'>super</span> <span class='ocrx_word' id='word_1_176' title='bbox 480 2144 541 2210; x_wconf 92' lang='lat' dir='ltr'>hoc</span> <span class='ocrx_word' id='word_1_177' title='bbox 564 2143 754 2210; x_wconf 83' lang='lat' dir='ltr'>mandatum</span> <span class='ocrx_word' id='word_1_178' title='bbox 777 2144 994 2230; x_wconf 90' lang='lat' dir='ltr'>apostolicum</span> <span class='ocrx_word' id='word_1_179' title='bbox 1019 2150 1238 2228; x_wconf 88' lang='lat' dir='ltr'>exequantnr;</span> <span class='ocrx_word' id='word_1_180' title='bbox 1263 2142 1521 2208; x_wconf 85' lang='lat' dir='ltr'>contradictores</span> <span class='ocrx_word' id='word_1_181' title='bbox 1545 2147 1607 2206; x_wconf 86' lang='lat' dir='ltr'>etc.</span> 
     </span>
    </p>
   </div>
   <div class='ocr_carea' id='block_1_3' title="bbox 407 2262 1281 2351">
    <p class='ocr_par' dir='ltr' id='par_1_3' title="bbox 407 2262 1281 2351">
     <span class='ocr_line' id='line_1_18' title="bbox 407 2262 1281 2351; baseline -0.003 -21"><span class='ocrx_word' id='word_1_182' title='bbox 407 2262 485 2332; x_wconf 89' lang='lat' dir='ltr'>Dat.</span> <span class='ocrx_word' id='word_1_183' title='bbox 507 2266 671 2351; x_wconf 83' lang='lat' dir='ltr'>Lugduni,</span> <span class='ocrx_word' id='word_1_184' title='bbox 695 2265 779 2330; x_wconf 89' lang='lat' dir='ltr'>VIII</span> <span class='ocrx_word' id='word_1_185' title='bbox 801 2264 877 2333; x_wconf 90' lang='lat' dir='ltr'>Kal.</span> <span class='ocrx_word' id='word_1_186' title='bbox 901 2263 1023 2346; x_wconf 86' lang='lat' dir='ltr'>Martii,</span> <span class='ocrx_word' id='word_1_187' title='bbox 1050 2285 1134 2330; x_wconf 91' lang='lat' dir='ltr'>anno</span> <span class='ocrx_word' id='word_1_188' title='bbox 1157 2269 1281 2350; x_wconf 90' lang='lat' dir='ltr'>quarto.</span> 
     </span>
    </p>
   </div>
   <div class='ocr_carea' id='block_1_4' title="bbox 919 2527 1328 2536">
    <p class='ocr_par' dir='ltr' id='par_1_4' title="bbox 919 2527 1328 2536">
     <span class='ocr_line' id='line_1_19' title="bbox 919 2527 1328 2536; baseline -0.005 -2"><span class='ocrx_word' id='word_1_189' title='bbox 919 2527 1269 2536; x_wconf 75' lang='lat'>——.-—---</span> <span class='ocrx_word' id='word_1_190' title='bbox 1275 2527 1328 2532; x_wconf 87' lang='lat'>—-</span> 
     </span>
    </p>
   </div>
   <div class='ocr_carea' id='block_1_5' title="bbox 1083 2770 1170 2844">
    <p class='ocr_par' dir='ltr' id='par_1_5' title="bbox 1083 2770 1170 2844">
     <span class='ocr_line' id='line_1_20' title="bbox 1083 2770 1170 2844; baseline 0 0"><span class='ocrx_word' id='word_1_191' title='bbox 1083 2770 1170 2844; x_wconf 64' lang='lat'><strong>288.</strong></span> 
     </span>
    </p>
   </div>
   <div class='ocr_carea' id='block_1_6' title="bbox 303 2885 1954 3468">
    <p class='ocr_par' dir='ltr' id='par_1_6' title="bbox 303 2885 1954 3102">
     <span class='ocr_line' id='line_1_21' title="bbox 407 2885 1954 2997; baseline -0.008 -19"><span class='ocrx_word' id='word_1_192' title='bbox 407 2885 626 2980; x_wconf 79' lang='lat' dir='ltr'>Irsnoocntius</span> <span class='ocrx_word' id='word_1_193' title='bbox 652 2914 709 2978; x_wconf 89' lang='lat' dir='ltr'>IV</span> <span class='ocrx_word' id='word_1_194' title='bbox 727 2935 816 2997; x_wconf 78' lang='lat' dir='ltr'>popu</span> <span class='ocrx_word' id='word_1_195' title='bbox 847 2933 1003 2978; x_wconf 80' lang='lat' dir='ltr'>commrruc</span> <span class='ocrx_word' id='word_1_196' title='bbox 1036 2913 1244 2997; x_wconf 78' lang='lat' dir='ltr'>Ferraricnsc</span> <span class='ocrx_word' id='word_1_197' title='bbox 1271 2911 1311 2976; x_wconf 85' lang='lat' dir='ltr'>ab</span> <span class='ocrx_word' id='word_1_198' title='bbox 1340 2909 1424 2975; x_wconf 72' lang='lat' dir='ltr'>misai</span> <span class='ocrx_word' id='word_1_199' title='bbox 1455 2907 1654 2990; x_wconf 80' lang='lat' dir='ltr'>oblipatiouc,</span> <span class='ocrx_word' id='word_1_200' title='bbox 1685 2925 1749 2988; x_wconf 81' lang='lat' dir='ltr'>quc</span> <span class='ocrx_word' id='word_1_201' title='bbox 1789 2903 1954 2968; x_wconf 80' lang='lat' dir='ltr'>Fridcrico</span> 
     </span>
     <span class='ocr_line' id='line_1_22' title="bbox 303 3007 1867 3102; baseline -0.011 -16"><span class='ocrx_word' id='word_1_202' title='bbox 303 3021 461 3102; x_wconf 77' lang='lat' dir='ltr'>quondum</span> <span class='ocrx_word' id='word_1_203' title='bbox 482 3019 666 3100; x_wconf 83' lang='lat' dir='ltr'>imperatori</span> <span class='ocrx_word' id='word_1_204' title='bbox 688 3021 838 3095; x_wconf 81' lang='lat' dir='ltr'>tencatur,</span> <span class='ocrx_word' id='word_1_205' title='bbox 861 3015 1001 3081; x_wconf 83' lang='lat' dir='ltr'>absoluit.</span> <span class='ocrx_word' id='word_1_206' title='bbox 1592 3013 1685 3086; x_wconf 76' lang='lat'><strong><em>1247,</em></strong></span> <span class='ocrx_word' id='word_1_207' title='bbox 1707 3007 1801 3073; x_wconf 83' lang='lat' dir='ltr'>Febr.</span> <span class='ocrx_word' id='word_1_208' title='bbox 1814 3007 1867 3070; x_wconf 83' lang='lat'>25.</span> 
     </span>
    </p>

    <p class='ocr_par' dir='ltr' id='par_1_7' title="bbox 303 3124 1953 3384">
     <span class='ocr_line' id='line_1_23' title="bbox 409 3124 1952 3208; baseline -0.01 -14"><span class='ocrx_word' id='word_1_209' title='bbox 409 3141 471 3194; x_wconf 72' lang='lat' dir='ltr'>Iam</span> <span class='ocrx_word' id='word_1_210' title='bbox 486 3139 506 3194; x_wconf 91' lang='lat' dir='ltr'>I</span> <span class='ocrx_word' id='word_1_211' title='bbox 510 3139 535 3193; x_wconf 90' lang='lat' dir='ltr'><em>V</em></span> <span class='ocrx_word' id='word_1_212' title='bbox 551 3139 613 3208; x_wconf 77' lang='lat' dir='ltr'>Rcy.</span> <span class='ocrx_word' id='word_1_213' title='bbox 633 3138 687 3193; x_wconf 89' lang='lat' dir='ltr'>Vol.</span> <span class='ocrx_word' id='word_1_214' title='bbox 701 3139 724 3206; x_wconf 91' lang='grc' dir='ltr'>Ι,</span> <span class='ocrx_word' id='word_1_215' title='bbox 737 3145 798 3202; x_wconf 65' lang='lat' dir='ltr'>wo,-</span> <span class='ocrx_word' id='word_1_216' title='bbox 817 3135 877 3190; x_wconf 85' lang='lat' dir='ltr'>Lib.</span> <span class='ocrx_word' id='word_1_217' title='bbox 892 3137 944 3202; x_wconf 87' lang='lat' dir='ltr'>IV,</span> <span class='ocrx_word' id='word_1_218' title='bbox 958 3142 1012 3190; x_wconf 73' lang='grc'><strong><em>131.</em></strong></span> <span class='ocrx_word' id='word_1_219' title='bbox 1051 3135 1150 3188; x_wconf 76' lang='lat' dir='ltr'>I&#39;ertrii</span> <span class='ocrx_word' id='word_1_220' title='bbox 1168 3136 1302 3202; x_wconf 58' lang='lat' dir='ltr'>accrumcr</span> <span class='ocrx_word' id='word_1_221' title='bbox 1320 3133 1480 3188; x_wconf 71' lang='lat' dir='ltr'>contulisses</span> <span class='ocrx_word' id='word_1_222' title='bbox 1498 3147 1558 3184; x_wconf 79' lang='lat' dir='ltr'>cum</span> <span class='ocrx_word' id='word_1_223' title='bbox 1582 3129 1705 3196; x_wconf 78' lang='lat' dir='ltr'>Thelser,</span> <span class='ocrx_word' id='word_1_224' title='bbox 1722 3126 1784 3181; x_wconf 73' lang='lat' dir='ltr'>dod.</span> <span class='ocrx_word' id='word_1_225' title='bbox 1804 3125 1869 3194; x_wconf 85' lang='lat' dir='ltr'>dipl.</span> <span class='ocrx_word' id='word_1_226' title='bbox 1886 3124 1952 3178; x_wconf 80' lang='lat' dir='ltr'>dorrr.</span> 
     </span>
     <span class='ocr_line' id='line_1_24' title="bbox 303 3211 1953 3296; baseline -0.012 -13"><span class='ocrx_word' id='word_1_227' title='bbox 303 3234 377 3296; x_wconf 72' lang='lat' dir='ltr'>turp.</span> <span class='ocrx_word' id='word_1_228' title='bbox 400 3245 420 3282; x_wconf 83' lang='lat' dir='ltr'>s.</span> <span class='ocrx_word' id='word_1_229' title='bbox 439 3226 515 3295; x_wconf 80' lang='lat' dir='ltr'>sedis,</span> <span class='ocrx_word' id='word_1_230' title='bbox 534 3233 553 3283; x_wconf 85' lang='grc'>1.</span> <span class='ocrx_word' id='word_1_231' title='bbox 567 3228 589 3296; x_wconf 87' lang='grc' dir='ltr'>Ι,</span> <span class='ocrx_word' id='word_1_232' title='bbox 599 3245 629 3295; x_wconf 79' lang='lat' dir='ltr'>p.</span> <span class='ocrx_word' id='word_1_233' title='bbox 644 3233 697 3291; x_wconf 72' lang='lat'>122,</span> <span class='ocrx_word' id='word_1_234' title='bbox 714 3243 743 3280; x_wconf 76' lang='lat' dir='ltr'>u.</span> <span class='ocrx_word' id='word_1_235' title='bbox 755 3233 816 3292; x_wconf 78' lang='grc'><strong><em>2111,</em></strong></span> <span class='ocrx_word' id='word_1_236' title='bbox 841 3223 1035 3292; x_wconf 77' lang='lat' dir='ltr'>quiepictolum</span> <span class='ocrx_word' id='word_1_237' title='bbox 1057 3237 1090 3275; x_wconf 79' lang='lat' dir='ltr'>ccc</span> <span class='ocrx_word' id='word_1_238' title='bbox 1107 3223 1282 3276; x_wconf 78' lang='lat' dir='ltr'>ixstmmcnto</span> <span class='ocrx_word' id='word_1_239' title='bbox 1303 3218 1471 3274; x_wconf 78' lang='lat' dir='ltr'>Rmabertiai</span> <span class='ocrx_word' id='word_1_240' title='bbox 1495 3217 1595 3271; x_wconf 68' lang='lat' dir='ltr'>actura¹</span> <span class='ocrx_word' id='word_1_241' title='bbox 1612 3221 1735 3282; x_wconf 70' lang='grc'><strong><em>(11117,</em></strong></span> <span class='ocrx_word' id='word_1_242' title='bbox 1757 3211 1953 3277; x_wconf 70' lang='lat' dir='ltr'>Metiosedo,</span> 
     </span>
     <span class='ocr_line' id='line_1_25' title="bbox 303 3303 1552 3384; baseline -0.013 -13"><span class='ocrx_word' id='word_1_243' title='bbox 303 3313 374 3384; x_wconf 67' lang='lat' dir='ltr'>quor</span> <span class='ocrx_word' id='word_1_244' title='bbox 389 3312 539 3370; x_wconf 68' lang='lat' dir='ltr'>marmur</span> <span class='ocrx_word' id='word_1_245' title='bbox 555 3312 588 3366; x_wconf 69' lang='lat' dir='ltr'>aa</span> <span class='ocrx_word' id='word_1_246' title='bbox 605 3311 664 3368; x_wconf 75' lang='lat' dir='ltr'>rar.</span> <span class='ocrx_word' id='word_1_247' title='bbox 682 3310 802 3366; x_wconf 70' lang='lat' dir='ltr'>amora</span> <span class='ocrx_word' id='word_1_248' title='bbox 821 3311 891 3364; x_wconf 64' lang='lat' dir='ltr'>scs</span> <span class='ocrx_word' id='word_1_249' title='bbox 909 3307 1135 3364; x_wconf 67' lang='lat' dir='ltr'>amasses</span> <span class='ocrx_word' id='word_1_250' title='bbox 1159 3307 1300 3373; x_wconf 68' lang='lat' dir='ltr'>amc</span> <span class='ocrx_word' id='word_1_251' title='bbox 1319 3313 1362 3374; x_wconf 85' lang='lat' dir='ltr'>so,</span> <span class='ocrx_word' id='word_1_252' title='bbox 1381 3303 1461 3360; x_wconf 66' lang='lat' dir='ltr'>aar</span> <span class='ocrx_word' id='word_1_253' title='bbox 1478 3303 1552 3373; x_wconf 72' lang='grc'><strong><em>(1.1.</em></strong></span> 
     </span>
    </p>

    <p class='ocr_par' dir='ltr' id='par_1_8' title="bbox 408 3398 930 3468">
     <span class='ocr_line' id='line_1_26' title="bbox 408 3398 930 3468; baseline -0.006 -14"><span class='ocrx_word' id='word_1_254' title='bbox 408 3398 539 3468; x_wconf 73' lang='lat' dir='ltr'>emtas,</span> <span class='ocrx_word' id='word_1_255' title='bbox 555 3399 619 3468; x_wconf 68' lang='lat' dir='ltr'>Res.</span> <span class='ocrx_word' id='word_1_256' title='bbox 633 3403 728 3462; x_wconf 64' lang='lat'><strong><em>1242&amp;</em></strong></span> <span class='ocrx_word' id='word_1_257' title='bbox 746 3399 844 3466; x_wconf 71' lang='lat' dir='ltr'>Beroea</span> <span class='ocrx_word' id='word_1_258' title='bbox 855 3403 930 3452; x_wconf 69' lang='lat'><strong><em>2433.</em></strong></span> 
     </span>
    </p>
   </div>
   <div class='ocr_carea' id='block_1_7' title="bbox 868 3553 1386 3632">
    <p class='ocr_par' dir='ltr' id='par_1_9' title="bbox 868 3553 1386 3632">
     <span class='ocr_line' id='line_1_27' title="bbox 868 3553 1386 3632; baseline -0.012 0"><span class='ocrx_word' id='word_1_259' title='bbox 868 3559 1055 3632; x_wconf 88' lang='lat' dir='ltr'>Comuni</span> <span class='ocrx_word' id='word_1_260' title='bbox 1089 3553 1386 3631; x_wconf 85' lang='lat' dir='ltr'>Ferrariensi.</span> 
     </span>
    </p>
   </div>
   <div class='ocr_carea' id='block_1_8' title="bbox 305 3694 1958 4316">
    <p class='ocr_par' dir='ltr' id='par_1_10' title="bbox 305 3694 1958 4316">
     <span class='ocr_line' id='line_1_28' title="bbox 415 3694 1955 3796; baseline -0.013 -20"><span class='ocrx_word' id='word_1_261' title='bbox 415 3711 634 3796; x_wconf 79' lang='lat' dir='ltr'>Exigentibus</span> <span class='ocrx_word' id='word_1_262' title='bbox 652 3709 834 3776; x_wconf 84' lang='lat' dir='ltr'>devotionis</span> <span class='ocrx_word' id='word_1_263' title='bbox 851 3705 981 3772; x_wconf 82' lang='lat' dir='ltr'>vestre‘l</span> <span class='ocrx_word' id='word_1_264' title='bbox 996 3707 1133 3784; x_wconf 88' lang='lat' dir='ltr'>meritis,</span> <span class='ocrx_word' id='word_1_265' title='bbox 1149 3704 1235 3768; x_wconf 88' lang='lat' dir='ltr'>votis</span> <span class='ocrx_word' id='word_1_266' title='bbox 1251 3703 1370 3768; x_wconf 88' lang='lat' dir='ltr'>vestris</span> <span class='ocrx_word' id='word_1_267' title='bbox 1387 3703 1528 3768; x_wconf 89' lang='lat' dir='ltr'>libenter</span> <span class='ocrx_word' id='word_1_268' title='bbox 1544 3699 1716 3766; x_wconf 89' lang='lat' dir='ltr'>annuimus</span> <span class='ocrx_word' id='word_1_269' title='bbox 1733 3703 1766 3760; x_wconf 92' lang='lat' dir='ltr'>ct</span> <span class='ocrx_word' id='word_1_270' title='bbox 1781 3694 1955 3780; x_wconf 81' lang='lat' dir='ltr'>petitiones</span> 
     </span>
     <span class='ocr_line' id='line_1_29' title="bbox 305 3796 1955 3900; baseline -0.012 -21"><span class='ocrx_word' id='word_1_271' title='bbox 305 3822 444 3892; x_wconf 88' lang='lat' dir='ltr'>vestras,</span> <span class='ocrx_word' id='word_1_272' title='bbox 468 3821 624 3900; x_wconf 87' lang='lat' dir='ltr'>quantum</span> <span class='ocrx_word' id='word_1_273' title='bbox 649 3833 723 3877; x_wconf 90' lang='lat' dir='ltr'>cum</span> <span class='ocrx_word' id='word_1_274' title='bbox 745 3811 817 3876; x_wconf 89' lang='lat' dir='ltr'>Deo</span> <span class='ocrx_word' id='word_1_275' title='bbox 841 3832 1026 3897; x_wconf 90' lang='lat' dir='ltr'>possumus,</span> <span class='ocrx_word' id='word_1_276' title='bbox 1058 3809 1281 3874; x_wconf 77' lang='lat' dir='ltr'>favorabiliter·</span> <span class='ocrx_word' id='word_1_277' title='bbox 1304 3805 1509 3872; x_wconf 85' lang='lat' dir='ltr'>exaudimus.</span> <span class='ocrx_word' id='word_1_278' title='bbox 1555 3803 1754 3889; x_wconf 80' lang='lat' dir='ltr'>Eapropter,</span> <span class='ocrx_word' id='word_1_279' title='bbox 1788 3796 1899 3864; x_wconf 88' lang='lat' dir='ltr'>dilecti</span> <span class='ocrx_word' id='word_1_280' title='bbox 1923 3796 1955 3860; x_wconf 92' lang='lat' dir='ltr'>in</span> 
     </span>
     <span class='ocr_line' id='line_1_30' title="bbox 305 3899 1955 4001; baseline -0.014 -16"><span class='ocrx_word' id='word_1_281' title='bbox 305 3919 447 3984; x_wconf 89' lang='lat' dir='ltr'>Domino</span> <span class='ocrx_word' id='word_1_282' title='bbox 470 3917 539 3996; x_wconf 89' lang='lat' dir='ltr'>filii,</span> <span class='ocrx_word' id='word_1_283' title='bbox 564 3917 681 3982; x_wconf 86' lang='lat' dir='ltr'>vestris</span> <span class='ocrx_word' id='word_1_284' title='bbox 705 3912 1000 4001; x_wconf 88' lang='lat' dir='ltr'>supplicationibus</span> <span class='ocrx_word' id='word_1_285' title='bbox 1024 3913 1187 3987; x_wconf 87' lang='lat' dir='ltr'>inclinati,</span> <span class='ocrx_word' id='word_1_286' title='bbox 1219 3933 1275 3976; x_wconf 89' lang='lat' dir='ltr'>vos</span> <span class='ocrx_word' id='word_1_287' title='bbox 1298 3909 1468 3976; x_wconf 79' lang='lat' dir='ltr'>uniuersos</span> <span class='ocrx_word' id='word_1_288' title='bbox 1498 3915 1532 3972; x_wconf 94' lang='lat' dir='ltr'>et</span> <span class='ocrx_word' id='word_1_289' title='bbox 1554 3905 1701 3990; x_wconf 83' lang='lat' dir='ltr'>singulos</span> <span class='ocrx_word' id='word_1_290' title='bbox 1724 3903 1766 3967; x_wconf 86' lang='lat' dir='ltr'>ab</span> <span class='ocrx_word' id='word_1_291' title='bbox 1790 3900 1878 3966; x_wconf 90' lang='lat' dir='ltr'>omni</span> <span class='ocrx_word' id='word_1_292' title='bbox 1899 3899 1955 3963; x_wconf 87' lang='lat' dir='ltr'>ob-</span> 
     </span>
     <span class='ocr_line' id='line_1_31' title="bbox 307 4007 1957 4109; baseline -0.014 -21"><span class='ocrx_word' id='word_1_293' title='bbox 307 4023 479 4109; x_wconf 84' lang='lat' dir='ltr'>IIgatione,</span> <span class='ocrx_word' id='word_1_294' title='bbox 508 4043 573 4108; x_wconf 87' lang='lat' dir='ltr'>qua</span> <span class='ocrx_word' id='word_1_295' title='bbox 595 4020 764 4086; x_wconf 83' lang='lat' dir='ltr'>Fridcrico</span> <span class='ocrx_word' id='word_1_296' title='bbox 793 4018 955 4105; x_wconf 90' lang='lat' dir='ltr'>quondam</span> <span class='ocrx_word' id='word_1_297' title='bbox 979 4017 1167 4102; x_wconf 85' lang='lat' dir='ltr'>imperatori</span> <span class='ocrx_word' id='word_1_298' title='bbox 1196 4017 1247 4080; x_wconf 87' lang='lat' dir='ltr'>vel</span> <span class='ocrx_word' id='word_1_299' title='bbox 1278 4015 1331 4079; x_wconf 88' lang='lat' dir='ltr'>alii</span> <span class='ocrx_word' id='word_1_300' title='bbox 1361 4015 1432 4079; x_wconf 88' lang='lat' dir='ltr'>eius</span> <span class='ocrx_word' id='word_1_301' title='bbox 1461 4013 1593 4077; x_wconf 88' lang='lat' dir='ltr'>nomine</span> <span class='ocrx_word' id='word_1_302' title='bbox 1623 4029 1680 4094; x_wconf 88' lang='lat' dir='ltr'>pro</span> <span class='ocrx_word' id='word_1_303' title='bbox 1711 4007 1823 4093; x_wconf 86' lang='lat' dir='ltr'>quavis</span> <span class='ocrx_word' id='word_1_304' title='bbox 1849 4024 1957 4081; x_wconf 84' lang='lat' dir='ltr'>causa,</span> 
     </span>
     <span class='ocr_line' id='line_1_32' title="bbox 309 4112 1958 4214; baseline -0.013 -21"><span class='ocrx_word' id='word_1_305' title='bbox 309 4135 343 4194; x_wconf 87' lang='lat' dir='ltr'>et</span> <span class='ocrx_word' id='word_1_306' title='bbox 358 4125 544 4214; x_wconf 87' lang='lat' dir='ltr'>specialiter</span> <span class='ocrx_word' id='word_1_307' title='bbox 559 4145 618 4210; x_wconf 90' lang='lat' dir='ltr'>pro</span> <span class='ocrx_word' id='word_1_308' title='bbox 635 4123 792 4209; x_wconf 85' lang='lat' dir='ltr'>expensis</span> <span class='ocrx_word' id='word_1_309' title='bbox 816 4123 857 4186; x_wconf 92' lang='lat' dir='ltr'>ad</span> <span class='ocrx_word' id='word_1_310' title='bbox 873 4121 1098 4187; x_wconf 89' lang='lat' dir='ltr'>defensionem</span> <span class='ocrx_word' id='word_1_311' title='bbox 1115 4121 1255 4185; x_wconf 89' lang='lat' dir='ltr'>civitatis</span> <span class='ocrx_word' id='word_1_312' title='bbox 1272 4124 1381 4182; x_wconf 88' lang='lat' dir='ltr'>vestre</span> <span class='ocrx_word' id='word_1_313' title='bbox 1397 4117 1502 4192; x_wconf 85' lang='lat' dir='ltr'>lactis,</span> <span class='ocrx_word' id='word_1_314' title='bbox 1527 4112 1727 4182; x_wconf 84' lang='lat' dir='ltr'>tenebamini</span> <span class='ocrx_word' id='word_1_315' title='bbox 1746 4132 1785 4176; x_wconf 93' lang='lat' dir='ltr'>eo</span> <span class='ocrx_word' id='word_1_316' title='bbox 1802 4116 1958 4195; x_wconf 85' lang='lat' dir='ltr'>tempore,</span> 
     </span>
     <span class='ocr_line' id='line_1_33' title="bbox 308 4210 1957 4316; baseline -0.013 -20"><span class='ocrx_word' id='word_1_317' title='bbox 308 4251 373 4316; x_wconf 94' lang='lat' dir='ltr'>quo</span> <span class='ocrx_word' id='word_1_318' title='bbox 395 4231 468 4316; x_wconf 86' lang='lat' dir='ltr'>ipsa</span> <span class='ocrx_word' id='word_1_319' title='bbox 491 4229 604 4293; x_wconf 87' lang='lat' dir='ltr'>civitas</span> <span class='ocrx_word' id='word_1_320' title='bbox 632 4227 675 4292; x_wconf 92' lang='lat' dir='ltr'>ad</span> <span class='ocrx_word' id='word_1_321' title='bbox 704 4226 844 4292; x_wconf 85' lang='lat' dir='ltr'>ecclesie</span> <span class='ocrx_word' id='word_1_322' title='bbox 875 4246 990 4290; x_wconf 76' lang='lat' dir='ltr'>mrruus</span> <span class='ocrx_word' id='word_1_323' title='bbox 1017 4223 1198 4311; x_wconf 71' lang='lat' dir='ltr'>pervenitl,</span> <span class='ocrx_word' id='word_1_324' title='bbox 1228 4220 1421 4288; x_wconf 88' lang='lat' dir='ltr'>auctoritate</span> <span class='ocrx_word' id='word_1_325' title='bbox 1448 4217 1650 4304; x_wconf 86' lang='lat' dir='ltr'>presentium</span> <span class='ocrx_word' id='word_1_326' title='bbox 1673 4214 1825 4281; x_wconf 88' lang='lat' dir='ltr'>duximus</span> <span class='ocrx_word' id='word_1_327' title='bbox 1848 4210 1957 4276; x_wconf 89' lang='lat' dir='ltr'>absol·</span> 
     </span>
    </p>
   </div>
   <div class='ocr_carea' id='block_1_9' title="bbox 306 4333 661 4402">
    <p class='ocr_par' dir='ltr' id='par_1_11' title="bbox 306 4333 661 4402">
     <span class='ocr_line' id='line_1_34' title="bbox 306 4333 661 4402; baseline 0 -2"><span class='ocrx_word' id='word_1_328' title='bbox 306 4334 440 4402; x_wconf 83' lang='lat' dir='ltr'>vendos.</span> <span class='ocrx_word' id='word_1_329' title='bbox 485 4333 576 4400; x_wconf 92' lang='lat' dir='ltr'>Nulli</span> <span class='ocrx_word' id='word_1_330' title='bbox 598 4341 661 4400; x_wconf 87' lang='lat' dir='ltr'>etc.</span> 
     </span>
    </p>
   </div>
   <div class='ocr_carea' id='block_1_10' title="bbox 415 4448 1187 4540">
    <p class='ocr_par' dir='ltr' id='par_1_12' title="bbox 415 4448 1187 4540">
     <span class='ocr_line' id='line_1_35' title="bbox 415 4448 1187 4540; baseline -0.016 -18"><span class='ocrx_word' id='word_1_331' title='bbox 415 4457 491 4522; x_wconf 87' lang='lat' dir='ltr'>Dat.</span> <span class='ocrx_word' id='word_1_332' title='bbox 515 4454 678 4540; x_wconf 83' lang='lat' dir='ltr'>Lugduni,</span> <span class='ocrx_word' id='word_1_333' title='bbox 701 4451 731 4518; x_wconf 88' lang='lat' dir='ltr'>V</span> <span class='ocrx_word' id='word_1_334' title='bbox 754 4451 829 4517; x_wconf 76' lang='lat' dir='ltr'>Kal.</span> <span class='ocrx_word' id='word_1_335' title='bbox 852 4450 972 4530; x_wconf 86' lang='lat' dir='ltr'>Martii,</span> <span class='ocrx_word' id='word_1_336' title='bbox 996 4470 1082 4514; x_wconf 89' lang='lat' dir='ltr'>anno</span> <span class='ocrx_word' id='word_1_337' title='bbox 1105 4448 1154 4512; x_wconf 90' lang='lat' dir='ltr'>IV</span> <span class='ocrx_word' id='word_1_338' title='bbox 1164 4449 1187 4510; x_wconf 83' lang='lat'>⁴.</span> 
     </span>
    </p>
   </div>
   <div class='ocr_carea' id='block_1_11' title="bbox 532 4609 1233 4624">
    <p class='ocr_par' dir='ltr' id='par_1_13' title="bbox 532 4609 1233 4624">
     <span class='ocr_line' id='line_1_36' title="bbox 532 4609 1233 4624; baseline -0.016 0"><span class='ocrx_word' id='word_1_339' title='bbox 532 4617 641 4624; x_wconf 73' lang='lat'><em>--.—-....</em></span> <span class='ocrx_word' id='word_1_340' title='bbox 660 4613 836 4622; x_wconf 75' lang='lat'>....-..—-..—</span> <span class='ocrx_word' id='word_1_341' title='bbox 853 4612 874 4618; x_wconf 83' lang='lat'>—-</span> <span class='ocrx_word' id='word_1_342' title='bbox 905 4610 1010 4618; x_wconf 72' lang='grc'>--.--..</span> <span class='ocrx_word' id='word_1_343' title='bbox 1023 4609 1146 4616; x_wconf 70' lang='lat'><em>----——</em></span> <span class='ocrx_word' id='word_1_344' title='bbox 1158 4609 1233 4614; x_wconf 84' lang='lat'><em>..--..-</em></span> 
     </span>
    </p>
   </div>
   <div class='ocr_carea' id='block_1_12' title="bbox 1450 4596 1849 4607">
    <p class='ocr_par' dir='ltr' id='par_1_14' title="bbox 1450 4596 1849 4607">
     <span class='ocr_line' id='line_1_37' title="bbox 1450 4596 1849 4607; baseline -0.015 -1"><span class='ocrx_word' id='word_1_345' title='bbox 1450 4603 1456 4606; x_wconf 91' lang='lat'>.</span> <span class='ocrx_word' id='word_1_346' title='bbox 1471 4601 1533 4607; x_wconf 82' lang='lat'><em>—.....</em></span> <span class='ocrx_word' id='word_1_347' title='bbox 1628 4596 1849 4604; x_wconf 71' lang='lat'><strong>————-.—.</strong></span> 
     </span>
    </p>
   </div>
   <div class='ocr_carea' id='block_1_13' title="bbox 416 4693 1959 4787">
    <p class='ocr_par' dir='ltr' id='par_1_15' title="bbox 416 4693 1959 4787">
     <span class='ocr_line' id='line_1_38' title="bbox 416 4693 1959 4787; baseline -0.019 -16"><span class='ocrx_word' id='word_1_348' title='bbox 416 4721 440 4784; x_wconf 63' lang='grc' dir='ltr'>Ι)</span> <span class='ocrx_word' id='word_1_349' title='bbox 460 4719 572 4787; x_wconf 86' lang='lat' dir='ltr'>episcopi</span> <span class='ocrx_word' id='word_1_350' title='bbox 591 4717 685 4768; x_wconf 82' lang='lat' dir='ltr'>Ounub.</span> <span class='ocrx_word' id='word_1_351' title='bbox 705 4715 817 4784; x_wconf 74' lang='lat' dir='ltr'>spismrpi</span> <span class='ocrx_word' id='word_1_352' title='bbox 835 4714 866 4764; x_wconf 83' lang='lat' dir='ltr'>Jr.</span> <span class='ocrx_word' id='word_1_353' title='bbox 920 4710 944 4776; x_wconf 79' lang='lat'>¹³)</span> <span class='ocrx_word' id='word_1_354' title='bbox 966 4711 1070 4762; x_wconf 79' lang='lat' dir='ltr'>Wlotoir</span> <span class='ocrx_word' id='word_1_355' title='bbox 1085 4709 1114 4760; x_wconf 81' lang='lat' dir='ltr'>Ii.</span> <span class='ocrx_word' id='word_1_356' title='bbox 1169 4715 1192 4772; x_wconf 57' lang='grc' dir='ltr'>ὓ)</span> <span class='ocrx_word' id='word_1_357' title='bbox 1211 4725 1246 4756; x_wconf 81' lang='lat' dir='ltr'>urs</span> <span class='ocrx_word' id='word_1_358' title='bbox 1266 4724 1317 4757; x_wconf 85' lang='lat' dir='ltr'>uon</span> <span class='ocrx_word' id='word_1_359' title='bbox 1336 4705 1401 4756; x_wconf 87' lang='lat' dir='ltr'>obst.</span> <span class='ocrx_word' id='word_1_360' title='bbox 1415 4719 1511 4752; x_wconf 79' lang='lat' dir='ltr'>:uon</span> <span class='ocrx_word' id='word_1_361' title='bbox 1530 4699 1708 4752; x_wconf 75' lang='lat' dir='ltr'>obstantibus?</span> <span class='ocrx_word' id='word_1_362' title='bbox 1760 4693 1785 4760; x_wconf 81' lang='lat' dir='ltr'>d)</span> <span class='ocrx_word' id='word_1_363' title='bbox 1805 4712 1843 4746; x_wconf 81' lang='lat' dir='ltr'>re.</span> <span class='ocrx_word' id='word_1_364' title='bbox 1858 4695 1914 4746; x_wconf 74' lang='lat' dir='ltr'>der.</span> <span class='ocrx_word' id='word_1_365' title='bbox 1928 4693 1959 4742; x_wconf 71' lang='lat' dir='ltr'>ri.</span> 
     </span>
    </p>
   </div>
   <div class='ocr_carea' id='block_1_14' title="bbox 229 4829 1966 5786">
    <p class='ocr_par' dir='ltr' id='par_1_16' title="bbox 229 4829 1966 5786">
     <span class='ocr_line' id='line_1_39' title="bbox 418 4829 1959 4920; baseline -0.017 -14"><span class='ocrx_word' id='word_1_366' title='bbox 418 4855 443 4920; x_wconf 86' lang='lat' dir='ltr'>l)</span> <span class='ocrx_word' id='word_1_367' title='bbox 464 4853 511 4906; x_wconf 79' lang='lat' dir='ltr'>Ec</span> <span class='ocrx_word' id='word_1_368' title='bbox 528 4857 589 4919; x_wconf 71' lang='lat' dir='ltr'>septi.</span> <span class='ocrx_word' id='word_1_369' title='bbox 608 4856 630 4903; x_wconf 84' lang='lat' dir='ltr'>et</span> <span class='ocrx_word' id='word_1_370' title='bbox 648 4867 698 4904; x_wconf 88' lang='lat' dir='ltr'>occ.</span> <span class='ocrx_word' id='word_1_371' title='bbox 718 4850 763 4903; x_wconf 83' lang='lat' dir='ltr'>cir.</span> <span class='ocrx_word' id='word_1_372' title='bbox 784 4848 918 4913; x_wconf 76' lang='lat' dir='ltr'>Biclcscld.</span> <span class='ocrx_word' id='word_1_373' title='bbox 988 4847 1016 4914; x_wconf 74' lang='lat'>2)</span> <span class='ocrx_word' id='word_1_374' title='bbox 1036 4845 1128 4898; x_wconf 77' lang='lat' dir='ltr'>Vlctlro</span> <span class='ocrx_word' id='word_1_375' title='bbox 1146 4841 1182 4895; x_wconf 87' lang='lat' dir='ltr'>cd</span> <span class='ocrx_word' id='word_1_376' title='bbox 1201 4839 1345 4908; x_wconf 78' lang='lat' dir='ltr'>Wisurpim</span> <span class='ocrx_word' id='word_1_377' title='bbox 1362 4841 1459 4906; x_wconf 65' lang='lat' dir='ltr'>flumen</span> <span class='ocrx_word' id='word_1_378' title='bbox 1477 4853 1490 4889; x_wconf 88' lang='lat' dir='ltr'>c</span> <span class='ocrx_word' id='word_1_379' title='bbox 1507 4851 1568 4889; x_wconf 78' lang='lat' dir='ltr'>nter.</span> <span class='ocrx_word' id='word_1_380' title='bbox 1585 4835 1632 4887; x_wconf 81' lang='lat' dir='ltr'>cir.</span> <span class='ocrx_word' id='word_1_381' title='bbox 1656 4831 1776 4886; x_wconf 79' lang='lat' dir='ltr'>Mimlcu.</span> <span class='ocrx_word' id='word_1_382' title='bbox 1816 4829 1959 4894; x_wconf 76' lang='lat' dir='ltr'>(birsilissc,</span> 
     </span>
     <span class='ocr_line' id='line_1_40' title="bbox 229 4914 1961 5008; baseline -0.014 -18"><span class='ocrx_word' id='word_1_383' title='bbox 229 4975 248 4990; x_wconf 81' lang='grc'>..</span> <span class='ocrx_word' id='word_1_384' title='bbox 312 4939 415 5008; x_wconf 70' lang='lat' dir='ltr'>bbplu&#39;u</span> <span class='ocrx_word' id='word_1_385' title='bbox 434 4939 548 5004; x_wconf 71' lang='lat' dir='ltr'>necuim,</span> <span class='ocrx_word' id='word_1_386' title='bbox 567 4937 649 4991; x_wconf 47' lang='lat' dir='ltr'>&#39;ciclica</span> <span class='ocrx_word' id='word_1_387' title='bbox 669 4935 773 4992; x_wconf 82' lang='lat' dir='ltr'>Ottcuis</span> <span class='ocrx_word' id='word_1_388' title='bbox 787 4936 822 4989; x_wconf 90' lang='grc' dir='ltr'>ΙΙ</span> <span class='ocrx_word' id='word_1_389' title='bbox 834 4934 934 4988; x_wconf 76' lang='lat' dir='ltr'>mur-itis</span> <span class='ocrx_word' id='word_1_390' title='bbox 951 4933 982 4986; x_wconf 87' lang='lat' dir='ltr'>dc</span> <span class='ocrx_word' id='word_1_391' title='bbox 1002 4931 1097 4985; x_wconf 80' lang='lat' dir='ltr'>Vlotlro</span> <span class='ocrx_word' id='word_1_392' title='bbox 1113 4933 1178 4994; x_wconf 75' lang='lat' dir='ltr'>erut,</span> <span class='ocrx_word' id='word_1_393' title='bbox 1197 4927 1244 4995; x_wconf 80' lang='lat' dir='ltr'>qui</span> <span class='ocrx_word' id='word_1_394' title='bbox 1259 4927 1344 4992; x_wconf 75' lang='lat' dir='ltr'>stara·</span> <span class='ocrx_word' id='word_1_395' title='bbox 1355 4921 1497 4978; x_wconf 80' lang='lat' dir='ltr'>erdorcici</span> <span class='ocrx_word' id='word_1_396' title='bbox 1513 4919 1614 4974; x_wconf 73' lang='lat' dir='ltr'>missilis</span> <span class='ocrx_word' id='word_1_397' title='bbox 1633 4917 1664 4972; x_wconf 84' lang='lat' dir='ltr'>dc</span> <span class='ocrx_word' id='word_1_398' title='bbox 1678 4916 1846 4982; x_wconf 64' lang='lat' dir='ltr'>uas-casces</span> <span class='ocrx_word' id='word_1_399' title='bbox 1862 4914 1961 4979; x_wconf 73' lang='lat' dir='ltr'>ficerat.</span> 
     </span>
     <span class='ocr_line' id='line_1_41' title="bbox 312 5001 1963 5095; baseline -0.016 -14"><span class='ocrx_word' id='word_1_400' title='bbox 312 5027 374 5095; x_wconf 79' lang='lat' dir='ltr'>Quo</span> <span class='ocrx_word' id='word_1_401' title='bbox 392 5025 496 5080; x_wconf 82' lang='lat' dir='ltr'>rutiorrc</span> <span class='ocrx_word' id='word_1_402' title='bbox 513 5031 603 5078; x_wconf 84' lang='lat' dir='ltr'>cutem</span> <span class='ocrx_word' id='word_1_403' title='bbox 624 5023 709 5092; x_wconf 60' lang='lat' dir='ltr'>nemis</span> <span class='ocrx_word' id='word_1_404' title='bbox 727 5021 838 5078; x_wconf 65' lang='lat' dir='ltr'>Hense·</span> <span class='ocrx_word' id='word_1_405' title='bbox 857 5021 948 5088; x_wconf 79' lang='lat' dir='ltr'>Ruspe</span> <span class='ocrx_word' id='word_1_406' title='bbox 969 5019 1035 5088; x_wconf 73' lang='lat' dir='ltr'>repis</span> <span class='ocrx_word' id='word_1_407' title='bbox 1052 5017 1149 5084; x_wconf 76' lang='lat' dir='ltr'>suerit,</span> <span class='ocrx_word' id='word_1_408' title='bbox 1167 5013 1280 5082; x_wconf 69' lang='lat' dir='ltr'>reperite</span> <span class='ocrx_word' id='word_1_409' title='bbox 1301 5029 1358 5066; x_wconf 77' lang='lat' dir='ltr'>riou</span> <span class='ocrx_word' id='word_1_410' title='bbox 1372 5010 1517 5078; x_wconf 63' lang='lat' dir='ltr'>marimum.</span> <span class='ocrx_word' id='word_1_411' title='bbox 1537 5035 1568 5044; x_wconf 91' lang='lat'><em>-</em></span> <span class='ocrx_word' id='word_1_412' title='bbox 1588 5007 1622 5058; x_wconf 77' lang='lat' dir='ltr'>A.</span> <span class='ocrx_word' id='word_1_413' title='bbox 1642 5013 1713 5070; x_wconf 74' lang='grc'><strong><em>1214,</em></strong></span> <span class='ocrx_word' id='word_1_414' title='bbox 1734 5004 1802 5070; x_wconf 77' lang='lat' dir='ltr'>Apr.</span> <span class='ocrx_word' id='word_1_415' title='bbox 1819 5001 1963 5068; x_wconf 77' lang='lat' dir='ltr'>imperator</span> 
     </span>
     <span class='ocr_line' id='line_1_42' title="bbox 311 5087 1964 5178; baseline -0.017 -11"><span class='ocrx_word' id='word_1_416' title='bbox 311 5113 393 5167; x_wconf 81' lang='lat' dir='ltr'>cidem</span> <span class='ocrx_word' id='word_1_417' title='bbox 413 5113 513 5178; x_wconf 81' lang='lat' dir='ltr'>Ottcar&#39;,</span> <span class='ocrx_word' id='word_1_418' title='bbox 533 5111 740 5178; x_wconf 72' lang='lat' dir='ltr'>‘coruunpuiuco</span> <span class='ocrx_word' id='word_1_419' title='bbox 757 5113 781 5163; x_wconf 82' lang='lat' dir='ltr'>ct</span> <span class='ocrx_word' id='word_1_420' title='bbox 791 5109 864 5175; x_wconf 69' lang='lat' dir='ltr'>trunti</span> <span class='ocrx_word' id='word_1_421' title='bbox 877 5110 941 5174; x_wconf 80' lang='lat' dir='ltr'>srw&#39;,</span> <span class='ocrx_word' id='word_1_422' title='bbox 963 5109 1129 5162; x_wconf 66' lang='lat' dir='ltr'>memorerm.</span> <span class='ocrx_word' id='word_1_423' title='bbox 1149 5108 1179 5154; x_wconf 83' lang='lat' dir='ltr'>ut</span> <span class='ocrx_word' id='word_1_424' title='bbox 1189 5100 1307 5167; x_wconf 70' lang='lat' dir='ltr'>lindum,</span> <span class='ocrx_word' id='word_1_425' title='bbox 1326 5097 1396 5165; x_wconf 84' lang='lat' dir='ltr'>quod</span> <span class='ocrx_word' id='word_1_426' title='bbox 1409 5097 1438 5149; x_wconf 78' lang='lat' dir='ltr'>irc</span> <span class='ocrx_word' id='word_1_427' title='bbox 1454 5094 1546 5148; x_wconf 66' lang='lat' dir='ltr'>irrisio</span> <span class='ocrx_word' id='word_1_428' title='bbox 1563 5093 1597 5145; x_wconf 80' lang='lat' dir='ltr'>ub</span> <span class='ocrx_word' id='word_1_429' title='bbox 1612 5091 1720 5158; x_wconf 62' lang='lat' dir='ltr'>impsum</span> <span class='ocrx_word' id='word_1_430' title='bbox 1732 5095 1836 5157; x_wconf 76' lang='lat' dir='ltr'>terreret,</span> <span class='ocrx_word' id='word_1_431' title='bbox 1851 5087 1964 5156; x_wconf 64' lang='lat' dir='ltr'>Septem</span> 
     </span>
     <span class='ocr_line' id='line_1_43' title="bbox 313 5173 1964 5266; baseline -0.016 -14"><span class='ocrx_word' id='word_1_432' title='bbox 313 5199 392 5253; x_wconf 75' lang='lat' dir='ltr'>rrccra&#39;</span> <span class='ocrx_word' id='word_1_433' title='bbox 409 5205 432 5251; x_wconf 81' lang='lat' dir='ltr'>ct</span> <span class='ocrx_word' id='word_1_434' title='bbox 445 5198 562 5266; x_wconf 72' lang='lat' dir='ltr'>[imae]</span> <span class='ocrx_word' id='word_1_435' title='bbox 578 5197 650 5264; x_wconf 67' lang='lat' dir='ltr'>silice</span> <span class='ocrx_word' id='word_1_436' title='bbox 666 5197 731 5263; x_wconf 85' lang='lat' dir='ltr'>eius,</span> <span class='ocrx_word' id='word_1_437' title='bbox 750 5197 773 5248; x_wconf 84' lang='lat' dir='ltr'>ei</span> <span class='ocrx_word' id='word_1_438' title='bbox 790 5211 848 5248; x_wconf 86' lang='lat' dir='ltr'>cum</span> <span class='ocrx_word' id='word_1_439' title='bbox 866 5194 930 5262; x_wconf 73' lang='lat' dir='ltr'>Ipsis</span> <span class='ocrx_word' id='word_1_440' title='bbox 938 5191 1074 5261; x_wconf 72' lang='lat' dir='ltr'>pruermrr&#39;</span> <span class='ocrx_word' id='word_1_441' title='bbox 1085 5189 1246 5256; x_wconf 65' lang='lat' dir='ltr'>contiscere,</span> <span class='ocrx_word' id='word_1_442' title='bbox 1265 5185 1303 5238; x_wconf 84' lang='lat' dir='ltr'>ad</span> <span class='ocrx_word' id='word_1_443' title='bbox 1321 5184 1400 5238; x_wconf 72' lang='lat' dir='ltr'>ritum</span> <span class='ocrx_word' id='word_1_444' title='bbox 1411 5181 1550 5248; x_wconf 79' lang='lat' dir='ltr'>utriusque</span> <span class='ocrx_word' id='word_1_445' title='bbox 1568 5194 1661 5232; x_wconf 81' lang='lat' dir='ltr'>corum</span> <span class='ocrx_word' id='word_1_446' title='bbox 1673 5176 1811 5230; x_wconf 66' lang='lat' dir='ltr'>stammam</span> <span class='ocrx_word' id='word_1_447' title='bbox 1822 5173 1964 5228; x_wconf 68' lang='lat' dir='ltr'>rasuram</span> 
     </span>
     <span class='ocr_line' id='line_1_44' title="bbox 312 5260 1965 5352; baseline -0.016 -13"><span class='ocrx_word' id='word_1_448' title='bbox 312 5285 458 5352; x_wconf 64' lang='lat' dir='ltr'>idioquae</span> <span class='ocrx_word' id='word_1_449' title='bbox 471 5289 570 5351; x_wconf 77' lang='lat' dir='ltr'>posset,-</span> <span class='ocrx_word' id='word_1_450' title='bbox 590 5281 818 5348; x_wconf 70' lang='lat' dir='ltr'>Beana-suns,</span> <span class='ocrx_word' id='word_1_451' title='bbox 837 5282 853 5334; x_wconf 91' lang='lat' dir='ltr'>l.</span> <span class='ocrx_word' id='word_1_452' title='bbox 872 5287 986 5335; x_wconf 53' lang='grc'><strong><em>13495.</em></strong></span> <span class='ocrx_word' id='word_1_453' title='bbox 1006 5307 1038 5318; x_wconf 90' lang='lat'>-</span> <span class='ocrx_word' id='word_1_454' title='bbox 1059 5276 1117 5331; x_wconf 69' lang='lat' dir='ltr'>Sam</span> <span class='ocrx_word' id='word_1_455' title='bbox 1135 5292 1159 5327; x_wconf 87' lang='lat' dir='ltr'>u.</span> <span class='ocrx_word' id='word_1_456' title='bbox 1174 5281 1243 5338; x_wconf 70' lang='lat'>1247,</span> <span class='ocrx_word' id='word_1_457' title='bbox 1263 5271 1347 5324; x_wconf 80' lang='lat' dir='ltr'>Mart.</span> <span class='ocrx_word' id='word_1_458' title='bbox 1368 5277 1396 5323; x_wconf 75' lang='grc'>111</span> <span class='ocrx_word' id='word_1_459' title='bbox 1409 5283 1484 5335; x_wconf 73' lang='lat' dir='ltr'>popm</span> <span class='ocrx_word' id='word_1_460' title='bbox 1502 5264 1638 5334; x_wconf 76' lang='lat' dir='ltr'>prmadom</span> <span class='ocrx_word' id='word_1_461' title='bbox 1653 5263 1768 5331; x_wconf 73' lang='lat' dir='ltr'>pralium</span> <span class='ocrx_word' id='word_1_462' title='bbox 1786 5260 1911 5330; x_wconf 81' lang='lat' dir='ltr'>clurpitus</span> <span class='ocrx_word' id='word_1_463' title='bbox 1929 5265 1965 5313; x_wconf 85' lang='lat' dir='ltr'>cst</span> 
     </span>
     <span class='ocr_line' id='line_1_45' title="bbox 313 5347 1963 5442; baseline -0.016 -15"><span class='ocrx_word' id='word_1_464' title='bbox 313 5373 420 5426; x_wconf 70' lang='lat' dir='ltr'>corma</span> <span class='ocrx_word' id='word_1_465' title='bbox 438 5369 592 5424; x_wconf 74' lang='lat' dir='ltr'>‘consiliosus</span> <span class='ocrx_word' id='word_1_466' title='bbox 608 5367 638 5422; x_wconf 81' lang='lat' dir='ltr'>clc</span> <span class='ocrx_word' id='word_1_467' title='bbox 659 5367 886 5436; x_wconf 58' lang='lat' dir='ltr'>heremum,</span> <span class='ocrx_word' id='word_1_468' title='bbox 907 5381 975 5432; x_wconf 82' lang='lat' dir='ltr'>qrroc</span> <span class='ocrx_word' id='word_1_469' title='bbox 990 5365 1102 5429; x_wconf 71' lang='lat' dir='ltr'>fmtassc</span> <span class='ocrx_word' id='word_1_470' title='bbox 1118 5359 1209 5414; x_wconf 71' lang='lat' dir='ltr'>audem</span> <span class='ocrx_word' id='word_1_471' title='bbox 1227 5356 1326 5425; x_wconf 82' lang='lat' dir='ltr'>Soplriu</span> <span class='ocrx_word' id='word_1_472' title='bbox 1344 5360 1416 5419; x_wconf 59' lang='lat' dir='ltr'>erut·</span> <span class='ocrx_word' id='word_1_473' title='bbox 1435 5353 1535 5420; x_wconf 76' lang='lat' dir='ltr'>Berycr</span> <span class='ocrx_word' id='word_1_474' title='bbox 1553 5357 1624 5404; x_wconf 69' lang='lat'><strong><em>2467.</em></strong></span> <span class='ocrx_word' id='word_1_475' title='bbox 1712 5348 1739 5407; x_wconf 73' lang='grc'>3)</span> <span class='ocrx_word' id='word_1_476' title='bbox 1758 5349 1792 5401; x_wconf 85' lang='grc' dir='ltr'>Α.</span> <span class='ocrx_word' id='word_1_477' title='bbox 1812 5353 1882 5402; x_wconf 79' lang='grc'><strong><em>1240.</em></strong></span> <span class='ocrx_word' id='word_1_478' title='bbox 1898 5347 1963 5442; x_wconf 73' lang='lat' dir='ltr'>Iun.</span> 
     </span>
     <span class='ocr_line' id='line_1_46' title="bbox 312 5430 1965 5531; baseline -0.018 -16"><span class='ocrx_word' id='word_1_479' title='bbox 312 5461 345 5529; x_wconf 74' lang='lat'>[2</span> <span class='ocrx_word' id='word_1_480' title='bbox 361 5463 392 5512; x_wconf 81' lang='lat' dir='ltr'>ut</span> <span class='ocrx_word' id='word_1_481' title='bbox 409 5457 541 5528; x_wconf 54' lang='lat' dir='ltr'>eucarp-</span> <span class='ocrx_word' id='word_1_482' title='bbox 558 5458 590 5523; x_wconf 74' lang='lat' dir='ltr'>cs.</span> <span class='ocrx_word' id='word_1_483' title='bbox 605 5473 634 5524; x_wconf 78' lang='lat' dir='ltr'>p.</span> <span class='ocrx_word' id='word_1_484' title='bbox 649 5462 703 5524; x_wconf 86' lang='grc'><strong><em>103,</em></strong></span> <span class='ocrx_word' id='word_1_485' title='bbox 721 5461 774 5509; x_wconf 78' lang='lat' dir='ltr'>not.</span> <span class='ocrx_word' id='word_1_486' title='bbox 792 5465 810 5508; x_wconf 85' lang='lat'>1.</span> <span class='ocrx_word' id='word_1_487' title='bbox 878 5453 907 5514; x_wconf 72' lang='lat' dir='ltr'>r»</span> <span class='ocrx_word' id='word_1_488' title='bbox 928 5449 1027 5504; x_wconf 69' lang='lat' dir='ltr'>noum</span> <span class='ocrx_word' id='word_1_489' title='bbox 1046 5449 1089 5504; x_wconf 71' lang='lat' dir='ltr'>ilic</span> <span class='ocrx_word' id='word_1_490' title='bbox 1107 5463 1184 5515; x_wconf 80' lang='lat' dir='ltr'>popa</span> <span class='ocrx_word' id='word_1_491' title='bbox 1202 5445 1312 5505; x_wconf 60' lang='lat' dir='ltr'>eisdam</span> <span class='ocrx_word' id='word_1_492' title='bbox 1338 5442 1386 5510; x_wconf 79' lang='lat' dir='ltr'>qui</span> <span class='ocrx_word' id='word_1_493' title='bbox 1409 5444 1526 5493; x_wconf 64' lang='lat' dir='ltr'>marum</span> <span class='ocrx_word' id='word_1_494' title='bbox 1548 5439 1682 5507; x_wconf 65' lang='lat' dir='ltr'>Arpocras</span> <span class='ocrx_word' id='word_1_495' title='bbox 1706 5430 1965 5531; x_wconf 64' lang='lat' dir='ltr'>Iturunnotisdroc.</span> 
     </span>
     <span class='ocr_line' id='line_1_47' title="bbox 310 5519 1966 5614; baseline -0.018 -14"><span class='ocrx_word' id='word_1_496' title='bbox 310 5546 448 5614; x_wconf 62' lang='lat' dir='ltr'>emissent,</span> <span class='ocrx_word' id='word_1_497' title='bbox 472 5559 505 5597; x_wconf 83' lang='lat' dir='ltr'>nc</span> <span class='ocrx_word' id='word_1_498' title='bbox 528 5543 565 5596; x_wconf 84' lang='lat' dir='ltr'>od</span> <span class='ocrx_word' id='word_1_499' title='bbox 586 5559 683 5596; x_wconf 74' lang='lat' dir='ltr'>omnus</span> <span class='ocrx_word' id='word_1_500' title='bbox 707 5539 875 5609; x_wconf 59' lang='lat' dir='ltr'>musterus</span> <span class='ocrx_word' id='word_1_501' title='bbox 898 5543 921 5592; x_wconf 86' lang='lat' dir='ltr'>ct</span> <span class='ocrx_word' id='word_1_502' title='bbox 942 5537 1083 5603; x_wconf 82' lang='lat' dir='ltr'>scutorum</span> <span class='ocrx_word' id='word_1_503' title='bbox 1107 5533 1165 5586; x_wconf 66' lang='lat' dir='ltr'>dus</span> <span class='ocrx_word' id='word_1_504' title='bbox 1178 5529 1334 5599; x_wconf 54' lang='lat' dir='ltr'>pumici,</span> <span class='ocrx_word' id='word_1_505' title='bbox 1356 5533 1379 5580; x_wconf 82' lang='lat' dir='ltr'>ct</span> <span class='ocrx_word' id='word_1_506' title='bbox 1400 5526 1431 5579; x_wconf 71' lang='lat' dir='ltr'>ia</span> <span class='ocrx_word' id='word_1_507' title='bbox 1456 5523 1575 5592; x_wconf 71' lang='lat' dir='ltr'>captim</span> <span class='ocrx_word' id='word_1_508' title='bbox 1597 5521 1679 5576; x_wconf 82' lang='lat' dir='ltr'>castri</span> <span class='ocrx_word' id='word_1_509' title='bbox 1699 5519 1851 5575; x_wconf 68' lang='lat' dir='ltr'>manum</span> <span class='ocrx_word' id='word_1_510' title='bbox 1868 5534 1926 5571; x_wconf 78' lang='lat' dir='ltr'>curs</span> <span class='ocrx_word' id='word_1_511' title='bbox 1942 5521 1966 5570; x_wconf 84' lang='lat' dir='ltr'>ct</span> 
     </span>
     <span class='ocr_line' id='line_1_48' title="bbox 311 5605 1966 5698; baseline -0.021 -9"><span class='ocrx_word' id='word_1_512' title='bbox 311 5632 429 5688; x_wconf 72' lang='lat' dir='ltr'>ccclesiae</span> <span class='ocrx_word' id='word_1_513' title='bbox 453 5631 588 5698; x_wconf 68' lang='lat' dir='ltr'>Iluam,</span> <span class='ocrx_word' id='word_1_514' title='bbox 613 5629 651 5683; x_wconf 85' lang='lat' dir='ltr'>cd</span> <span class='ocrx_word' id='word_1_515' title='bbox 668 5645 750 5698; x_wconf 81' lang='lat' dir='ltr'>quom</span> <span class='ocrx_word' id='word_1_516' title='bbox 764 5626 918 5696; x_wconf 57' lang='lat' dir='ltr'>portium</span> <span class='ocrx_word' id='word_1_517' title='bbox 942 5623 1043 5677; x_wconf 69' lang='grc'><strong><em>(1111111111</em></strong></span> <span class='ocrx_word' id='word_1_518' title='bbox 1063 5621 1236 5688; x_wconf 62' lang='lat' dir='ltr'>imminuerit,</span> <span class='ocrx_word' id='word_1_519' title='bbox 1260 5613 1385 5680; x_wconf 74' lang='lat' dir='ltr'>Indulsit,</span> <span class='ocrx_word' id='word_1_520' title='bbox 1408 5627 1442 5665; x_wconf 79' lang='lat' dir='ltr'>uc</span> <span class='ocrx_word' id='word_1_521' title='bbox 1463 5610 1496 5666; x_wconf 82' lang='lat' dir='ltr'>dc</span> <span class='ocrx_word' id='word_1_522' title='bbox 1513 5609 1555 5663; x_wconf 75' lang='lat' dir='ltr'>liis</span> <span class='ocrx_word' id='word_1_523' title='bbox 1572 5607 1679 5662; x_wconf 70' lang='lat' dir='ltr'>manis</span> <span class='ocrx_word' id='word_1_524' title='bbox 1697 5605 1831 5662; x_wconf 65' lang='lat' dir='ltr'>messia</span> <span class='ocrx_word' id='word_1_525' title='bbox 1844 5607 1966 5672; x_wconf 78' lang='lat' dir='ltr'>possent,¹</span> 
     </span>
     <span class='ocr_line' id='line_1_49' title="bbox 312 5705 1406 5786; baseline -0.021 -11"><span class='ocrx_word' id='word_1_526' title='bbox 312 5737 345 5775; x_wconf 74' lang='lat' dir='ltr'>cc</span> <span class='ocrx_word' id='word_1_527' title='bbox 363 5719 445 5774; x_wconf 79' lang='lat' dir='ltr'>Libro</span> <span class='ocrx_word' id='word_1_528' title='bbox 462 5733 548 5786; x_wconf 67' lang='lat' dir='ltr'>usquc</span> <span class='ocrx_word' id='word_1_529' title='bbox 565 5716 616 5783; x_wconf 76' lang='lat' dir='ltr'>cit,</span> <span class='ocrx_word' id='word_1_530' title='bbox 638 5715 767 5782; x_wconf 69' lang='lat' dir='ltr'>Poltlurst</span> <span class='ocrx_word' id='word_1_531' title='bbox 789 5713 851 5780; x_wconf 68' lang='lat' dir='ltr'>Rus.</span> <span class='ocrx_word' id='word_1_532' title='bbox 866 5717 961 5774; x_wconf 43' lang='lat'><em>1242&amp;</em></span> <span class='ocrx_word' id='word_1_533' title='bbox 979 5723 1047 5777; x_wconf 67' lang='grc' dir='ltr'>(μαι</span> <span class='ocrx_word' id='word_1_534' title='bbox 1064 5723 1102 5775; x_wconf 83' lang='lat' dir='ltr'>cp.</span> <span class='ocrx_word' id='word_1_535' title='bbox 1122 5706 1151 5760; x_wconf 79' lang='lat' dir='ltr'>io</span> <span class='ocrx_word' id='word_1_536' title='bbox 1172 5705 1234 5773; x_wconf 65' lang='lat' dir='ltr'>aas.</span> <span class='ocrx_word' id='word_1_537' title='bbox 1254 5719 1309 5757; x_wconf 78' lang='lat' dir='ltr'>nou</span> <span class='ocrx_word' id='word_1_538' title='bbox 1326 5705 1406 5756; x_wconf 72' lang='lat' dir='ltr'>catut.</span> 
     </span>
    </p>
   </div>
   <div class='ocr_carea' id='block_1_15' title="bbox 0 0 2417 6324">
    <p class='ocr_par' dir='ltr' id='par_1_17' title="bbox 0 0 2417 6324">
     <span class='ocr_line' id='line_1_50' title="bbox 0 0 2417 6324; baseline 0 0"><span class='ocrx_word' id='word_1_539' title='bbox 0 0 2417 6324; x_wconf 95' lang='lat' dir='ltr'> </span> 
     </span>
    </p>
   </div>
  </div>
 </body>
</html>
