4328 6232
256 965 267 1002 ³

874 339 1074 397 EPISTOLAE
1093 343 1283 399 subucula.
1320 345 1395 400 1247.
1901 357 1963 419 265

322 529 433 573 norum
456 509 615 576 honestas
638 520 672 578 ct
694 514 759 578 vite
787 516 946 581 munditia
975 519 1210 603 suffragantur,
1238 540 1296 604 pro
1326 520 1511 605 apostoliea
1540 521 1628 586 sedis
1659 530 1693 587 et
1716 531 1848 588 nostra·
1872 546 1963 590 reve-

319 612 415 678 rentia
435 612 620 680 liberaliter
643 619 830 699 conferatis,
855 621 1050 707 recipientes
1073 623 1179 708 ipsum
1202 621 1242 686 ad
1267 623 1469 708 prebendam
1493 625 1633 690 eandem
1655 628 1689 690 in
1712 629 1905 693 canonicum
1928 637 1961 693 et

318 719 511 800 isiratrem,
535 758 577 769 —
600 724 840 791 nonobstante
864 727 891 791 si
915 726 1096 792 direximus
1118 748 1177 813 pro
1200 727 1273 792 aliis
1296 727 1417 817 scripta
1441 735 1562 810 nostra,
1588 731 1704 818 quibus
1720 734 1872 798 nolumus
1897 739 1960 801 etc.

316 844 428 910 usque:
452 828 614 910 generari.

416 944 496 1011 Dat.
518 947 680 1036 Lugduni,
703 951 735 1015 V
758 949 838 1017 Idus
861 951 951 1034 Maii,
974 972 1061 1017 anno
1085 958 1212 1038 quarto.

928 1219 1341 1230 ---——--.-—..

1090 1447 1176 1521 357.

408 1559 628 1652 Irsmoceritirrs
643 1587 667 1651 I
671 1585 698 1650 V
704 1609 796 1667 mapa
804 1587 984 1672 [Sipefricio
993 1587 1072 1671 ΙΙΙ]
1079 1588 1308 1671 archiepiscopo
1316 1589 1509 1671 Maparrtino
1524 1589 1632 1654 scribit
1648 1590 1854 1655 Warneriam
1862 1591 1963 1676 [Ill]

297 1692 488 1777 dapiferum
516 1690 606 1754 dacis
627 1689 805 1767 Bormiae,
829 1691 969 1755 devotum
996 1691 1147 1768 ecelesiae,
1164 1691 1327 1771 petivisse,
1355 1697 1391 1754 at
1412 1693 1601 1757 irrorarsterio
1622 1693 1809 1757 sirmiial‘iam
1831 1695 1919 1776 Syna
1941 1716 1963 1757 a

298 1815 337 1859 se
354 1794 497 1881 fandata
518 1793 594 1858 ardo
615 1794 697 1858 beati
714 1794 878 1859 Benedicti
891 1795 1060 1860 securatam
1070 1797 1211 1876 primam
1228 1797 1454 1862 institutionem
1470 1797 1691 1876 concederet-ar,
1714 1800 1802 1878 eique
1822 1800 1962 1877 auertebat,

297 1903 339 1962 at
360 1920 457 1980 saper
479 1898 534 1964 loe
553 1898 662 1979 saciat,
685 1898 768 1980 arrad
789 1899 933 1982 expedire
956 1899 1078 1964 viderit.
1604 1905 1698 1980 1247,
1720 1901 1806 1968 Mai.
1823 1905 1874 1965 11.

409 2020 474 2073 Imm
492 2018 541 2073 IV
553 2018 622 2088 'Rea
641 2019 696 2073 Vol.
710 2018 738 2088 Ι,
756 2025 824 2086 388,·
847 2019 905 2073 La
924 2019 975 2087 IV,
994 2027 1050 2074 669.
1092 2020 1251 2088 Exemplar,
1278 2019 1350 2088 quod
1376 2020 1476 2088 Berpcr
1498 2019 1595 2088 οάίάἰι,
1620 2038 1681 2076 cam
1707 2021 1826 2091 limatis
1851 2019 1962 2075 maula

306 2106 337 2160 V.
351 2105 391 2160 Gt.
409 2106 444 2159 A.
466 2105 546 2161 Mau.

408 2193 508 2262 Barysr
519 2199 589 2248 2667.

771 2361 810 2379 ..
838 2305 1190 2398 archiepiscopo
1223 2303 1496 2398 Magantino.

414 2455 466 2520 Ex
482 2461 576 2541 parto
592 2453 705 2521 dilecti
728 2455 784 2518 filii
800 2455 916 2520 nobilis
932 2456 993 2521 viri
1006 2455 1173 2521 Warncrii
1190 2456 1283 2521 ducis
1299 2456 1441 2521 Bovario
1460 2454 1597 2542 dapiferi
1610 2455 1630 2535 ¹,
1654 2454 1794 2519 ecclesie
1810 2452 1959 2518 Romane

191 2592 198 2599 ·
302 2557 426 2633 devoti,
449 2558 510 2622 iuit
532 2558 627 2623 nobis
651 2558 819 2623 humiliter
841 2560 1070 2645 supplicatum,
1095 2567 1131 2623 ut
1155 2581 1227 2623 cum
1251 2561 1322 2646 ipse
1346 2559 1579 2624 monasterium
1604 2557 1712 2644 Syon²
1736 2564 1791 2621 tue
1815 2556 1958 2620 diocesis

299 2661 334 2724 in
358 2661 491 2747 proprio
514 2661 615 2726 fundo
639 2661 797 2726 debonis
821 2663 961 2748 propriis
983 2662 1171 2728 fundaverit
1193 2670 1226 2726 ot
1248 2663 1382 2743 dotarit,
1406 2662 1530 2748 ibique,
1555 2684 1629 2726 cum
1653 2662 1695 2725 sit
1711 2660 1840 2724 novella
1863 2660 1958 2746 plan-

302 2764 400 2840 tatio,
427 2764 461 2827 in
489 2764 639 2850 proximo
668 2765 787 2829 morari
818 2765 963 2830 debeant
993 2766 1166 2844 moniales,
1199 2767 1246 2831 eis
1281 2765 1429 2830 ordinem
1459 2765 1547 2830 beati
1574 2763 1747 2830 Benedicti
1776 2763 1957 2828 secundum

303 2867 442 2952 primam
465 2867 702 2933 institutionem
727 2890 830 2946 susm,
854 2869 899 2933 ita
922 2868 1007 2954 quod
1031 2890 1094 2933 non
1119 2875 1293 2933 teneantur
1316 2869 1357 2933 ad
1375 2869 1638 2945 constitutiones,
1661 2889 1724 2952 que
1748 2867 1957 2952 postmodum

305 2971 388 3036 iacta
412 2980 488 3037 sunt
511 2973 544 3037 in
567 2973 639 3060 ipso
664 2971 792 3051 ordine,
823 2971 1003 3038 concedere
1034 2978 1171 3059 paterna
1193 2973 1413 3038 sollieitudine
1439 2993 1636 3037 curaremus.
1681 2969 1843 3043 Quocirca
1867 2993 1958 3034 man·

307 3073 436 3155 damus,
465 3077 619 3161 quatinus
645 3098 744 3162 super
770 3076 833 3140 hoo
860 3076 1056 3142 auctoritato
1084 3083 1197 3142 nostra
1225 3078 1344 3157 facias,
1372 3085 1468 3165 prout
1496 3076 1674 3142 secundum
1701 3075 1809 3141 Deum
1838 3075 1958 3140 videris

308 3178 461 3264 expedire
472 3179 495 3242 ⁸.

410 3298 487 3365 Dat.
511 3300 674 3386 Lugduni,
696 3300 727 3365 V
750 3300 829 3365 Idus
852 3300 941 3382 Maii,
965 3321 1050 3363 anno
1074 3306 1200 3385 quarto.

921 3564 1332 3572 .----.-

407 3888 624 3980 Irrnoccmius
639 3913 695 3978 IV
702 3935 792 3997 papia
812 3914 989 3998 [labriam]
1011 3915 1151 3995 ‹miseopo
1165 3914 1367 3978 Arremritaao
1385 3914 1494 3977 scribit
1515 3935 1547 3977 se
1561 3916 1706 3990 statuere,
1729 3917 1764 3975 at
1779 3914 1959 3976 Aarirrraei

312 4019 409 4081 orrrrria
430 4017 558 4095 daniae,
581 4017 724 4082 ecciesiae
745 4019 968 4082 Arremritmrae
990 4042 1011 4083 a
1033 4022 1180 4098 tempore,
1203 4038 1264 4098 qao
1285 4017 1470 4081 Fridericas
1491 4016 1650 4097 quaerelam
1671 4017 1841 4096 irriperator
1864 4015 1957 4079 Mar-

309 4119 404 4186 rtiam
424 4120 627 4202 ocesrpaeerit,
649 4121 800 4202 irrepata,
822 4125 1004 4186 restaurare
1027 4125 1202 4185 taceantur.
1595 4124 1687 4198 1247,
1709 4120 1792 4185 Mai.
1822 4125 1870 4185 11.

404 4240 468 4294 Issit.
481 4239 532 4294 IV
546 4240 609 4310 Rea.
629 4241 683 4294 Vol.
697 4241 720 4308 Ι,
733 4247 797 4304 388;
816 4240 876 4294 Ιιίὸ.
891 4240 911 4293 Ι
915 4240 943 4307 V,
956 4247 1012 4294 eto.
1050 4239 1150 4292 Pertaii
1168 4241 1303 4307 cecropiar
1320 4240 1481 4294 comatimas
1498 4257 1559 4294 eam
1582 4240 1706 4307 Tbcioer,
1723 4240 1786 4294 Oea.
1806 4240 1871 4309 diprt.
1888 4239 1954 4293 ctera

299 4322 373 4397 torp
396 4343 418 4380 a
436 4324 504 4380 scat
521 4331 540 4383 s.
553 4325 577 4395 Ι,
586 4344 616 4396 p.
629 4333 685 4394 124,
702 4343 731 4382 n.
743 4333 801 4381 aaa.

405 4411 537 4480 Parmae,
552 4413 616 4483 Ra.
631 4420 724 4478 aare·
741 4413 839 4482 Berpcr
850 4419 927 4467 sees.

829 4631 867 4650 ..
897 4575 1111 4668 episcopo
1139 4575 1431 4648 Anconitano.

409 4724 561 4790 Indevoti
579 4725 653 4790 Deo
677 4731 711 4790 et
735 4724 897 4790 ecclesieb
925 4725 1072 4788 nonnulli
1103 4723 1144 4789 de
1167 4724 1296 4788 civitate
1319 4724 1515 4802 Auximana,
1539 4731 1712 4810 postquam
1734 4724 1770 4788 F.
1793 4725 1954 4810 quondam

278 4818 490 4917 imperatori
514 4827 763 4915 dampnabiliter
786 4828 1002 4907 adheserunt,
1027 4848 1119 4892 suam
1142 4828 1175 4891 in
1197 4828 1260 4892 hoe
1285 4827 1453 4913 potissime
1477 4829 1582 4892 moliti
1605 4836 1680 4893 sunt
1702 4830 1846 4915 experiri
1868 4830 1954 4894 sovi-

277 4930 390 5008 tiam,
419 4932 507 5017 quod
536 4931 777 4998 Anconitanam
808 4933 983 4997 ecclesiam
1014 4937 1048 4996 ct
1076 4932 1204 4995 iniuriis
1234 4930 1312 4995 diris
1341 4931 1512 4997 afficerent
1542 4940 1575 4997 et
1598 4933 1733 4997 iacturis
1766 4933 1954 4998 enormibus

278 5031 533 5103 deformarent.
579 5033 662 5101 Oum
679 5042 788 5100 autem
804 5042 940 5121 propter
955 5036 1016 5099 hoe
1031 5035 1103 5121 ipsa
1120 5035 1264 5099 ecclesia
1288 5035 1383 5119 quasi
1406 5034 1449 5098 ad
1464 5036 1632 5114 nichilum,
1655 5037 1739 5101 siout
1756 5037 1954 5121 accepimus,

404 5261 430 5326 ⁸)
448 5279 505 5314 ursa
522 5262 571 5327 M,
587 5263 656 5329 qaod
672 5281 806 5331 nunquam
823 5266 860 5316 ita
878 5283 1024 5330 assumeris,
1041 5283 1099 5318 cam
1110 5267 1258 5334 compendio
1277 5269 1325 5319 nia
1332 5276 1507 5334 permutatam
1524 5285 1577 5320 aare
1592 5268 1698 5320 videtur.
1810 5268 1835 5335 b)
1848 5272 1955 5325 aeclesia

183 5327 420 5403 'domn

406 5464 434 5530 1)
453 5464 516 5520 Sal.
532 5464 647 5534 dapiferi
658 5467 829 5535 palatinatus
848 5469 938 5525 Remi
954 5470 985 5524 dc
1002 5471 1093 5525 Alata
1144 5472 1188 5526 De
1204 5472 1291 5527 eodem
1308 5474 1341 5540 at.
1366 5472 1543 5540 thrdtwein,
1569 5472 1739 5526 Mammam
1757 5473 1848 5527 Patet.
1867 5480 1886 5529 t.
1906 5475 1953 5544 VI,

283 5562 324 5615 μ
343 5555 433 5606 rosa
450 5557 506 5605 ms
608 5553 637 5619 a)
656 5552 743 5621 Prope
762 5555 809 5609 av.
833 5557 919 5626 aaa.
1024 5559 1053 5626 a)
1071 5558 1127 5612 sa
1147 5559 1214 5612 ms.
1228 5567 1259 5614 19
1274 5577 1349 5628 papa
1367 5559 1521 5612 ‘amasae
1542 5563 1566 5612 a
1589 5560 1729 5613 anesca
1748 5561 1902 5615 mamea
1923 5561 1955 5618 a

292 5634 381 5706 Syos
397 5634 695 5793 wilm
711 5640 892 5710 Mapmstimsc
910 5642 1027 5697 diocemis’
1043 5644 1182 5712 quamdam
1196 5648 1313 5714 aratiam
1327 5648 1402 5715 fecit·
1419 5647 1519 5715 Βῆριν
1535 5651 1610 5700 2734.
1714 5744 1749 5800 34
