<?xml version="1.0" encoding="UTF-8"?>
<!DOCTYPE html PUBLIC "-//W3C//DTD XHTML 1.0 Transitional//EN"
    "http://www.w3.org/TR/xhtml1/DTD/xhtml1-transitional.dtd">
<html xmlns="http://www.w3.org/1999/xhtml" xml:lang="en" lang="en">
 <head>
  <title>
</title>
<meta http-equiv="Content-Type" content="text/html;charset=utf-8" />
  <meta name='ocr-system' content='tesseract 3.04.00' />
  <meta name='ocr-capabilities' content='ocr_page ocr_carea ocr_par ocr_line ocrx_word'/>
</head>
<body>
  <div class='ocr_page' id='page_1' title='image "./monumentagerman00popegoog_0406.png"; bbox 0 0 4784 6334; ppageno 0'>
   <div class='ocr_carea' id='block_1_1' title="bbox 882 425 1961 501">
    <p class='ocr_par' dir='ltr' id='par_1_1' title="bbox 882 425 1961 501">
     <span class='ocr_line' id='line_1_1' title="bbox 882 425 1961 501; baseline 0.001 -10"><span class='ocrx_word' id='word_1_1' title='bbox 882 427 1083 491; x_wconf 70' lang='lat' dir='ltr'><strong>aristotele</strong></span> <span class='ocrx_word' id='word_1_2' title='bbox 1102 425 1292 488; x_wconf 74' lang='lat' dir='ltr'><strong>SELECTAE.</strong></span> <span class='ocrx_word' id='word_1_3' title='bbox 1328 431 1405 489; x_wconf 76' lang='lat'>1248.</span> <span class='ocrx_word' id='word_1_4' title='bbox 1899 435 1961 501; x_wconf 80' lang='grc'><strong>387</strong></span> 
     </span>
    </p>
   </div>
   <div class='ocr_carea' id='block_1_2' title="bbox 243 607 1963 1214">
    <p class='ocr_par' dir='ltr' id='par_1_2' title="bbox 306 607 1963 1005">
     <span class='ocr_line' id='line_1_2' title="bbox 306 607 1963 694; baseline -0.001 -19"><span class='ocrx_word' id='word_1_5' title='bbox 306 616 435 676; x_wconf 90' lang='lat' dir='ltr'><strong>tantum</strong></span> <span class='ocrx_word' id='word_1_6' title='bbox 457 611 584 676; x_wconf 89' lang='lat' dir='ltr'><strong>facinus</strong></span> <span class='ocrx_word' id='word_1_7' title='bbox 608 610 850 690; x_wconf 90' lang='lat' dir='ltr'><strong>commiserunt,</strong></span> <span class='ocrx_word' id='word_1_8' title='bbox 873 607 1064 687; x_wconf 81' lang='lat' dir='ltr'><strong>defendere,</strong></span> <span class='ocrx_word' id='word_1_9' title='bbox 1088 619 1260 694; x_wconf 90' lang='lat' dir='ltr'><strong>receptare</strong></span> <span class='ocrx_word' id='word_1_10' title='bbox 1283 628 1322 671; x_wconf 90' lang='lat' dir='ltr'><strong>ae</strong></span> <span class='ocrx_word' id='word_1_11' title='bbox 1346 608 1378 672; x_wconf 90' lang='lat' dir='ltr'><strong>in</strong></span> <span class='ocrx_word' id='word_1_12' title='bbox 1401 608 1547 694; x_wconf 90' lang='lat' dir='ltr'><strong>ipsorum</strong></span> <span class='ocrx_word' id='word_1_13' title='bbox 1568 607 1664 672; x_wconf 92' lang='lat' dir='ltr'><strong>bonis</strong></span> <span class='ocrx_word' id='word_1_14' title='bbox 1681 629 1739 672; x_wconf 91' lang='lat' dir='ltr'><strong>vos</strong></span> <span class='ocrx_word' id='word_1_15' title='bbox 1755 609 1963 694; x_wconf 90' lang='lat' dir='ltr'><strong>aliquatenus</strong></span> 
     </span>
     <span class='ocr_line' id='line_1_3' title="bbox 307 709 1962 800; baseline -0.001 -22"><span class='ocrx_word' id='word_1_16' title='bbox 307 714 482 778; x_wconf 84' lang='lat' dir='ltr'><strong>molestare</strong></span> <span class='ocrx_word' id='word_1_17' title='bbox 506 720 708 800; x_wconf 83' lang='lat' dir='ltr'><strong>presumant.</strong></span> <span class='ocrx_word' id='word_1_18' title='bbox 754 711 800 775; x_wconf 92' lang='lat' dir='ltr'><strong>Ut</strong></span> <span class='ocrx_word' id='word_1_19' title='bbox 823 717 932 776; x_wconf 89' lang='lat' dir='ltr'><strong>autem</strong></span> <span class='ocrx_word' id='word_1_20' title='bbox 955 709 1031 774; x_wconf 90' lang='lat' dir='ltr'><strong>fidei</strong></span> <span class='ocrx_word' id='word_1_21' title='bbox 1055 715 1164 774; x_wconf 80' lang='lat' dir='ltr'><strong>vestre</strong></span> <span class='ocrx_word' id='word_1_22' title='bbox 1189 711 1313 796; x_wconf 88' lang='lat' dir='ltr'><strong>puritas</strong></span> <span class='ocrx_word' id='word_1_23' title='bbox 1338 731 1469 797; x_wconf 88' lang='lat' dir='ltr'><strong>semper</strong></span> <span class='ocrx_word' id='word_1_24' title='bbox 1493 711 1613 775; x_wconf 89' lang='lat' dir='ltr'><strong>clarius</strong></span> <span class='ocrx_word' id='word_1_25' title='bbox 1637 713 1814 792; x_wconf 88' lang='lat' dir='ltr'><strong>elucescat,</strong></span> <span class='ocrx_word' id='word_1_26' title='bbox 1845 714 1962 777; x_wconf 90' lang='lat' dir='ltr'><strong>nobili-</strong></span> 
     </span>
     <span class='ocr_line' id='line_1_4' title="bbox 306 813 1962 900; baseline -0.001 -20"><span class='ocrx_word' id='word_1_27' title='bbox 306 822 408 881; x_wconf 82' lang='lat' dir='ltr'><strong>tatem</strong></span> <span class='ocrx_word' id='word_1_28' title='bbox 437 824 582 882; x_wconf 88' lang='lat' dir='ltr'><strong>vestram</strong></span> <span class='ocrx_word' id='word_1_29' title='bbox 612 836 766 900; x_wconf 90' lang='lat' dir='ltr'><strong>rogamus</strong></span> <span class='ocrx_word' id='word_1_30' title='bbox 798 821 831 880; x_wconf 88' lang='lat' dir='ltr'><strong>et</strong></span> <span class='ocrx_word' id='word_1_31' title='bbox 863 814 1031 878; x_wconf 90' lang='lat' dir='ltr'><strong>hortamur</strong></span> <span class='ocrx_word' id='word_1_32' title='bbox 1063 817 1204 889; x_wconf 88' lang='lat' dir='ltr'><strong>attente,</strong></span> <span class='ocrx_word' id='word_1_33' title='bbox 1240 813 1434 878; x_wconf 90' lang='lat' dir='ltr'><strong>mandantes</strong></span> <span class='ocrx_word' id='word_1_34' title='bbox 1470 816 1623 899; x_wconf 91' lang='lat' dir='ltr'><strong>quatinus</strong></span> <span class='ocrx_word' id='word_1_35' title='bbox 1658 815 1781 882; x_wconf 90' lang='lat' dir='ltr'><strong>eisdem</strong></span> <span class='ocrx_word' id='word_1_36' title='bbox 1816 837 1855 880; x_wconf 87' lang='lat' dir='ltr'><strong>ac</strong></span> <span class='ocrx_word' id='word_1_37' title='bbox 1888 817 1962 880; x_wconf 90' lang='lat' dir='ltr'><strong>aliis</strong></span> 
     </span>
     <span class='ocr_line' id='line_1_5' title="bbox 308 915 1962 1005; baseline -0.001 -21"><span class='ocrx_word' id='word_1_38' title='bbox 308 921 448 984; x_wconf 84' lang='lat' dir='ltr'><strong>ecclesie</strong></span> <span class='ocrx_word' id='word_1_39' title='bbox 480 920 661 986; x_wconf 88' lang='lat' dir='ltr'><strong>rebellibus</strong></span> <span class='ocrx_word' id='word_1_40' title='bbox 695 917 953 1005; x_wconf 85' lang='lat' dir='ltr'><strong>promptitudine</strong></span> <span class='ocrx_word' id='word_1_41' title='bbox 984 938 1022 981; x_wconf 92' lang='lat' dir='ltr'><strong>ae</strong></span> <span class='ocrx_word' id='word_1_42' title='bbox 1051 915 1241 981; x_wconf 91' lang='lat' dir='ltr'><strong>fortitudine</strong></span> <span class='ocrx_word' id='word_1_43' title='bbox 1272 918 1406 1003; x_wconf 90' lang='lat' dir='ltr'><strong>spiritus</strong></span> <span class='ocrx_word' id='word_1_44' title='bbox 1430 919 1606 1003; x_wconf 89' lang='lat' dir='ltr'><strong>premuniti</strong></span> <span class='ocrx_word' id='word_1_45' title='bbox 1630 920 1793 983; x_wconf 90' lang='lat' dir='ltr'><strong>resistatis</strong></span> <span class='ocrx_word' id='word_1_46' title='bbox 1816 919 1962 998; x_wconf 91' lang='lat' dir='ltr'><strong>viriliter,</strong></span> 
     </span>
    </p>

    <p class='ocr_par' dir='ltr' id='par_1_3' title="bbox 243 1021 1963 1214">
     <span class='ocr_line' id='line_1_6' title="bbox 243 1021 1963 1110; baseline -0.002 -23"><span class='ocrx_word' id='word_1_47' title='bbox 243 1041 255 1078; x_wconf 75' lang='lat'>⁵</span> <span class='ocrx_word' id='word_1_48' title='bbox 308 1024 340 1087; x_wconf 89' lang='lat' dir='ltr'><strong>in</strong></span> <span class='ocrx_word' id='word_1_49' title='bbox 363 1024 466 1110; x_wconf 89' lang='lat' dir='ltr'><strong>ipsius</strong></span> <span class='ocrx_word' id='word_1_50' title='bbox 489 1023 628 1089; x_wconf 81' lang='lat' dir='ltr'><strong>ecclesie</strong></span> <span class='ocrx_word' id='word_1_51' title='bbox 652 1022 836 1102; x_wconf 87' lang='lat' dir='ltr'><strong>devotione,</strong></span> <span class='ocrx_word' id='word_1_52' title='bbox 866 1043 928 1107; x_wconf 91' lang='lat' dir='ltr'><strong>que</strong></span> <span class='ocrx_word' id='word_1_53' title='bbox 951 1043 1009 1085; x_wconf 93' lang='lat' dir='ltr'><strong>vos</strong></span> <span class='ocrx_word' id='word_1_54' title='bbox 1032 1021 1117 1085; x_wconf 89' lang='lat' dir='ltr'><strong>inter</strong></span> <span class='ocrx_word' id='word_1_55' title='bbox 1140 1025 1267 1084; x_wconf 89' lang='lat' dir='ltr'><strong>ceteros</strong></span> <span class='ocrx_word' id='word_1_56' title='bbox 1292 1021 1361 1084; x_wconf 89' lang='lat' dir='ltr'><strong>eius</strong></span> <span class='ocrx_word' id='word_1_57' title='bbox 1385 1021 1470 1084; x_wconf 91' lang='lat' dir='ltr'><strong>filios</strong></span> <span class='ocrx_word' id='word_1_58' title='bbox 1494 1021 1603 1086; x_wconf 93' lang='lat' dir='ltr'><strong>favore</strong></span> <span class='ocrx_word' id='word_1_59' title='bbox 1626 1029 1660 1086; x_wconf 91' lang='lat' dir='ltr'><strong>et</strong></span> <span class='ocrx_word' id='word_1_60' title='bbox 1681 1023 1788 1107; x_wconf 89' lang='lat' dir='ltr'><strong>gratia</strong></span> <span class='ocrx_word' id='word_1_61' title='bbox 1811 1021 1963 1109; x_wconf 86' lang='lat' dir='ltr'><strong>proponit</strong></span> 
     </span>
     <span class='ocr_line' id='line_1_7' title="bbox 306 1124 1277 1214; baseline -0.001 -23"><span class='ocrx_word' id='word_1_62' title='bbox 306 1129 458 1193; x_wconf 81' lang='lat' dir='ltr'><strong>attollere</strong></span> <span class='ocrx_word' id='word_1_63' title='bbox 482 1128 625 1214; x_wconf 90' lang='lat' dir='ltr'><strong>speciali,</strong></span> <span class='ocrx_word' id='word_1_64' title='bbox 650 1125 784 1190; x_wconf 87' lang='lat' dir='ltr'><strong>stabiles</strong></span> <span class='ocrx_word' id='word_1_65' title='bbox 809 1146 897 1190; x_wconf 89' lang='lat' dir='ltr'><strong>more</strong></span> <span class='ocrx_word' id='word_1_66' title='bbox 922 1126 1017 1190; x_wconf 90' lang='lat' dir='ltr'><strong>solito</strong></span> <span class='ocrx_word' id='word_1_67' title='bbox 1041 1124 1277 1211; x_wconf 89' lang='lat' dir='ltr'><strong>permanendo.</strong></span> 
     </span>
    </p>
   </div>
   <div class='ocr_carea' id='block_1_3' title="bbox 286 1246 1129 1334">
    <p class='ocr_par' dir='ltr' id='par_1_4' title="bbox 286 1246 1129 1334">
     <span class='ocr_line' id='line_1_8' title="bbox 286 1246 1129 1334; baseline -0.004 -21"><span class='ocrx_word' id='word_1_68' title='bbox 286 1319 290 1326; x_wconf 53' lang='grc'><em>,</em></span> <span class='ocrx_word' id='word_1_69' title='bbox 410 1247 489 1314; x_wconf 91' lang='lat' dir='ltr'><strong>Dat.</strong></span> <span class='ocrx_word' id='word_1_70' title='bbox 511 1246 675 1334; x_wconf 85' lang='lat' dir='ltr'><strong>Lugduni,</strong></span> <span class='ocrx_word' id='word_1_71' title='bbox 698 1247 733 1312; x_wconf 94' lang='lat' dir='ltr'><strong>II</strong></span> <span class='ocrx_word' id='word_1_72' title='bbox 754 1247 830 1314; x_wconf 89' lang='lat' dir='ltr'><strong>Kal.</strong></span> <span class='ocrx_word' id='word_1_73' title='bbox 854 1247 944 1328; x_wconf 87' lang='lat' dir='ltr'><strong>Maii,</strong></span> <span class='ocrx_word' id='word_1_74' title='bbox 969 1268 1055 1312; x_wconf 91' lang='lat' dir='ltr'><strong>anno</strong></span> <span class='ocrx_word' id='word_1_75' title='bbox 1071 1247 1129 1312; x_wconf 81' lang='lat' dir='ltr'><strong>V0.</strong></span> 
     </span>
    </p>
   </div>
   <div class='ocr_carea' id='block_1_4' title="bbox 1027 1471 1252 1672">
    <p class='ocr_par' dir='ltr' id='par_1_5' title="bbox 1027 1471 1252 1672">
     <span class='ocr_line' id='line_1_9' title="bbox 1111 1471 1155 1538; baseline 0.045 -2"><span class='ocrx_word' id='word_1_76' title='bbox 1111 1471 1155 1538; x_wconf 91' lang='lat'><strong>11.</strong></span> 
     </span>
     <span class='ocr_line' id='line_1_10' title="bbox 1027 1597 1252 1672; baseline 0.009 -2"><span class='ocrx_word' id='word_1_77' title='bbox 1027 1597 1252 1672; x_wconf 85' lang='lat' dir='ltr'><strong>Eisdem.</strong></span> 
     </span>
    </p>
   </div>
   <div class='ocr_carea' id='block_1_5' title="bbox 231 1747 1964 2665">
    <p class='ocr_par' dir='ltr' id='par_1_6' title="bbox 418 1747 1963 1833">
     <span class='ocr_line' id='line_1_11' title="bbox 418 1747 1963 1833; baseline 0 -21"><span class='ocrx_word' id='word_1_78' title='bbox 418 1749 503 1824; x_wconf 87' lang='lat' dir='ltr'><strong>Quia</strong></span> <span class='ocrx_word' id='word_1_79' title='bbox 526 1749 642 1833; x_wconf 89' lang='lat' dir='ltr'><strong>cuique</strong></span> <span class='ocrx_word' id='word_1_80' title='bbox 667 1755 729 1814; x_wconf 90' lang='lat' dir='ltr'><strong>otc.</strong></span> <span class='ocrx_word' id='word_1_81' title='bbox 773 1747 859 1812; x_wconf 90' lang='lat' dir='ltr'><strong>Hine</strong></span> <span class='ocrx_word' id='word_1_82' title='bbox 883 1753 944 1829; x_wconf 88' lang='lat' dir='ltr'><strong>est,</strong></span> <span class='ocrx_word' id='word_1_83' title='bbox 968 1747 1053 1832; x_wconf 92' lang='lat' dir='ltr'><strong>quod</strong></span> <span class='ocrx_word' id='word_1_84' title='bbox 1077 1769 1150 1812; x_wconf 90' lang='lat' dir='ltr'><strong>eum</strong></span> <span class='ocrx_word' id='word_1_85' title='bbox 1174 1750 1421 1813; x_wconf 80' lang='lat' dir='ltr'><strong>communitates</strong></span> <span class='ocrx_word' id='word_1_86' title='bbox 1446 1749 1613 1812; x_wconf 89' lang='lat' dir='ltr'><strong>civitatum</strong></span> <span class='ocrx_word' id='word_1_87' title='bbox 1637 1755 1671 1813; x_wconf 90' lang='lat' dir='ltr'><strong>et</strong></span> <span class='ocrx_word' id='word_1_88' title='bbox 1694 1753 1873 1814; x_wconf 90' lang='lat' dir='ltr'><strong>castrorum</strong></span> <span class='ocrx_word' id='word_1_89' title='bbox 1896 1755 1963 1814; x_wconf 88' lang='lat' dir='ltr'><strong>tam</strong></span> 
     </span>
    </p>

    <p class='ocr_par' dir='ltr' id='par_1_7' title="bbox 231 1851 1963 1939">
     <span class='ocr_line' id='line_1_12' title="bbox 231 1851 1963 1939; baseline 0.002 -25"><span class='ocrx_word' id='word_1_90' title='bbox 231 1877 257 1914; x_wconf 83' lang='lat' dir='ltr'><strong>ro</strong></span> <span class='ocrx_word' id='word_1_91' title='bbox 308 1853 496 1939; x_wconf 81' lang='lat' dir='ltr'><strong>patrimonii</strong></span> <span class='ocrx_word' id='word_1_92' title='bbox 520 1852 608 1916; x_wconf 88' lang='lat' dir='ltr'><strong>beati</strong></span> <span class='ocrx_word' id='word_1_93' title='bbox 632 1852 723 1915; x_wconf 89' lang='lat' dir='ltr'><strong>Petri</strong></span> <span class='ocrx_word' id='word_1_94' title='bbox 749 1853 781 1914; x_wconf 91' lang='lat' dir='ltr'><strong>in</strong></span> <span class='ocrx_word' id='word_1_95' title='bbox 799 1851 920 1916; x_wconf 80' lang='lat' dir='ltr'><strong>Tuscia</strong></span> <span class='ocrx_word' id='word_1_96' title='bbox 942 1872 1039 1936; x_wconf 90' lang='lat' dir='ltr'><strong>quam</strong></span> <span class='ocrx_word' id='word_1_97' title='bbox 1064 1853 1202 1916; x_wconf 89' lang='lat' dir='ltr'><strong>aliarum</strong></span> <span class='ocrx_word' id='word_1_98' title='bbox 1226 1853 1366 1937; x_wconf 89' lang='lat' dir='ltr'><strong>partium</strong></span> <span class='ocrx_word' id='word_1_99' title='bbox 1390 1853 1578 1932; x_wconf 88' lang='lat' dir='ltr'><strong>vicinarum,</strong></span> <span class='ocrx_word' id='word_1_100' title='bbox 1602 1873 1712 1917; x_wconf 90' lang='lat' dir='ltr'><strong>eomes</strong></span> <span class='ocrx_word' id='word_1_101' title='bbox 1727 1853 1963 1938; x_wconf 82' lang='lat' dir='ltr'><strong>Anguillarie¹,</strong></span> 
     </span>
    </p>

    <p class='ocr_par' dir='ltr' id='par_1_8' title="bbox 308 1954 1963 2040">
     <span class='ocr_line' id='line_1_13' title="bbox 308 1954 1963 2040; baseline 0 -20"><span class='ocrx_word' id='word_1_102' title='bbox 308 1956 486 2040; x_wconf 85' lang='lat' dir='ltr'><strong>Gregorius</strong></span> <span class='ocrx_word' id='word_1_103' title='bbox 512 1955 634 2019; x_wconf 80' lang='lat' dir='ltr'><strong>cinthii</strong></span> <span class='ocrx_word' id='word_1_104' title='bbox 657 1963 690 2019; x_wconf 94' lang='lat' dir='ltr'><strong>ct</strong></span> <span class='ocrx_word' id='word_1_105' title='bbox 712 1956 771 2020; x_wconf 89' lang='lat' dir='ltr'><strong>filii</strong></span> <span class='ocrx_word' id='word_1_106' title='bbox 794 1957 880 2036; x_wconf 92' lang='lat' dir='ltr'><strong>eius,</strong></span> <span class='ocrx_word' id='word_1_107' title='bbox 912 1954 1033 2019; x_wconf 90' lang='lat' dir='ltr'><strong>domini</strong></span> <span class='ocrx_word' id='word_1_108' title='bbox 1056 1955 1152 2020; x_wconf 85' lang='lat' dir='ltr'><strong>Tulfe</strong></span> <span class='ocrx_word' id='word_1_109' title='bbox 1176 1958 1315 2036; x_wconf 89' lang='lat' dir='ltr'><strong>veteris,</strong></span> <span class='ocrx_word' id='word_1_110' title='bbox 1343 1956 1587 2034; x_wconf 87' lang='lat' dir='ltr'><strong>Tuscanenses,</strong></span> <span class='ocrx_word' id='word_1_111' title='bbox 1609 1956 1854 2035; x_wconf 85' lang='lat' dir='ltr'><strong>Vetrallenses,</strong></span> <span class='ocrx_word' id='word_1_112' title='bbox 1883 1957 1963 2022; x_wconf 83' lang='lat' dir='ltr'><strong>Gal-</strong></span> 
     </span>
    </p>

    <p class='ocr_par' dir='ltr' id='par_1_9' title="bbox 307 2059 1963 2140">
     <span class='ocr_line' id='line_1_14' title="bbox 307 2059 1963 2140; baseline 0.001 -17"><span class='ocrx_word' id='word_1_113' title='bbox 307 2059 437 2124; x_wconf 75' lang='lat' dir='ltr'><strong>lesani²</strong></span> <span class='ocrx_word' id='word_1_114' title='bbox 464 2080 502 2122; x_wconf 90' lang='lat' dir='ltr'><strong>ac</strong></span> <span class='ocrx_word' id='word_1_115' title='bbox 526 2059 674 2123; x_wconf 91' lang='lat' dir='ltr'><strong>homines</strong></span> <span class='ocrx_word' id='word_1_116' title='bbox 705 2059 745 2124; x_wconf 94' lang='lat' dir='ltr'><strong>de</strong></span> <span class='ocrx_word' id='word_1_117' title='bbox 769 2059 985 2138; x_wconf 78' lang='lat' dir='ltr'><strong>Turricella³,</strong></span> <span class='ocrx_word' id='word_1_118' title='bbox 1013 2059 1195 2124; x_wconf 90' lang='lat' dir='ltr'><strong>Barbarani</strong></span> <span class='ocrx_word' id='word_1_119' title='bbox 1205 2061 1227 2140; x_wconf 83' lang='lat'><strong>⁴,</strong></span> <span class='ocrx_word' id='word_1_120' title='bbox 1259 2067 1292 2124; x_wconf 90' lang='lat' dir='ltr'><strong>et</strong></span> <span class='ocrx_word' id='word_1_121' title='bbox 1319 2060 1436 2124; x_wconf 76' lang='lat' dir='ltr'><strong>alteri⁸</strong></span> <span class='ocrx_word' id='word_1_122' title='bbox 1462 2061 1603 2124; x_wconf 89' lang='lat' dir='ltr'><strong>ecclesie</strong></span> <span class='ocrx_word' id='word_1_123' title='bbox 1627 2059 1776 2125; x_wconf 85' lang='lat' dir='ltr'><strong>Romane</strong></span> <span class='ocrx_word' id='word_1_124' title='bbox 1803 2060 1963 2124; x_wconf 90' lang='lat' dir='ltr'><strong>fidelitate</strong></span> 
     </span>
    </p>

    <p class='ocr_par' dir='ltr' id='par_1_10' title="bbox 308 2161 1963 2250">
     <span class='ocr_line' id='line_1_15' title="bbox 308 2161 1963 2250; baseline -0.001 -22"><span class='ocrx_word' id='word_1_125' title='bbox 308 2163 424 2228; x_wconf 89' lang='lat' dir='ltr'><strong>relicta</strong></span> <span class='ocrx_word' id='word_1_126' title='bbox 446 2169 612 2248; x_wconf 90' lang='lat' dir='ltr'><strong>tamquam</strong></span> <span class='ocrx_word' id='word_1_127' title='bbox 636 2163 695 2226; x_wconf 90' lang='lat' dir='ltr'><strong>filii</strong></span> <span class='ocrx_word' id='word_1_128' title='bbox 719 2161 899 2247; x_wconf 86' lang='lat' dir='ltr'><strong>degeneres</strong></span> <span class='ocrx_word' id='word_1_129' title='bbox 917 2161 1007 2226; x_wconf 90' lang='lat' dir='ltr'><strong>vobis</strong></span> <span class='ocrx_word' id='word_1_130' title='bbox 1032 2163 1064 2225; x_wconf 91' lang='lat' dir='ltr'><strong>in</strong></span> <span class='ocrx_word' id='word_1_131' title='bbox 1082 2162 1256 2228; x_wconf 89' lang='lat' dir='ltr'><strong>devotione</strong></span> <span class='ocrx_word' id='word_1_132' title='bbox 1273 2163 1376 2249; x_wconf 91' lang='lat' dir='ltr'><strong>ipsius</strong></span> <span class='ocrx_word' id='word_1_133' title='bbox 1394 2164 1613 2234; x_wconf 87' lang='lat' dir='ltr'><strong>existentibus</strong></span> <span class='ocrx_word' id='word_1_134' title='bbox 1628 2163 1770 2250; x_wconf 89' lang='lat' dir='ltr'><strong>dampna</strong></span> <span class='ocrx_word' id='word_1_135' title='bbox 1784 2165 1817 2228; x_wconf 91' lang='lat' dir='ltr'><strong>in</strong></span> <span class='ocrx_word' id='word_1_136' title='bbox 1835 2164 1963 2244; x_wconf 91' lang='lat' dir='ltr'><strong>castris,</strong></span> 
     </span>
    </p>

    <p class='ocr_par' dir='ltr' id='par_1_11' title="bbox 308 2267 1963 2352">
     <span class='ocr_line' id='line_1_16' title="bbox 308 2267 1963 2352; baseline -0.001 -21"><span class='ocrx_word' id='word_1_137' title='bbox 308 2269 459 2332; x_wconf 83' lang='lat' dir='ltr'><strong>vassallis</strong></span> <span class='ocrx_word' id='word_1_138' title='bbox 483 2275 517 2332; x_wconf 89' lang='lat' dir='ltr'><strong>et</strong></span> <span class='ocrx_word' id='word_1_139' title='bbox 540 2269 611 2332; x_wconf 88' lang='lat' dir='ltr'><strong>aliis</strong></span> <span class='ocrx_word' id='word_1_140' title='bbox 636 2268 729 2331; x_wconf 89' lang='lat' dir='ltr'><strong>bonis</strong></span> <span class='ocrx_word' id='word_1_141' title='bbox 753 2267 870 2330; x_wconf 88' lang='lat' dir='ltr'><strong>vestris</strong></span> <span class='ocrx_word' id='word_1_142' title='bbox 893 2268 1007 2352; x_wconf 89' lang='lat' dir='ltr'><strong>gravia</strong></span> <span class='ocrx_word' id='word_1_143' title='bbox 1030 2267 1219 2351; x_wconf 86' lang='lat' dir='ltr'><strong>irrogarint,</strong></span> <span class='ocrx_word' id='word_1_144' title='bbox 1250 2289 1328 2347; x_wconf 90' lang='lat' dir='ltr'><strong>nos,</strong></span> <span class='ocrx_word' id='word_1_145' title='bbox 1358 2288 1399 2331; x_wconf 91' lang='lat' dir='ltr'><strong>ne</strong></span> <span class='ocrx_word' id='word_1_146' title='bbox 1430 2268 1472 2332; x_wconf 90' lang='lat' dir='ltr'><strong>de</strong></span> <span class='ocrx_word' id='word_1_147' title='bbox 1502 2267 1602 2332; x_wconf 90' lang='lat' dir='ltr'><strong>illatis</strong></span> <span class='ocrx_word' id='word_1_148' title='bbox 1625 2267 1718 2331; x_wconf 90' lang='lat' dir='ltr'><strong>vobis</strong></span> <span class='ocrx_word' id='word_1_149' title='bbox 1743 2267 1877 2330; x_wconf 85' lang='lat' dir='ltr'><strong>offensis</strong></span> <span class='ocrx_word' id='word_1_150' title='bbox 1902 2273 1963 2331; x_wconf 88' lang='lat' dir='ltr'><strong>ete.</strong></span> 
     </span>
    </p>

    <p class='ocr_par' dir='ltr' id='par_1_12' title="bbox 231 2370 1960 2458">
     <span class='ocr_line' id='line_1_17' title="bbox 231 2370 1960 2458; baseline 0.001 -28"><span class='ocrx_word' id='word_1_151' title='bbox 231 2393 255 2430; x_wconf 82' lang='lat' dir='ltr'><strong>rs</strong></span> <span class='ocrx_word' id='word_1_152' title='bbox 307 2378 465 2457; x_wconf 90' lang='lat' dir='ltr'><strong>utsupra</strong></span> <span class='ocrx_word' id='word_1_153' title='bbox 492 2393 610 2456; x_wconf 91' lang='lat' dir='ltr'><strong>usqne:</strong></span> <span class='ocrx_word' id='word_1_154' title='bbox 644 2371 828 2435; x_wconf 90' lang='lat' dir='ltr'><strong>huiusmodi</strong></span> <span class='ocrx_word' id='word_1_155' title='bbox 860 2370 1004 2455; x_wconf 88' lang='lat' dir='ltr'><strong>dampna</strong></span> <span class='ocrx_word' id='word_1_156' title='bbox 1027 2371 1120 2434; x_wconf 90' lang='lat' dir='ltr'><strong>vobis</strong></span> <span class='ocrx_word' id='word_1_157' title='bbox 1144 2371 1185 2434; x_wconf 88' lang='lat' dir='ltr'><strong>ab</strong></span> <span class='ocrx_word' id='word_1_158' title='bbox 1210 2370 1335 2436; x_wconf 89' lang='lat' dir='ltr'><strong>eisdem</strong></span> <span class='ocrx_word' id='word_1_159' title='bbox 1359 2371 1647 2435; x_wconf 86' lang='lat' dir='ltr'><strong>communitatibus</strong></span> <span class='ocrx_word' id='word_1_160' title='bbox 1671 2376 1704 2436; x_wconf 90' lang='lat' dir='ltr'><strong>et</strong></span> <span class='ocrx_word' id='word_1_161' title='bbox 1726 2370 1876 2458; x_wconf 91' lang='lat' dir='ltr'><strong>personis</strong></span> <span class='ocrx_word' id='word_1_162' title='bbox 1908 2370 1960 2434; x_wconf 89' lang='lat' dir='ltr'><strong>vel</strong></span> 
     </span>
    </p>

    <p class='ocr_par' dir='ltr' id='par_1_13' title="bbox 310 2474 1964 2665">
     <span class='ocr_line' id='line_1_18' title="bbox 310 2474 1964 2563; baseline -0.001 -25"><span class='ocrx_word' id='word_1_163' title='bbox 310 2476 482 2538; x_wconf 89' lang='lat' dir='ltr'><strong>occasione</strong></span> <span class='ocrx_word' id='word_1_164' title='bbox 511 2475 755 2538; x_wconf 87' lang='lat' dir='ltr'><strong>illorum.illata</strong></span> <span class='ocrx_word' id='word_1_165' title='bbox 779 2481 840 2539; x_wconf 89' lang='lat' dir='ltr'><strong>etc.</strong></span> <span class='ocrx_word' id='word_1_166' title='bbox 864 2495 982 2558; x_wconf 91' lang='lat' dir='ltr'><strong>usque:</strong></span> <span class='ocrx_word' id='word_1_167' title='bbox 1012 2476 1203 2560; x_wconf 89' lang='lat' dir='ltr'><strong>contigerit,</strong></span> <span class='ocrx_word' id='word_1_168' title='bbox 1232 2497 1361 2540; x_wconf 88' lang='lat' dir='ltr'><strong>necnon</strong></span> <span class='ocrx_word' id='word_1_169' title='bbox 1384 2477 1497 2539; x_wconf 88' lang='lat' dir='ltr'><strong>ablata</strong></span> <span class='ocrx_word' id='word_1_170' title='bbox 1519 2478 1627 2540; x_wconf 87' lang='lat' dir='ltr'><strong>omnia</strong></span> <span class='ocrx_word' id='word_1_171' title='bbox 1650 2474 1742 2538; x_wconf 92' lang='lat' dir='ltr'><strong>vobis</strong></span> <span class='ocrx_word' id='word_1_172' title='bbox 1766 2497 1785 2538; x_wconf 91' lang='lat' dir='ltr'><strong>a</strong></span> <span class='ocrx_word' id='word_1_173' title='bbox 1809 2474 1964 2563; x_wconf 89' lang='lat' dir='ltr'><strong>predictis</strong></span> 
     </span>
     <span class='ocr_line' id='line_1_19' title="bbox 310 2578 1444 2665; baseline 0.004 -24"><span class='ocrx_word' id='word_1_174' title='bbox 310 2578 459 2641; x_wconf 91' lang='lat' dir='ltr'><strong>omnibus</strong></span> <span class='ocrx_word' id='word_1_175' title='bbox 481 2579 610 2663; x_wconf 88' lang='lat' dir='ltr'><strong>integre</strong></span> <span class='ocrx_word' id='word_1_176' title='bbox 634 2584 860 2643; x_wconf 89' lang='lat' dir='ltr'><strong>restaurentur</strong></span> <span class='ocrx_word' id='word_1_177' title='bbox 883 2584 946 2642; x_wconf 89' lang='lat' dir='ltr'><strong>ete.</strong></span> <span class='ocrx_word' id='word_1_178' title='bbox 969 2585 1005 2644; x_wconf 91' lang='lat' dir='ltr'><strong>ut</strong></span> <span class='ocrx_word' id='word_1_179' title='bbox 1029 2601 1128 2664; x_wconf 88' lang='lat' dir='ltr'><strong>supra</strong></span> <span class='ocrx_word' id='word_1_180' title='bbox 1151 2601 1255 2665; x_wconf 92' lang='lat' dir='ltr'><strong>usque</strong></span> <span class='ocrx_word' id='word_1_181' title='bbox 1279 2582 1312 2644; x_wconf 90' lang='lat' dir='ltr'><strong>in</strong></span> <span class='ocrx_word' id='word_1_182' title='bbox 1336 2582 1444 2646; x_wconf 89' lang='lat' dir='ltr'><strong>finem.</strong></span> 
     </span>
    </p>
   </div>
   <div class='ocr_carea' id='block_1_6' title="bbox 1095 3101 1182 3177">
    <p class='ocr_par' dir='ltr' id='par_1_14' title="bbox 1095 3101 1182 3177">
     <span class='ocr_line' id='line_1_20' title="bbox 1095 3101 1182 3177; baseline 0.023 -2"><span class='ocrx_word' id='word_1_183' title='bbox 1095 3101 1182 3177; x_wconf 73' lang='lat'><strong>549.</strong></span> 
     </span>
    </p>
   </div>
   <div class='ocr_carea' id='block_1_7' title="bbox 232 3216 1964 3638">
    <p class='ocr_par' dir='ltr' id='par_1_15' title="bbox 413 3216 1964 3330">
     <span class='ocr_line' id='line_1_21' title="bbox 413 3216 1964 3330; baseline -0.003 -20"><span class='ocrx_word' id='word_1_184' title='bbox 413 3216 632 3310; x_wconf 77' lang='lat' dir='ltr'><strong>Innocentius</strong></span> <span class='ocrx_word' id='word_1_185' title='bbox 652 3242 711 3308; x_wconf 85' lang='lat' dir='ltr'><strong>IV</strong></span> <span class='ocrx_word' id='word_1_186' title='bbox 722 3264 813 3328; x_wconf 84' lang='lat' dir='ltr'><strong>papa</strong></span> <span class='ocrx_word' id='word_1_187' title='bbox 834 3244 991 3330; x_wconf 82' lang='lat' dir='ltr'><strong>[Henrc&#39;eo</strong></span> <span class='ocrx_word' id='word_1_188' title='bbox 1014 3245 1095 3329; x_wconf 90' lang='grc' dir='ltr'><em>ΙΙΙ]</em></span> <span class='ocrx_word' id='word_1_189' title='bbox 1116 3245 1207 3308; x_wconf 87' lang='lat' dir='ltr'><strong>electo</strong></span> <span class='ocrx_word' id='word_1_190' title='bbox 1228 3243 1396 3308; x_wconf 82' lang='lat' dir='ltr'><strong>Leodiensi</strong></span> <span class='ocrx_word' id='word_1_191' title='bbox 1417 3244 1567 3324; x_wconf 83' lang='lat' dir='ltr'><strong>concedit,</strong></span> <span class='ocrx_word' id='word_1_192' title='bbox 1595 3249 1631 3308; x_wconf 89' lang='lat' dir='ltr'><strong>ut</strong></span> <span class='ocrx_word' id='word_1_193' title='bbox 1652 3241 1696 3307; x_wconf 84' lang='lat' dir='ltr'><strong>ad</strong></span> <span class='ocrx_word' id='word_1_194' title='bbox 1713 3242 1964 3324; x_wconf 84' lang='lat' dir='ltr'><strong>prosequendum</strong></span> 
     </span>
    </p>

    <p class='ocr_par' dir='ltr' id='par_1_16' title="bbox 309 3345 1962 3431">
     <span class='ocr_line' id='line_1_22' title="bbox 309 3345 1962 3431; baseline -0.001 -20"><span class='ocrx_word' id='word_1_195' title='bbox 309 3347 465 3431; x_wconf 71' lang='lat' dir='ltr'><strong>negotium</strong></span> <span class='ocrx_word' id='word_1_196' title='bbox 497 3347 640 3412; x_wconf 84' lang='lat' dir='ltr'><strong>eeclesiae</strong></span> <span class='ocrx_word' id='word_1_197' title='bbox 673 3352 782 3412; x_wconf 83' lang='lat' dir='ltr'><strong>contra</strong></span> <span class='ocrx_word' id='word_1_198' title='bbox 814 3349 1015 3414; x_wconf 69' lang='lat' dir='ltr'><strong>Funderieum</strong></span> <span class='ocrx_word' id='word_1_199' title='bbox 1049 3348 1207 3429; x_wconf 85' lang='lat' dir='ltr'><strong>quondam</strong></span> <span class='ocrx_word' id='word_1_200' title='bbox 1234 3348 1451 3428; x_wconf 81' lang='lat' dir='ltr'><strong>imperatorem</strong></span> <span class='ocrx_word' id='word_1_201' title='bbox 1473 3353 1646 3428; x_wconf 66' lang='lat' dir='ltr'><strong>praeuentus</strong></span> <span class='ocrx_word' id='word_1_202' title='bbox 1673 3345 1890 3426; x_wconf 73' lang='lat' dir='ltr'><strong>beneficiorum</strong></span> <span class='ocrx_word' id='word_1_203' title='bbox 1918 3345 1962 3410; x_wconf 86' lang='lat' dir='ltr'><strong>nd</strong></span> 
     </span>
    </p>

    <p class='ocr_par' dir='ltr' id='par_1_17' title="bbox 232 3448 1961 3638">
     <span class='ocr_line' id='line_1_23' title="bbox 232 3448 1961 3534; baseline 0 -20"><span class='ocrx_word' id='word_1_204' title='bbox 232 3475 258 3514; x_wconf 81' lang='lat' dir='ltr'><strong>uo</strong></span> <span class='ocrx_word' id='word_1_205' title='bbox 310 3451 504 3517; x_wconf 85' lang='lat' dir='ltr'><strong>collationem</strong></span> <span class='ocrx_word' id='word_1_206' title='bbox 534 3471 624 3516; x_wconf 83' lang='lat' dir='ltr'><strong>suum</strong></span> <span class='ocrx_word' id='word_1_207' title='bbox 654 3453 874 3532; x_wconf 82' lang='lat' dir='ltr'><strong>spectantium,</strong></span> <span class='ocrx_word' id='word_1_208' title='bbox 905 3473 984 3534; x_wconf 83' lang='lat' dir='ltr'><strong>quae</strong></span> <span class='ocrx_word' id='word_1_209' title='bbox 1013 3471 1111 3534; x_wconf 81' lang='lat' dir='ltr'><strong>usque</strong></span> <span class='ocrx_word' id='word_1_210' title='bbox 1138 3452 1182 3516; x_wconf 81' lang='lat' dir='ltr'><strong>ad</strong></span> <span class='ocrx_word' id='word_1_211' title='bbox 1208 3452 1380 3516; x_wconf 79' lang='lat' dir='ltr'><strong>triennium</strong></span> <span class='ocrx_word' id='word_1_212' title='bbox 1406 3452 1443 3514; x_wconf 82' lang='lat' dir='ltr'><strong>tn</strong></span> <span class='ocrx_word' id='word_1_213' title='bbox 1464 3451 1589 3514; x_wconf 82' lang='lat' dir='ltr'><strong>civitate</strong></span> <span class='ocrx_word' id='word_1_214' title='bbox 1610 3454 1639 3513; x_wconf 94' lang='lat' dir='ltr'><strong>et</strong></span> <span class='ocrx_word' id='word_1_215' title='bbox 1661 3448 1774 3513; x_wconf 80' lang='lat' dir='ltr'><strong>diocesi</strong></span> <span class='ocrx_word' id='word_1_216' title='bbox 1794 3448 1961 3514; x_wconf 69' lang='lat' dir='ltr'><strong>medensi</strong></span> 
     </span>
     <span class='ocr_line' id='line_1_24' title="bbox 307 3551 1867 3638; baseline 0.001 -22"><span class='ocrx_word' id='word_1_217' title='bbox 307 3555 496 3633; x_wconf 84' lang='lat' dir='ltr'><strong>eaeauem&#39;ut,</strong></span> <span class='ocrx_word' id='word_1_218' title='bbox 514 3575 574 3637; x_wconf 82' lang='lat' dir='ltr'><strong>per</strong></span> <span class='ocrx_word' id='word_1_219' title='bbox 596 3573 718 3617; x_wconf 87' lang='lat' dir='ltr'><strong>annum</strong></span> <span class='ocrx_word' id='word_1_220' title='bbox 733 3555 901 3638; x_wconf 83' lang='lat' dir='ltr'><strong>percipiat.</strong></span> <span class='ocrx_word' id='word_1_221' title='bbox 1612 3555 1705 3631; x_wconf 80' lang='lat'><strong>1248,</strong></span> <span class='ocrx_word' id='word_1_222' title='bbox 1728 3551 1813 3617; x_wconf 84' lang='lat' dir='ltr'><strong>Mai.</strong></span> <span class='ocrx_word' id='word_1_223' title='bbox 1836 3556 1867 3618; x_wconf 76' lang='lat'><strong>4.</strong></span> 
     </span>
    </p>
   </div>
   <div class='ocr_carea' id='block_1_8' title="bbox 413 3673 1027 3828">
    <p class='ocr_par' dir='ltr' id='par_1_18' title="bbox 413 3673 1027 3828">
     <span class='ocr_line' id='line_1_25' title="bbox 413 3673 1027 3742; baseline 0 -16"><span class='ocrx_word' id='word_1_224' title='bbox 413 3674 476 3727; x_wconf 85' lang='lat' dir='ltr'><strong>Iun.</strong></span> <span class='ocrx_word' id='word_1_225' title='bbox 495 3673 544 3726; x_wconf 84' lang='lat' dir='ltr'><strong>IV</strong></span> <span class='ocrx_word' id='word_1_226' title='bbox 558 3673 624 3742; x_wconf 74' lang='lat' dir='ltr'><strong>Rep.</strong></span> <span class='ocrx_word' id='word_1_227' title='bbox 644 3673 699 3726; x_wconf 88' lang='lat' dir='ltr'><strong>Vol.</strong></span> <span class='ocrx_word' id='word_1_228' title='bbox 718 3673 741 3740; x_wconf 89' lang='lat' dir='ltr'><strong>I,</strong></span> <span class='ocrx_word' id='word_1_229' title='bbox 762 3674 948 3742; x_wconf 68' lang='lat' dir='ltr'><strong>5265111&#39;b.V,</strong></span> <span class='ocrx_word' id='word_1_230' title='bbox 968 3680 1027 3730; x_wconf 82' lang='lat'><em>800.</em></span> 
     </span>
     <span class='ocr_line' id='line_1_26' title="bbox 414 3759 601 3828; baseline 0 -16"><span class='ocrx_word' id='word_1_231' title='bbox 414 3759 510 3828; x_wconf 74' lang='lat' dir='ltr'><strong>Barper</strong></span> <span class='ocrx_word' id='word_1_232' title='bbox 527 3765 601 3814; x_wconf 79' lang='grc'><em>3848.</em></span> 
     </span>
    </p>
   </div>
   <div class='ocr_carea' id='block_1_9' title="bbox 878 3869 1406 3945">
    <p class='ocr_par' dir='ltr' id='par_1_19' title="bbox 878 3869 1406 3945">
     <span class='ocr_line' id='line_1_27' title="bbox 878 3869 1406 3945; baseline -0.002 -2"><span class='ocrx_word' id='word_1_233' title='bbox 878 3927 886 3943; x_wconf 94' lang='grc'><strong>.</strong></span> <span class='ocrx_word' id='word_1_234' title='bbox 917 3927 926 3945; x_wconf 94' lang='grc'><strong>.</strong></span> <span class='ocrx_word' id='word_1_235' title='bbox 955 3870 1200 3944; x_wconf 86' lang='lat' dir='ltr'><strong>Leodiensi</strong></span> <span class='ocrx_word' id='word_1_236' title='bbox 1229 3869 1406 3942; x_wconf 81' lang='lat' dir='ltr'><strong>electo⁵.</strong></span> 
     </span>
    </p>
   </div>
   <div class='ocr_carea' id='block_1_10' title="bbox 233 4017 1967 4912">
    <p class='ocr_par' dir='ltr' id='par_1_20' title="bbox 233 4017 1967 4519">
     <span class='ocr_line' id='line_1_28' title="bbox 233 4017 1965 4104; baseline 0.001 -22"><span class='ocrx_word' id='word_1_237' title='bbox 233 4049 259 4089; x_wconf 65' lang='lat'><strong>25</strong></span> <span class='ocrx_word' id='word_1_238' title='bbox 419 4017 472 4082; x_wconf 86' lang='lat' dir='ltr'><strong>Ad</strong></span> <span class='ocrx_word' id='word_1_239' title='bbox 494 4017 756 4103; x_wconf 90' lang='lat' dir='ltr'><strong>prosequendum</strong></span> <span class='ocrx_word' id='word_1_240' title='bbox 780 4019 919 4084; x_wconf 88' lang='lat' dir='ltr'><strong>ecelesia</strong></span> <span class='ocrx_word' id='word_1_241' title='bbox 949 4021 1117 4104; x_wconf 87' lang='lat' dir='ltr'><strong>negotium</strong></span> <span class='ocrx_word' id='word_1_242' title='bbox 1150 4025 1264 4084; x_wconf 89' lang='lat' dir='ltr'><strong>eontra</strong></span> <span class='ocrx_word' id='word_1_243' title='bbox 1286 4019 1488 4083; x_wconf 84' lang='lat' dir='ltr'><strong>Friderienm</strong></span> <span class='ocrx_word' id='word_1_244' title='bbox 1517 4019 1700 4103; x_wconf 85' lang='lat' dir='ltr'><strong>quondamb</strong></span> <span class='ocrx_word' id='word_1_245' title='bbox 1732 4019 1965 4104; x_wconf 90' lang='lat' dir='ltr'><strong>imperatorem</strong></span> 
     </span>
     <span class='ocr_line' id='line_1_29' title="bbox 311 4121 1965 4209; baseline -0.001 -22"><span class='ocrx_word' id='word_1_246' title='bbox 311 4144 350 4188; x_wconf 91' lang='lat' dir='ltr'><strong>ae</strong></span> <span class='ocrx_word' id='word_1_247' title='bbox 365 4121 511 4186; x_wconf 90' lang='lat' dir='ltr'><strong>fautores</strong></span> <span class='ocrx_word' id='word_1_248' title='bbox 528 4143 616 4200; x_wconf 90' lang='lat' dir='ltr'><strong>suos,</strong></span> <span class='ocrx_word' id='word_1_249' title='bbox 638 4130 868 4209; x_wconf 88' lang='lat' dir='ltr'><strong>persecutores</strong></span> <span class='ocrx_word' id='word_1_250' title='bbox 885 4123 1033 4188; x_wconf 88' lang='lat' dir='ltr'><strong>eiusdem</strong></span> <span class='ocrx_word' id='word_1_251' title='bbox 1050 4125 1201 4205; x_wconf 88' lang='lat' dir='ltr'><strong>ecclesie,</strong></span> <span class='ocrx_word' id='word_1_252' title='bbox 1226 4124 1289 4188; x_wconf 91' lang='lat' dir='ltr'><strong>tuis</strong></span> <span class='ocrx_word' id='word_1_253' title='bbox 1305 4123 1518 4208; x_wconf 91' lang='lat' dir='ltr'><strong>petitionibus</strong></span> <span class='ocrx_word' id='word_1_254' title='bbox 1532 4122 1755 4187; x_wconf 82' lang='lat' dir='ltr'><strong>favorabiliter</strong></span> <span class='ocrx_word' id='word_1_255' title='bbox 1771 4128 1965 4200; x_wconf 85' lang='lat' dir='ltr'><strong>annuentes,</strong></span> 
     </span>
     <span class='ocr_line' id='line_1_30' title="bbox 311 4224 1966 4313; baseline -0.002 -22"><span class='ocrx_word' id='word_1_256' title='bbox 311 4225 514 4312; x_wconf 89' lang='lat' dir='ltr'><strong>percipiendi</strong></span> <span class='ocrx_word' id='word_1_257' title='bbox 536 4246 595 4310; x_wconf 91' lang='lat' dir='ltr'><strong>pro</strong></span> <span class='ocrx_word' id='word_1_258' title='bbox 619 4228 774 4311; x_wconf 87' lang='lat' dir='ltr'><strong>expensis</strong></span> <span class='ocrx_word' id='word_1_259' title='bbox 798 4226 839 4290; x_wconf 86' lang='lat' dir='ltr'><strong>ad</strong></span> <span class='ocrx_word' id='word_1_260' title='bbox 863 4227 925 4290; x_wconf 91' lang='lat' dir='ltr'><strong>hoc</strong></span> <span class='ocrx_word' id='word_1_261' title='bbox 949 4227 1144 4292; x_wconf 88' lang='lat' dir='ltr'><strong>necessariis</strong></span> <span class='ocrx_word' id='word_1_262' title='bbox 1168 4249 1228 4313; x_wconf 92' lang='lat' dir='ltr'><strong>per</strong></span> <span class='ocrx_word' id='word_1_263' title='bbox 1251 4249 1372 4291; x_wconf 89' lang='lat' dir='ltr'><strong>annum</strong></span> <span class='ocrx_word' id='word_1_264' title='bbox 1395 4228 1519 4292; x_wconf 89' lang='lat' dir='ltr'><strong>fructus</strong></span> <span class='ocrx_word' id='word_1_265' title='bbox 1542 4226 1778 4291; x_wconf 86' lang='lat' dir='ltr'><strong>beneficiorum</strong></span> <span class='ocrx_word' id='word_1_266' title='bbox 1807 4224 1848 4289; x_wconf 90' lang='lat' dir='ltr'><strong>ad</strong></span> <span class='ocrx_word' id='word_1_267' title='bbox 1877 4232 1966 4289; x_wconf 92' lang='lat' dir='ltr'><strong>tuam</strong></span> 
     </span>
     <span class='ocr_line' id='line_1_31' title="bbox 312 4327 1967 4416; baseline -0.002 -21"><span class='ocrx_word' id='word_1_268' title='bbox 312 4330 520 4395; x_wconf 89' lang='lat' dir='ltr'><strong>collationem</strong></span> <span class='ocrx_word' id='word_1_269' title='bbox 550 4331 785 4415; x_wconf 89' lang='lat' dir='ltr'><strong>spectantium,</strong></span> <span class='ocrx_word' id='word_1_270' title='bbox 821 4352 885 4416; x_wconf 90' lang='lat' dir='ltr'><strong>que</strong></span> <span class='ocrx_word' id='word_1_271' title='bbox 918 4352 1022 4415; x_wconf 89' lang='lat' dir='ltr'><strong>usque</strong></span> <span class='ocrx_word' id='word_1_272' title='bbox 1057 4330 1098 4395; x_wconf 90' lang='lat' dir='ltr'><strong>ad</strong></span> <span class='ocrx_word' id='word_1_273' title='bbox 1128 4333 1304 4396; x_wconf 90' lang='lat' dir='ltr'><strong>triennium</strong></span> <span class='ocrx_word' id='word_1_274' title='bbox 1336 4334 1369 4396; x_wconf 91' lang='lat' dir='ltr'><strong>in</strong></span> <span class='ocrx_word' id='word_1_275' title='bbox 1400 4334 1531 4396; x_wconf 89' lang='lat' dir='ltr'><strong>civitate</strong></span> <span class='ocrx_word' id='word_1_276' title='bbox 1563 4352 1601 4394; x_wconf 91' lang='lat' dir='ltr'><strong>ae</strong></span> <span class='ocrx_word' id='word_1_277' title='bbox 1635 4329 1760 4394; x_wconf 89' lang='lat' dir='ltr'><strong>diocesi</strong></span> <span class='ocrx_word' id='word_1_278' title='bbox 1790 4327 1967 4394; x_wconf 90' lang='lat' dir='ltr'><strong>Leodiensi</strong></span> 
     </span>
     <span class='ocr_line' id='line_1_32' title="bbox 311 4433 1966 4519; baseline -0.002 -21"><span class='ocrx_word' id='word_1_279' title='bbox 311 4454 429 4498; x_wconf 88' lang='lat' dir='ltr'><strong>vacare</strong></span> <span class='ocrx_word' id='word_1_280' title='bbox 465 4435 651 4518; x_wconf 90' lang='lat' dir='ltr'><strong>eontigerit,</strong></span> <span class='ocrx_word' id='word_1_281' title='bbox 688 4441 721 4497; x_wconf 89' lang='lat' dir='ltr'><strong>et</strong></span> <span class='ocrx_word' id='word_1_282' title='bbox 755 4433 1000 4519; x_wconf 88' lang='lat' dir='ltr'><strong>compescendi,</strong></span> <span class='ocrx_word' id='word_1_283' title='bbox 1035 4437 1061 4499; x_wconf 91' lang='lat' dir='ltr'><strong>si</strong></span> <span class='ocrx_word' id='word_1_284' title='bbox 1096 4457 1233 4500; x_wconf 89' lang='lat' dir='ltr'><strong>necesse</strong></span> <span class='ocrx_word' id='word_1_285' title='bbox 1267 4437 1380 4514; x_wconf 91' lang='lat' dir='ltr'><strong>fuerit,</strong></span> <span class='ocrx_word' id='word_1_286' title='bbox 1415 4433 1673 4500; x_wconf 85' lang='lat' dir='ltr'><strong>contradictores</strong></span> <span class='ocrx_word' id='word_1_287' title='bbox 1706 4455 1764 4518; x_wconf 91' lang='lat' dir='ltr'><strong>per</strong></span> <span class='ocrx_word' id='word_1_288' title='bbox 1796 4453 1966 4496; x_wconf 90' lang='lat' dir='ltr'><strong>censuram</strong></span> 
     </span>
    </p>

    <p class='ocr_par' dir='ltr' id='par_1_21' title="bbox 236 4535 1967 4912">
     <span class='ocr_line' id='line_1_33' title="bbox 236 4535 1966 4625; baseline -0.003 -21"><span class='ocrx_word' id='word_1_289' title='bbox 236 4565 262 4604; x_wconf 82' lang='lat' dir='ltr'><strong>so</strong></span> <span class='ocrx_word' id='word_1_290' title='bbox 314 4537 569 4602; x_wconf 87' lang='lat' dir='ltr'><strong>eeclesiasticam</strong></span> <span class='ocrx_word' id='word_1_291' title='bbox 596 4538 816 4625; x_wconf 89' lang='lat' dir='ltr'><strong>appellatione</strong></span> <span class='ocrx_word' id='word_1_292' title='bbox 845 4544 973 4602; x_wconf 89' lang='lat' dir='ltr'><strong>remota</strong></span> <span class='ocrx_word' id='word_1_293' title='bbox 1000 4538 1060 4602; x_wconf 90' lang='lat' dir='ltr'><strong>tibi</strong></span> <span class='ocrx_word' id='word_1_294' title='bbox 1085 4539 1280 4603; x_wconf 90' lang='lat' dir='ltr'><strong>auctoritate</strong></span> <span class='ocrx_word' id='word_1_295' title='bbox 1304 4540 1505 4624; x_wconf 89' lang='lat' dir='ltr'><strong>presentium</strong></span> <span class='ocrx_word' id='word_1_296' title='bbox 1529 4535 1739 4601; x_wconf 87' lang='lat' dir='ltr'><strong>concedimus</strong></span> <span class='ocrx_word' id='word_1_297' title='bbox 1763 4535 1966 4612; x_wconf 83' lang='lat' dir='ltr'><strong>facultatem,</strong></span> 
     </span>
     <span class='ocr_line' id='line_1_34' title="bbox 310 4639 1967 4728; baseline -0.001 -25"><span class='ocrx_word' id='word_1_298' title='bbox 310 4641 441 4728; x_wconf 90' lang='lat' dir='ltr'><strong>proviso</strong></span> <span class='ocrx_word' id='word_1_299' title='bbox 470 4640 557 4725; x_wconf 91' lang='lat' dir='ltr'><strong>quod</strong></span> <span class='ocrx_word' id='word_1_300' title='bbox 589 4647 716 4705; x_wconf 90' lang='lat' dir='ltr'><strong>tantum</strong></span> <span class='ocrx_word' id='word_1_301' title='bbox 748 4639 789 4704; x_wconf 88' lang='lat' dir='ltr'><strong>de</strong></span> <span class='ocrx_word' id='word_1_302' title='bbox 820 4641 1056 4706; x_wconf 89' lang='lat' dir='ltr'><strong>beneficiorum</strong></span> <span class='ocrx_word' id='word_1_303' title='bbox 1090 4642 1236 4726; x_wconf 89' lang='lat' dir='ltr'><strong>ipsorum</strong></span> <span class='ocrx_word' id='word_1_304' title='bbox 1272 4641 1432 4705; x_wconf 89' lang='lat' dir='ltr'><strong>fructibus</strong></span> <span class='ocrx_word' id='word_1_305' title='bbox 1465 4646 1663 4720; x_wconf 88' lang='lat' dir='ltr'><strong>reservetur,</strong></span> <span class='ocrx_word' id='word_1_306' title='bbox 1701 4645 1737 4704; x_wconf 92' lang='lat' dir='ltr'><strong>ut</strong></span> <span class='ocrx_word' id='word_1_307' title='bbox 1770 4640 1900 4704; x_wconf 89' lang='lat' dir='ltr'><strong>interim</strong></span> <span class='ocrx_word' id='word_1_308' title='bbox 1934 4639 1967 4702; x_wconf 95' lang='lat' dir='ltr'><strong>in</strong></span> 
     </span>
     <span class='ocr_line' id='line_1_35' title="bbox 312 4742 1966 4830; baseline -0.003 -21"><span class='ocrx_word' id='word_1_309' title='bbox 312 4745 478 4826; x_wconf 89' lang='lat' dir='ltr'><strong>ecelesiis,</strong></span> <span class='ocrx_word' id='word_1_310' title='bbox 513 4745 547 4808; x_wconf 89' lang='lat' dir='ltr'><strong>iu</strong></span> <span class='ocrx_word' id='word_1_311' title='bbox 582 4745 701 4830; x_wconf 91' lang='lat' dir='ltr'><strong>quibus</strong></span> <span class='ocrx_word' id='word_1_312' title='bbox 735 4743 898 4810; x_wconf 86' lang='lat' dir='ltr'><strong>beneficia</strong></span> <span class='ocrx_word' id='word_1_313' title='bbox 932 4752 1008 4810; x_wconf 90' lang='lat' dir='ltr'><strong>suut</strong></span> <span class='ocrx_word' id='word_1_314' title='bbox 1039 4744 1199 4830; x_wconf 88' lang='lat' dir='ltr'><strong>predicta,</strong></span> <span class='ocrx_word' id='word_1_315' title='bbox 1233 4745 1336 4829; x_wconf 90' lang='lat' dir='ltr'><strong>possit</strong></span> <span class='ocrx_word' id='word_1_316' title='bbox 1368 4765 1429 4830; x_wconf 90' lang='lat' dir='ltr'><strong>per</strong></span> <span class='ocrx_word' id='word_1_317' title='bbox 1461 4764 1617 4829; x_wconf 88' lang='lat' dir='ltr'><strong>personas</strong></span> <span class='ocrx_word' id='word_1_318' title='bbox 1652 4742 1789 4807; x_wconf 89' lang='lat' dir='ltr'><strong>idoneas</strong></span> <span class='ocrx_word' id='word_1_319' title='bbox 1823 4761 1966 4826; x_wconf 85' lang='lat' dir='ltr'><strong>congrua</strong></span> 
     </span>
     <span class='ocr_line' id='line_1_36' title="bbox 312 4847 480 4912; baseline -0.006 0"><span class='ocrx_word' id='word_1_320' title='bbox 312 4847 480 4912; x_wconf 88' lang='lat' dir='ltr'><strong>deserviri.</strong></span> 
     </span>
    </p>
   </div>
   <div class='ocr_carea' id='block_1_11' title="bbox 414 4967 1224 5053">
    <p class='ocr_par' dir='ltr' id='par_1_22' title="bbox 414 4967 1224 5053">
     <span class='ocr_line' id='line_1_37' title="bbox 414 4967 1224 5053; baseline 0.004 -22"><span class='ocrx_word' id='word_1_321' title='bbox 414 4967 491 5033; x_wconf 86' lang='lat' dir='ltr'><strong>Dat.</strong></span> <span class='ocrx_word' id='word_1_322' title='bbox 514 4967 678 5053; x_wconf 85' lang='lat' dir='ltr'><strong>Lugduni,</strong></span> <span class='ocrx_word' id='word_1_323' title='bbox 701 4968 772 5032; x_wconf 91' lang='lat' dir='ltr'><strong>Illl</strong></span> <span class='ocrx_word' id='word_1_324' title='bbox 794 4967 907 5033; x_wconf 88' lang='lat' dir='ltr'><strong>Nonas</strong></span> <span class='ocrx_word' id='word_1_325' title='bbox 930 4969 1021 5051; x_wconf 89' lang='lat' dir='ltr'><strong>Maii,</strong></span> <span class='ocrx_word' id='word_1_326' title='bbox 1045 4989 1130 5034; x_wconf 90' lang='lat' dir='ltr'><strong>anno</strong></span> <span class='ocrx_word' id='word_1_327' title='bbox 1147 4969 1224 5034; x_wconf 80' lang='lat' dir='ltr'><strong>V⁰⁶.</strong></span> 
     </span>
    </p>
   </div>
   <div class='ocr_carea' id='block_1_12' title="bbox 235 5227 1125 5297">
    <p class='ocr_par' dir='ltr' id='par_1_23' title="bbox 235 5227 1125 5297">
     <span class='ocr_line' id='line_1_38' title="bbox 235 5227 1125 5297; baseline -0.006 -13"><span class='ocrx_word' id='word_1_328' title='bbox 235 5245 261 5284; x_wconf 76' lang='lat'><strong>35</strong></span> <span class='ocrx_word' id='word_1_329' title='bbox 417 5227 441 5296; x_wconf 78' lang='lat'><strong>⁸)</strong></span> <span class='ocrx_word' id='word_1_330' title='bbox 459 5230 496 5280; x_wconf 81' lang='lat' dir='ltr'><strong>ita</strong></span> <span class='ocrx_word' id='word_1_331' title='bbox 514 5229 547 5281; x_wconf 76' lang='grc' dir='ltr'><strong>Β.</strong></span> <span class='ocrx_word' id='word_1_332' title='bbox 651 5227 676 5294; x_wconf 77' lang='lat' dir='ltr'><strong>b)</strong></span> <span class='ocrx_word' id='word_1_333' title='bbox 694 5232 867 5282; x_wconf 87' lang='lat' dir='ltr'><strong>Romanorum</strong></span> <span class='ocrx_word' id='word_1_334' title='bbox 881 5249 933 5297; x_wconf 84' lang='lat' dir='ltr'><strong>pro</strong></span> <span class='ocrx_word' id='word_1_335' title='bbox 952 5231 1080 5297; x_wconf 87' lang='lat' dir='ltr'><strong>quondam</strong></span> <span class='ocrx_word' id='word_1_336' title='bbox 1093 5227 1125 5280; x_wconf 78' lang='grc' dir='ltr'><strong>Β.</strong></span> 
     </span>
    </p>
   </div>
   <div class='ocr_carea' id='block_1_13' title="bbox 235 5357 1969 5854">
    <p class='ocr_par' dir='ltr' id='par_1_24' title="bbox 416 5357 1965 5434">
     <span class='ocr_line' id='line_1_39' title="bbox 416 5357 1965 5434; baseline -0.003 -16"><span class='ocrx_word' id='word_1_337' title='bbox 416 5365 443 5434; x_wconf 91' lang='grc'><strong>1)</strong></span> <span class='ocrx_word' id='word_1_338' title='bbox 462 5364 493 5418; x_wconf 84' lang='grc' dir='ltr'><em>Ε</em></span> <span class='ocrx_word' id='word_1_339' title='bbox 507 5379 568 5418; x_wconf 81' lang='lat' dir='ltr'><strong>mer.</strong></span> <span class='ocrx_word' id='word_1_340' title='bbox 581 5370 605 5418; x_wconf 84' lang='lat' dir='ltr'><strong>et</strong></span> <span class='ocrx_word' id='word_1_341' title='bbox 619 5380 658 5420; x_wconf 86' lang='lat' dir='ltr'><strong>or.</strong></span> <span class='ocrx_word' id='word_1_342' title='bbox 669 5364 716 5418; x_wconf 79' lang='lat' dir='ltr'><strong>cur.</strong></span> <span class='ocrx_word' id='word_1_343' title='bbox 730 5363 823 5420; x_wconf 74' lang='lat' dir='ltr'><strong>Sutrii.</strong></span> <span class='ocrx_word' id='word_1_344' title='bbox 911 5366 939 5432; x_wconf 84' lang='lat'><strong>2)</strong></span> <span class='ocrx_word' id='word_1_345' title='bbox 958 5365 1008 5420; x_wconf 82' lang='lat' dir='ltr'><strong>Ea</strong></span> <span class='ocrx_word' id='word_1_346' title='bbox 1026 5362 1224 5433; x_wconf 65' lang='lat' dir='ltr'><strong>capuciatus</strong></span> <span class='ocrx_word' id='word_1_347' title='bbox 1242 5361 1411 5416; x_wconf 71' lang='lat' dir='ltr'><strong>caecamur.</strong></span> <span class='ocrx_word' id='word_1_348' title='bbox 1499 5361 1526 5429; x_wconf 88' lang='lat'><strong>3)</strong></span> <span class='ocrx_word' id='word_1_349' title='bbox 1545 5361 1576 5414; x_wconf 81' lang='lat' dir='ltr'><em>E</em></span> <span class='ocrx_word' id='word_1_350' title='bbox 1585 5376 1648 5414; x_wconf 85' lang='lat' dir='ltr'><strong>mer.</strong></span> <span class='ocrx_word' id='word_1_351' title='bbox 1661 5365 1687 5413; x_wconf 86' lang='lat' dir='ltr'><strong>et</strong></span> <span class='ocrx_word' id='word_1_352' title='bbox 1698 5374 1749 5413; x_wconf 88' lang='lat' dir='ltr'><strong>occ.</strong></span> <span class='ocrx_word' id='word_1_353' title='bbox 1762 5358 1808 5413; x_wconf 86' lang='lat' dir='ltr'><strong>eiu.</strong></span> <span class='ocrx_word' id='word_1_354' title='bbox 1824 5357 1965 5413; x_wconf 77' lang='lat' dir='ltr'><strong>Rectinae.</strong></span> 
     </span>
    </p>

    <p class='ocr_par' dir='ltr' id='par_1_25' title="bbox 311 5443 1966 5518">
     <span class='ocr_line' id='line_1_40' title="bbox 311 5443 1966 5518; baseline -0.004 -13"><span class='ocrx_word' id='word_1_355' title='bbox 311 5452 340 5516; x_wconf 77' lang='grc'><strong>4)</strong></span> <span class='ocrx_word' id='word_1_356' title='bbox 358 5450 408 5505; x_wconf 73' lang='lat' dir='ltr'><strong>Ec</strong></span> <span class='ocrx_word' id='word_1_357' title='bbox 424 5466 476 5506; x_wconf 86' lang='lat' dir='ltr'><strong>occ.</strong></span> <span class='ocrx_word' id='word_1_358' title='bbox 493 5451 539 5504; x_wconf 75' lang='lat' dir='ltr'><strong>av.</strong></span> <span class='ocrx_word' id='word_1_359' title='bbox 552 5449 646 5504; x_wconf 72' lang='lat' dir='ltr'><strong>Suetrii.</strong></span> <span class='ocrx_word' id='word_1_360' title='bbox 742 5453 768 5516; x_wconf 78' lang='lat'><strong>5)</strong></span> <span class='ocrx_word' id='word_1_361' title='bbox 790 5450 828 5516; x_wconf 80' lang='lat' dir='ltr'><strong>Os.</strong></span> <span class='ocrx_word' id='word_1_362' title='bbox 846 5467 875 5505; x_wconf 91' lang='lat' dir='ltr'><strong>n.</strong></span> <span class='ocrx_word' id='word_1_363' title='bbox 888 5459 944 5505; x_wconf 80' lang='grc'><strong><em>547.</em></strong></span> <span class='ocrx_word' id='word_1_364' title='bbox 1041 5453 1067 5518; x_wconf 86' lang='grc'><strong>6)</strong></span> <span class='ocrx_word' id='word_1_365' title='bbox 1088 5450 1146 5504; x_wconf 79' lang='lat' dir='ltr'><strong>Sub</strong></span> <span class='ocrx_word' id='word_1_366' title='bbox 1166 5449 1262 5504; x_wconf 71' lang='lat' dir='ltr'><strong>Mate</strong></span> <span class='ocrx_word' id='word_1_367' title='bbox 1280 5448 1392 5502; x_wconf 81' lang='lat' dir='ltr'><strong>eundem</strong></span> <span class='ocrx_word' id='word_1_368' title='bbox 1412 5446 1586 5516; x_wconf 75' lang='lat' dir='ltr'><strong>reprehendit,</strong></span> <span class='ocrx_word' id='word_1_369' title='bbox 1611 5445 1696 5514; x_wconf 77' lang='lat' dir='ltr'><strong>quod,</strong></span> <span class='ocrx_word' id='word_1_370' title='bbox 1720 5444 1791 5498; x_wconf 73' lang='lat' dir='ltr'><strong>aieret</strong></span> <span class='ocrx_word' id='word_1_371' title='bbox 1814 5443 1966 5512; x_wconf 80' lang='lat' dir='ltr'><strong>aduncatus,</strong></span> 
     </span>
    </p>

    <p class='ocr_par' dir='ltr' id='par_1_26' title="bbox 311 5531 1968 5612">
     <span class='ocr_line' id='line_1_41' title="bbox 311 5531 1968 5612; baseline -0.004 -21"><span class='ocrx_word' id='word_1_372' title='bbox 311 5537 405 5605; x_wconf 82' lang='lat' dir='ltr'><strong>mator,</strong></span> <span class='ocrx_word' id='word_1_373' title='bbox 423 5537 517 5604; x_wconf 80' lang='lat' dir='ltr'><strong>furati,</strong></span> <span class='ocrx_word' id='word_1_374' title='bbox 535 5537 637 5590; x_wconf 82' lang='lat' dir='ltr'><strong>scabini</strong></span> <span class='ocrx_word' id='word_1_375' title='bbox 654 5542 679 5590; x_wconf 88' lang='lat' dir='ltr'><strong>ct</strong></span> <span class='ocrx_word' id='word_1_376' title='bbox 695 5537 847 5612; x_wconf 73' lang='lat' dir='ltr'><strong>mmmunta</strong></span> <span class='ocrx_word' id='word_1_377' title='bbox 864 5536 895 5590; x_wconf 79' lang='lat' dir='ltr'><strong>dc</strong></span> <span class='ocrx_word' id='word_1_378' title='bbox 914 5537 986 5590; x_wconf 82' lang='lat' dir='ltr'><strong>Hoio</strong></span> <span class='ocrx_word' id='word_1_379' title='bbox 1005 5536 1102 5606; x_wconf 77' lang='lat' dir='ltr'><strong>[Ifuy]</strong></span> <span class='ocrx_word' id='word_1_380' title='bbox 1114 5541 1139 5588; x_wconf 87' lang='lat' dir='ltr'><strong>et</strong></span> <span class='ocrx_word' id='word_1_381' title='bbox 1158 5536 1309 5589; x_wconf 75' lang='lat' dir='ltr'><strong>dellinant</strong></span> <span class='ocrx_word' id='word_1_382' title='bbox 1326 5535 1377 5588; x_wconf 79' lang='lat' dir='ltr'><strong>sibi</strong></span> <span class='ocrx_word' id='word_1_383' title='bbox 1394 5533 1568 5602; x_wconf 72' lang='lat' dir='ltr'><strong>eaposnuint,</strong></span> <span class='ocrx_word' id='word_1_384' title='bbox 1586 5549 1629 5586; x_wconf 84' lang='lat' dir='ltr'><strong>eos</strong></span> <span class='ocrx_word' id='word_1_385' title='bbox 1646 5531 1827 5586; x_wconf 67' lang='lat' dir='ltr'><strong>acaunum</strong></span> <span class='ocrx_word' id='word_1_386' title='bbox 1844 5531 1968 5585; x_wconf 74' lang='lat' dir='ltr'><strong>ecana</strong></span> 
     </span>
    </p>

    <p class='ocr_par' dir='ltr' id='par_1_27' title="bbox 312 5616 1967 5694">
     <span class='ocr_line' id='line_1_42' title="bbox 312 5616 1967 5694; baseline -0.003 -18"><span class='ocrx_word' id='word_1_387' title='bbox 312 5629 434 5694; x_wconf 66' lang='lat' dir='ltr'><strong>epyrum</strong></span> <span class='ocrx_word' id='word_1_388' title='bbox 451 5640 484 5678; x_wconf 89' lang='lat' dir='ltr'><strong>ac</strong></span> <span class='ocrx_word' id='word_1_389' title='bbox 497 5639 627 5690; x_wconf 77' lang='lat' dir='ltr'><strong>peracutus</strong></span> <span class='ocrx_word' id='word_1_390' title='bbox 646 5628 669 5676; x_wconf 84' lang='lat' dir='ltr'><strong>et</strong></span> <span class='ocrx_word' id='word_1_391' title='bbox 685 5639 727 5676; x_wconf 84' lang='lat' dir='ltr'><strong>rev</strong></span> <span class='ocrx_word' id='word_1_392' title='bbox 744 5639 834 5676; x_wconf 79' lang='lat' dir='ltr'><strong>comm</strong></span> <span class='ocrx_word' id='word_1_393' title='bbox 850 5625 970 5692; x_wconf 83' lang='lat' dir='ltr'><strong>capiens,</strong></span> <span class='ocrx_word' id='word_1_394' title='bbox 995 5623 1071 5676; x_wconf 73' lang='lat' dir='ltr'><strong>ratlac</strong></span> <span class='ocrx_word' id='word_1_395' title='bbox 1087 5627 1158 5674; x_wconf 78' lang='lat' dir='ltr'><strong>arete</strong></span> <span class='ocrx_word' id='word_1_396' title='bbox 1176 5620 1303 5674; x_wconf 74' lang='lat' dir='ltr'><strong>obsedm&#39;t</strong></span> <span class='ocrx_word' id='word_1_397' title='bbox 1320 5621 1351 5673; x_wconf 83' lang='lat' dir='ltr'><strong>iu</strong></span> <span class='ocrx_word' id='word_1_398' title='bbox 1367 5636 1446 5690; x_wconf 80' lang='lat' dir='ltr'><strong>prore</strong></span> <span class='ocrx_word' id='word_1_399' title='bbox 1458 5619 1640 5688; x_wconf 80' lang='lat' dir='ltr'><strong>plurimorum</strong></span> <span class='ocrx_word' id='word_1_400' title='bbox 1656 5617 1826 5681; x_wconf 70' lang='lat' dir='ltr'><strong>scandatumr</strong></span> <span class='ocrx_word' id='word_1_401' title='bbox 1848 5616 1967 5685; x_wconf 67' lang='lat' dir='ltr'><strong>manda,</strong></span> 
     </span>
    </p>

    <p class='ocr_par' dir='ltr' id='par_1_28' title="bbox 235 5705 1969 5854">
     <span class='ocr_line' id='line_1_43' title="bbox 235 5705 1969 5780; baseline -0.004 -15"><span class='ocrx_word' id='word_1_402' title='bbox 235 5725 261 5765; x_wconf 81' lang='lat' dir='ltr'><strong>ur</strong></span> <span class='ocrx_word' id='word_1_403' title='bbox 312 5715 344 5764; x_wconf 87' lang='lat' dir='ltr'><strong>ut</strong></span> <span class='ocrx_word' id='word_1_404' title='bbox 367 5710 398 5762; x_wconf 83' lang='lat' dir='ltr'><strong>v&#39;n</strong></span> <span class='ocrx_word' id='word_1_405' title='bbox 418 5709 585 5778; x_wconf 70' lang='lat' dir='ltr'><strong>recensendis</strong></span> <span class='ocrx_word' id='word_1_406' title='bbox 606 5727 624 5762; x_wconf 87' lang='lat' dir='ltr'><strong>u</strong></span> <span class='ocrx_word' id='word_1_407' title='bbox 646 5709 758 5764; x_wconf 82' lang='lat' dir='ltr'><strong>subditis</strong></span> <span class='ocrx_word' id='word_1_408' title='bbox 775 5711 831 5764; x_wconf 71' lang='lat' dir='ltr'><strong>ure</strong></span> <span class='ocrx_word' id='word_1_409' title='bbox 854 5711 904 5764; x_wconf 80' lang='lat' dir='ltr'><strong>isto</strong></span> <span class='ocrx_word' id='word_1_410' title='bbox 923 5711 1066 5780; x_wconf 82' lang='lat' dir='ltr'><strong>praecipue</strong></span> <span class='ocrx_word' id='word_1_411' title='bbox 1089 5715 1201 5776; x_wconf 83' lang='lat' dir='ltr'><strong>ternpore</strong></span> <span class='ocrx_word' id='word_1_412' title='bbox 1223 5709 1332 5762; x_wconf 81' lang='lat' dir='ltr'><strong>turibus</strong></span> <span class='ocrx_word' id='word_1_413' title='bbox 1357 5709 1413 5760; x_wconf 84' lang='lat' dir='ltr'><strong>sur&#39;s</strong></span> <span class='ocrx_word' id='word_1_414' title='bbox 1436 5707 1544 5776; x_wconf 81' lang='lat' dir='ltr'><strong>petiens</strong></span> <span class='ocrx_word' id='word_1_415' title='bbox 1570 5707 1603 5759; x_wconf 81' lang='lat' dir='ltr'><strong>att</strong></span> <span class='ocrx_word' id='word_1_416' title='bbox 1630 5711 1654 5758; x_wconf 86' lang='lat' dir='ltr'><strong>et</strong></span> <span class='ocrx_word' id='word_1_417' title='bbox 1674 5723 1692 5757; x_wconf 87' lang='lat' dir='ltr'><strong>a</strong></span> <span class='ocrx_word' id='word_1_418' title='bbox 1711 5705 1869 5773; x_wconf 66' lang='lat' dir='ltr'><strong>praedatus,</strong></span> <span class='ocrx_word' id='word_1_419' title='bbox 1898 5706 1969 5758; x_wconf 76' lang='lat' dir='ltr'><strong>atem</strong></span> 
     </span>
     <span class='ocr_line' id='line_1_44' title="bbox 1706 5800 1763 5854; baseline 0 0"><span class='ocrx_word' id='word_1_420' title='bbox 1706 5800 1763 5854; x_wconf 72' lang='lat'><strong>49*</strong></span> 
     </span>
    </p>
   </div>
   <div class='ocr_carea' id='block_1_14' title="bbox 0 0 2405 6324">
    <p class='ocr_par' dir='ltr' id='par_1_29' title="bbox 0 0 2405 6324">
     <span class='ocr_line' id='line_1_45' title="bbox 0 0 2405 6324; baseline 0 0"><span class='ocrx_word' id='word_1_421' title='bbox 0 0 2405 6324; x_wconf 95' lang='lat' dir='ltr'><strong> </strong></span> 
     </span>
    </p>
   </div>
  </div>
 </body>
</html>
