4328 6232
199 955 208 991 h

199 1613 217 1649 lo

818 347 1017 404 seleuchus
1035 347 1226 404 SELEGTAE.
1263 347 1339 403 1243.
1868 353 1907 415 17

245 537 304 599 per
330 519 507 586 electionem
533 523 718 604 capistrum
744 521 936 588 Willetmam
962 523 1158 599 cononicam,
1193 520 1396 606 [Sipefrides
1416 521 1496 606 III]
1523 526 1628 588 comm
1659 521 1909 604 archiepiscopus

250 624 461 705 Mogontiacus
481 627 740 707 metropolitanus
764 626 946 693 emraeem
967 627 1149 691 canonicum
1172 624 1458 689 Hildeshemeesom
1475 626 1679 707 praefecerit;
1706 625 1846 703 medat,
1874 630 1909 688 at

254 727 397 793 Conrado
425 729 564 810 spetiem
591 730 688 794 trium
718 730 867 794 mensium
897 729 1064 793 terminum
1084 729 1329 810 peremptoriam
1350 730 1546 811 praestereat,
1575 730 1666 810 infre
1693 749 1783 810 quem
1805 749 1908 793 cerere

248 853 335 912 pope
354 834 565 913 personaliter
586 835 634 896 ecl
653 854 711 914 per·
730 835 963 914 procuratorem
987 837 1171 912 compareat.
1549 836 1642 911 1243,
1667 834 1753 913 Sept.
1770 837 1820 899 11.

354 952 417 1006 Inn.
430 952 450 1004 1
453 952 477 1004 V
493 952 556 1021 Rep.
573 954 628 1008 Vel.
643 954 665 1019 1,
684 961 726 1016 17;
745 952 804 1007 Lo.
820 954 842 1019 I,
862 962 910 1006 111.
949 952 1096 1020 Eecomplcr
1112 968 1156 1019 ap.
1175 950 1282 1017 Boezch,
1302 950 1365 1005 eod.
1383 951 1447 1020 dipl.
1468 952 1606 1007 Mareotae
1623 958 1641 1005 t.
1660 952 1717 1021 m,
1732 969 1761 1021 p.
1776 958 1817 1018 29,
1833 969 1861 1005 n.
1873 958 1908 1007 43

250 1042 343 1090 ceteras
360 1055 420 1091 cam
441 1039 558 1106 chestis
575 1040 686 1093 mutelli
704 1040 730 1093 V.
745 1039 786 1094 Ol.
800 1041 833 1092 A.
848 1039 929 1094 Mare.

357 1123 489 1191 Potthest,
507 1124 570 1194 ltro.
585 1132 678 1192 111295
696 1126 794 1194 Berpcr
807 1134 856 1179 111.

404 1379 442 1395 ..
471 1323 697 1414 episcope
731 1327 773 1395 et
802 1378 839 1394 ..
868 1322 1026 1394 abbati
1061 1319 1339 1394 monasterii
1374 1321 1430 1394 de
1463 1319 1759 1397 Brennewe'¹

511 1447 554 1515 et
582 1497 621 1515 ..
650 1443 894 1532 preposite
927 1442 1117 1515 maioris
1154 1440 1352 1514 ecclesie
1380 1440 1647 1533 Pragensis

359 1591 413 1655 Ex
436 1598 530 1677 parte
554 1591 747 1656 dilectorum
771 1591 909 1654 filiorum
927 1639 960 1654 ..
983 1590 1098 1655 decani
1121 1597 1154 1655 et
1178 1589 1313 1676 capituli
1337 1591 1480 1655 ecclesie
1498 1589 1726 1658 Olomucensis
1749 1593 1810 1657 fuit
1833 1614 1907 1678 pro-

255 1697 392 1781 positum
416 1717 523 1759 ceram
547 1696 654 1775 nobis,
678 1694 787 1780 qu0d²
811 1696 884 1780 ipsa
906 1694 1032 1780 pridem
1055 1702 1187 1781 pastore
1212 1701 1362 1773 vacante,
1385 1694 1494 1774 iidem,
1519 1703 1616 1781 prout
1633 1704 1761 1782 spectat
1776 1696 1817 1760 ad
1841 1716 1908 1776 eos,

255 1821 290 1863 ne
315 1800 373 1863 illa
397 1800 458 1865 sub
482 1799 607 1864 diutina
631 1800 802 1863 vacatione
826 1789 1009 1884 langueret,
1034 1798 1074 1863 ed
1092 1798 1299 1862 tractandum
1314 1798 1355 1863 de
1371 1799 1474 1863 futuri
1491 1799 1724 1865 substitutione
1746 1801 1907 1887 pontificis

255 1903 282 1967 in
304 1903 449 1989 capitulo
473 1909 706 1983 convenerunt,
731 1910 763 1966 et
787 1923 860 1966 cum
884 1923 997 1967 omnes
1021 1924 1080 1988 per
1103 1903 1250 1967 scrutinii
1273 1903 1411 1967 formam
1434 1903 1466 1967 in
1490 1904 1682 1990 magietmm
1704 1904 1908 1969 Willelmum

257 2028 362 2072 eorum
380 2008 647 2087 concanonicum,
670 2008 774 2071 virum
791 2007 904 2092 utique
921 2007 1111 2086 litteratum,
1134 2008 1310 2072 honestum
1331 2013 1364 2071 et
1386 2007 1557 2093 providum
1574 2028 1613 2072 ce
1629 2009 1662 2072 in
1680 2007 1908 2094 spiritualibus

258 2119 285 2176 et
306 2110 543 2197 temporalibus
566 2113 846 2196 circumspectum,
869 2132 930 2196 per
953 2111 1044 2175 cuius
1068 2110 1261 2175 industriam
1284 2109 1372 2174 dicta
1396 2110 1539 2176 eeclesia
1561 2111 1601 2175 de
1624 2112 1710 2176 bone
1735 2113 1766 2176 in
1790 2111 1907 2176 melius

257 2213 459 2279 reformanda
489 2220 655 2302 speratur,
690 2214 896 2279 concorditer
931 2213 1186 2294 consensissent,
1220 2214 1328 2299 ipsum
1364 2213 1397 2278 in
1430 2213 1689 2288 Olomuceneem
1718 2215 1908 2301 episcopum

258 2319 432 2403 elegerunt.
484 2317 548 2392 Qui
578 2340 652 2383 eum
683 2318 724 2383 ad
755 2319 891 2382 multam
923 2338 1034 2382 eorum
1058 2317 1246 2382 instantiam
1271 2319 1424 2384 electioni
1452 2319 1493 2384 de
1517 2341 1553 2384 se
1583 2320 1669 2384 lacte
1693 2319 1909 2390 consenserit,

258 2420 423 2486 (teuredus
440 2423 615 2487 canonieus
631 2421 890 2489 Ildesemensis³
912 2422 945 2485 in
961 2421 1189 2508 episcopatum
1206 2421 1461 2488 Olomucensem
1485 2444 1544 2509 per
1560 2422 1709 2487 laicalem
1726 2423 1907 2508 potentiam

258 2547 287 2589 se
310 2527 499 2612 procuravit
521 2526 674 2600 intrudi;⁴
692 2526 747 2612 qui
770 2525 916 2611 spoliatis
945 2545 1057 2589 eorum
1085 2523 1235 2589 domibus
1263 2525 1303 2590 de
1335 2525 1408 2611 ipsa
1430 2525 1572 2590 ecclesie
1595 2525 1693 2590 eiecit
1716 2524 1849 2616 eosdem
1874 2533 1908 2590 et

200 2665 208 2677 ·
259 2631 285 2693 in
315 2651 354 2694 ee
387 2630 500 2695 fractis
531 2631 601 2695 eius
630 2629 722 2694 ostiis
751 2630 783 2692 in
813 2629 917 2714 ipsius
948 2628 1043 2693 benis
1079 2628 1241 2693 hostiliter
1268 2628 1480 2694 debachatur.
1531 2627 1640 2702 Quare
1676 2635 1907 2714 procuratores

258 2732 411 2798 dictorum
439 2732 554 2798 deceni
583 2739 616 2798 et
642 2733 775 2820 capituli
804 2732 898 2798 nobis
927 2731 1092 2797 humiliter
1115 2725 1358 2818 supplicarunt,
1391 2739 1427 2797 ut
1457 2753 1531 2797 enm
1560 2732 1602 2797 de
1630 2733 1798 2818 premissis
1822 2732 1908 2819 apud

258 2837 361 2901 sedern
386 2838 603 2922 apostolicam
627 2838 731 2922 pessit
753 2837 822 2900 fieri
845 2837 944 2921 plena
966 2836 1059 2917 fides,
1082 2837 1144 2923 ipsi
1167 2838 1307 2902 ecclesie
1329 2859 1368 2902 ae
1393 2838 1541 2903 eiusdem
1566 2837 1749 2915 canonicis,
1773 2836 1827 2920 qui
1850 2857 1909 2920 per

257 2940 389 3005 eundem
414 2939 600 3005 Conradum
628 2940 723 3004 bonis
753 2941 903 3004 omnibus
928 2940 1060 3026 spoliati
1084 2947 1117 3005 et
1141 2941 1270 3026 experti
1301 2942 1431 3006 vincula
1454 2947 1487 3006 et
1510 2961 1677 3018 carceres,
1701 2940 1734 3003 in
1758 2939 1909 3003 iniuriam

150 3123 152 3128 Ι
258 3042 413 3107 clericalis
436 3042 557 3108 ordinis
580 3045 689 3110 subire
713 3049 875 3128 eoguntur
898 3044 1117 3109 mendicitatis
1141 3043 1370 3131 opprobrium,
1394 3044 1566 3130 providere
1589 3049 1728 3130 paterna
1750 3043 1907 3108 sollicitu-

200 3152 209 3174 ⁰
257 3145 326 3210 dine
342 3167 543 3211 curaremus.
576 3146 774 3211 Procurator·
787 3168 864 3212 vero
882 3147 982 3233 partis
999 3148 1148 3228 adverse,
1172 3170 1268 3234 quem
1285 3170 1359 3214 cum
1375 3147 1593 3229 iureiurando,
1617 3147 1701 3233 quod
1718 3153 1910 3233 procurator

203 5229 221 5268 e

257 3256 351 3330 esset,
374 3249 576 3330 admisimus,
599 3272 638 3316 eo
658 3250 744 3336 quod
765 3251 1005 3338 procurationis
1025 3253 1150 3318 litteras
1177 3260 1311 3339 prepter
1327 3253 1453 3317 viarum
1477 3252 1624 3338 pericula
1647 3272 1760 3317 secum
1780 3251 1909 3327 deferre

257 3353 369 3429 timuit,
393 3363 429 3419 ut
449 3353 593 3434 dicebat,
617 3355 786 3441 proposuit
808 3376 851 3420 ex
868 3353 1017 3435 adverso,
1041 3355 1128 3440 qued
1143 3353 1316 3443 R[0bert0]
1334 3356 1495 3441 quondam
1512 3354 1722 3421 Olomucensi
1742 3356 1908 3442 episcope,

256 3457 326 3523 lieet
340 3459 533 3543 frequenter
549 3460 683 3538 monito,
701 3479 860 3523 excessus
877 3459 1106 3522 canonicorum
1129 3479 1261 3523 suornm
1279 3461 1442 3545 corrigere
1458 3482 1524 3526 nen
1539 3468 1684 3540 curante,
1707 3457 1908 3523 venerabilis

256 3563 353 3628 irater
374 3569 489 3627 nester
505 3613 538 3627 ..
562 3561 773 3653 Magnetinus
797 3562 1075 3648 archiepiscopus,
1098 3562 1162 3625 loei
1185 3563 1467 3648 metropolitanus,
1492 3563 1630 3630 eandem
1654 3563 1908 3628 Olomucensem

259 3667 429 3732 ecelesiam
451 3667 521 3731 iure
545 3665 783 3751 metropolitico
807 3667 967 3746 visitavit,
997 3672 1031 3732 et
1060 3686 1134 3729 cum
1157 3666 1366 3750 inquisitione
1389 3667 1562 3753 prehabita
1584 3666 1802 3755 decanumet
1824 3666 1908 3730 alios

257 3770 428 3834 canonicos
452 3769 555 3855 ipsius
578 3769 717 3834 ecclesie
740 3790 798 3855 pre
822 3768 996 3834 manifesta
1019 3767 1262 3833 cohabitatione
1286 3770 1457 3835 mulierum
1481 3776 1516 3835 et
1538 3770 1611 3834 aliis
1634 3769 1772 3834 diversis
1789 3791 1907 3834 exces-

256 3875 341 3940 sibus
365 3882 400 3939 et
422 3874 630 3940 evidentibus
654 3874 843 3939 criminibus
868 3874 1024 3958 exigente
1048 3874 1173 3938 iustitia
1198 3873 1442 3959 suspendisset,
1465 3874 1597 3938 tandem
1622 3894 1734 3938 eorum
1758 3894 1906 3938 succres-

256 3985 346 4043 cente
371 3977 496 4043 malitia
526 3979 601 4042 tulit
625 3977 973 4042 excommunicationis
996 3977 1194 4041 sententiam
1217 3977 1250 4040 in
1273 3977 1417 4042 eosdem.
1462 3977 1603 4042 Densum
1627 3998 1722 4057 vere,
1752 3975 1908 4063 predictis

255 4080 376 4147 decano
400 4090 434 4147 et
457 4081 622 4146 canonicis
639 4081 868 4146 Olomucensis
893 4080 1032 4145 ecclesie
1055 4080 1275 4146 existentibus
1300 4082 1346 4146 sic
1370 4083 1479 4167 ligatis
1496 4089 1530 4148 et
1545 4081 1786 4146 absolutionem
1803 4080 1907 4166 negli-

258 4185 409 4270 gentibus
437 4185 627 4272 implorare,
657 4206 696 4249 ac
725 4185 855 4249 interim
885 4183 1013 4270 prelata
1041 4183 1184 4249 eeclesia
1218 4186 1358 4270 pastoris
1391 4186 1507 4251 solatio
1539 4186 1711 4260 destituta,
1741 4184 1908 4270 predictus

256 4290 517 4375 archiepiscopus
541 4296 696 4374 reputans
721 4309 778 4354 eos
803 4290 872 4353 iure
898 4288 1068 4353 electionis
1092 4288 1254 4373 indignes,
1279 4291 1356 4374 quia
1378 4291 1472 4375 lapsu
1496 4291 1654 4377 temporis
1671 4291 1735 4353 iem
1751 4287 1908 4353 devoluta

256 4401 323 4458 erat
345 4394 388 4458 ad
411 4414 486 4458 eum
510 4399 654 4479 potestas
677 4392 871 4478 providendi
899 4392 1007 4457 eidem
1031 4393 1169 4457 ecclesie
1194 4392 1234 4457 de
1263 4398 1412 4478 pastore,
1442 4392 1627 4458 Conradum
1648 4392 1907 4458 Ildesemensem

258 4497 457 4575 canonicum,
481 4495 584 4560 virum
608 4497 721 4580 utique
738 4495 908 4582 providum
931 4501 964 4559 et
979 4495 1168 4575 discretum,
1192 4496 1341 4581 predicte
1364 4497 1506 4561 ecclesie
1526 4496 1736 4561 Olomucensi
1760 4496 1907 4583 prefecit,

257 4599 404 4665 iaciendo
429 4621 502 4663 eum
526 4600 559 4664 in
583 4599 685 4685 ipsius
709 4601 847 4664 ecclesie
872 4600 1062 4685 episcopum
1092 4600 1290 4674 consecrari;
1322 4601 1374 4664 eui
1402 4606 1469 4664 tam
1498 4601 1533 4664 in
1561 4600 1787 4687 spiritualibus
1811 4621 1907 4685 quam

258 4703 288 4767 in
309 4703 545 4790 temporalibus
569 4703 710 4768 ecclesie
733 4704 930 4767 ministranti
954 4703 1132 4789 capitulum
1158 4703 1323 4789 ipsiusne
1353 4709 1441 4768 totus
1465 4702 1732 4769 Olomucensinm
1764 4704 1908 4767 civitatis

260 4814 290 4871 et
311 4806 451 4871 diocesis
474 4808 581 4872 clerus
605 4814 757 4891 tanquam
782 4827 841 4870 sue
865 4808 1017 4893 episcope
1040 4806 1198 4871 ebediunt
1223 4807 1391 4872 humiliter
1419 4814 1452 4872 ot
1474 4807 1657 4873 intendunt.
1704 4806 1786 4872 Cum
1809 4807 1908 4892 igitur

259 4910 297 4973 sit
323 4911 355 4973 in
387 4908 549 4974 desiderio
573 4917 683 4973 nostro
708 4910 898 4974 continuum
923 4911 1137 4975 ecelesiarum
1161 4911 1337 4976 subvenire
1361 4911 1541 4997 dispendiis
1566 4933 1625 4999 per
1648 4911 1808 4996 condigne
1832 4932 1905 4996 pro-

260 5014 389 5078 visionis
412 5015 576 5093 effeetum,
600 5012 802 5102 mandamus,
827 5015 978 5099 quatinus
1003 5013 1089 5079 dicto
1113 5013 1273 5093 conrade,
1297 5016 1352 5100 qui
1374 5037 1433 5102 pre
1450 5015 1596 5080 eiusdem
1614 5015 1751 5079 ecclesie
1775 5021 1907 5101 pastore

262 5138 294 5181 se
316 5118 415 5200 gerit,
444 5117 583 5202 spatium
606 5117 703 5181 trium
726 5118 889 5182 mensium
912 5119 1087 5183 terminum
1109 5121 1365 5206 peremptorium
1388 5120 1570 5206 prefigatis,
1604 5119 1688 5182 inlra
1711 5139 1808 5203 quem
1832 5125 1908 5203 post

262 5228 365 5285 vestre
397 5219 557 5285 citationis
584 5221 725 5286 edictum
752 5224 971 5307 personaliter
999 5225 1052 5288 vel
1080 5245 1140 5310 per
1169 5230 1412 5310 procuratorem
1445 5225 1661 5289 sufficientem
1693 5231 1727 5288 et
1754 5223 1908 5287 idoneum

262 5343 330 5388 eum
353 5323 532 5388 rationibus
556 5331 589 5389 et
611 5326 821 5391 munimentis
844 5327 910 5391 suis
926 5326 967 5391 ad
986 5328 1154 5412 negotium
1170 5327 1276 5414 ipsum
1294 5329 1521 5414 spectantibus
1538 5334 1650 5392 nestro
1667 5347 1703 5391 se
1719 5326 1908 5414 conspectui
1931 5306 1936 5329 ⁸

456 5466 637 5474 -.—-—„.-.
666 5470 705 5476 ....
724 5471 851 5476 --..-..
1316 5473 1350 5476 —
1372 5473 1378 5477 .
1399 5472 1550 5478 -,,.-,-.
1567 5471 1617 5477 —

360 5548 386 5613 ⁸)
401 5550 439 5600 ita
455 5549 501 5610 lte
518 5551 565 5617 leq.
583 5552 733 5604 Breuuowe.

361 5666 389 5732 1)
401 5664 451 5722 Est
463 5681 514 5721 oue.
529 5667 575 5721 cie.
592 5667 673 5737 Pruy.
744 5670 772 5737 2)
786 5669 827 5735 Os.
843 5674 862 5724 t.
878 5669 902 5738 1,
916 5687 946 5739 p.
964 5678 1015 5739 711,
1032 5688 1059 5725 n.
1075 5678 1135 5727 809.
1203 5675 1230 5742 3)
1252 5672 1358 5727 Fertor
1374 5670 1513 5727 euocari
1526 5671 1699 5740 bnpeeatcris,
1718 5667 1781 5722 ibid.

361 5759 426 5817 'lna
437 5760 519 5817 Pom.
530 5762 566 5817 11.
1684 5766 1701 5820 3
