4328 6232
202 346 267 407 546
763 339 810 393 EX
829 338 1048 393 mnocnnrn
1066 337 1104 392 IV
1122 336 1305 392 nnelsuno

205 515 358 600 quatinus
389 512 536 600 predicta
566 512 691 578 eisdem
720 512 898 578 heredibus
926 512 1123 578 auctoritate
1157 517 1274 576 nostra·
1303 508 1492 587 confirmes,
1528 500 1706 569 dummodo
1740 497 1863 564 exinde

203 616 346 683 conditio
368 616 472 703 ipsius
496 614 686 680 monasterii
708 616 828 681 melior
850 616 894 680 sit
917 616 1054 690 offeota;
1077 615 1335 682 contradictores
1359 617 1423 678 ete.

309 736 387 803 Dat.
410 736 574 822 Lugduni,
597 737 681 804 Nou.
704 736 802 817 lunii,
825 736 1001 804 auro10.

823 1000 1235 1008 *—

987 1225 1073 1300 74⁴0.

306 1337 524 1430 Innocentius
542 1364 602 1430 IV
613 1385 703 1448 popa
728 1366 862 1445 plebano
887 1366 925 1430 clo
947 1367 1082 1432 Milton.
1104 1366 1148 1430 ad
1166 1385 1273 1449 preces
1295 1363 1396 1428 Ponti
1416 1362 1454 1426 de
1479 1358 1698 1444 Garfopnuna
1719 1376 1864 1422 macerae

200 1490 277 1533 snae
298 1468 404 1533 clerici
424 1473 454 1532 el
471 1468 637 1534 Gnlllelncl
659 1468 781 1550 nepotis
803 1469 870 1532 eins
892 1469 1032 1546 rnandot,
1055 1473 1091 1533 nt
1112 1468 1277 1551 Upnleioni
1300 1466 1413 1531 rectori
1434 1463 1579 1528 ecelesiae
1598 1461 1701 1526 sancti
1716 1458 1866 1522 Martini
1927 1488 1930 1524 ι

201 1573 238 1637 dc
264 1571 410 1636 Lanran.
437 1573 474 1636 in
506 1572 620 1637 diocesi
646 1571 779 1637 Laeana
807 1572 844 1636 de
867 1572 1045 1652 plebanatn
1078 1572 1126 1637 cel
1158 1571 1305 1648 rectoria,
1339 1590 1433 1651 qnom
1466 1566 1595 1632 decerit
1626 1561 1864 1644 acceptandam,

197 1675 373 1756 provideat.
1510 1671 1605 1747 1249,
1627 1667 1703 1733 Inn.
1723 1668 1776 1732 10.

304 1793 368 1848 Ima
382 1792 433 1847 IV
448 1793 510 1861 Rep.
529 1792 591 1847 Lib.
611 1792 658 1858 VI,
676 1792 752 1861 fica,
770 1810 798 1846 n.
810 1799 868 1848 692.

304 1878 437 1946 Panae,
457 1877 628 1948 Rep.13676,·
646 1878 744 1947 Berpcr
761 1884 834 1933 4582.

535 2113 573 2130 ..
602 2057 796 2149 plebano
824 2058 877 2130 de
904 2057 1086 2130 Milinn'.a
1113 2059 1287 2132 Lucane
1315 2050 1522 2130 diocesis
1913 2088 1930 2125 a

308 2204 360 2269 Ad
389 2205 574 2271 faciendam
604 2205 724 2271 dilecto
754 2206 819 2270 lilio
841 2204 1018 2289 Uguicioui
1043 2205 1162 2269 rectori
1186 2206 1327 2270 ecclesie
1351 2205 1455 2269 sancti
1479 2203 1611 2268 Martini
1634 2202 1676 2268 de
1700 2201 1863 2266 Lauraul'

200 2306 337 2373 Lucane
362 2308 503 2374 diocesis
526 2309 666 2393 gratiam
690 2308 867 2395 specialem
890 2305 1084 2371 dilectorum
1107 2307 1247 2372 filiorum
1270 2308 1366 2372 Pauli
1389 2306 1430 2371 de
1454 2306 1707 2390 Gariagnaus⁰¹
1730 2326 1862 2369 camere

200 2417 313 2476 nostre
329 2410 440 2476 elerici
463 2416 497 2477 et
513 2411 684 2478 Guillelmi
706 2411 836 2499 nepotis
860 2410 1008 2475 eiusdem
1030 2409 1149 2475 devota
1172 2411 1367 2497 supplicatio
1390 2433 1429 2475 ac
1452 2410 1556 2496 ipsius
1581 2409 1718 2473 rectoris
1743 2408 1863 2473 merita

199 2536 259 2579 uos
283 2513 452 2579 inducunt.
498 2514 651 2601 Ipsorum
673 2516 774 2600 igitur
797 2513 1089 2601 supplicationibus
1118 2514 1282 2596 inclinati,
1312 2515 1520 2592 mandamus,
1550 2513 1703 2598 quatinus
1731 2511 1860 2597 prelato

199 2619 319 2682 rectori
343 2616 384 2683 de
408 2619 517 2703 aliquo
540 2617 720 2704 plebanatu
743 2619 797 2684 vel
820 2619 976 2696 rectoria,
1009 2638 1105 2703 quem
1128 2617 1261 2685 duxerit
1283 2617 1534 2704 acceptandam,
1566 2617 1717 2682 etiamsi
1746 2638 1858 2682 curam
1911 2644 1930 2682 n

199 2720 319 2786 habeat
336 2721 529 2801 animarum,
553 2722 581 2786 si
599 2743 663 2807 qua
677 2723 712 2786 iu
727 2722 850 2787 diocesi
866 2722 1001 2787 Lucana
1017 2727 1111 2786 vacat
1127 2720 1168 2785 ad
1184 2743 1321 2807 presens
1343 2723 1394 2788 vel
1417 2744 1514 2805 quarn
1537 2722 1678 2806 primum
1702 2720 1861 2785 obtulerit

199 2846 235 2889 se
256 2825 408 2906 facultas,
431 2825 629 2889 auctoritate
651 2831 764 2889 nostra
786 2825 959 2911 providere
982 2845 1199 2910 procures-
1215 2847 1278 2888 nou
1295 2824 1527 2890 obstantibusd
1543 2823 1628 2909 quod
1646 2823 1734 2888 idem
1751 2831 1860 2889 rector

200 2928 281 2992 alias
311 2927 529 2994 beneficiatus
557 2929 684 3009 existit,
716 2935 774 2994 aut
803 2929 831 2993 si
861 2950 960 3015 super
989 2923 1149 2993 consimili
1177 2929 1285 3013 gratia
1312 2929 1345 2993 in
1378 2928 1494 2994 eadem
1523 2926 1646 2992 diocesi
1675 2927 1857 2993 direximus

200 3031 321 3117 scripta
338 3038 450 3096 nostra
465 3054 523 3117 pro
540 3033 622 3113 aliis,
647 3033 766 3118 quibus
782 3034 933 3098 nolumus
950 3040 1011 3098 etc.
1028 3053 1150 3118 usque:
1174 3033 1337 3117 generari,
1362 3033 1432 3097 sive
1457 3053 1651 3118 quacunque
1675 3033 1856 3118 apostolice

200 3133 288 3199 sedis
311 3133 531 3220 indulgentia,
559 3157 619 3222 per
641 3158 738 3222 quam
763 3139 899 3202 effectus
928 3144 1039 3202 nostre
1068 3137 1174 3222 gretie
1203 3137 1354 3223 impediri
1378 3137 1487 3201 valeat
1516 3136 1569 3201 vel
1597 3134 1721 3199 differri
1752 3141 1786 3200 et
1814 3134 1854 3199 de
1904 3158 1928 3196 so

200 3258 265 3323 qua
287 3236 465 3324 specialem
488 3244 550 3305 etc.
575 3262 693 3325 usque:
718 3242 917 3306 mentionem
943 3265 997 3315 -3
1022 3240 1278 3306 contradictores
1302 3248 1364 3307 etc.

302 3360 380 3424 Dat.
402 3360 566 3446 Lugduni,
590 3361 660 3424 IIII
682 3362 729 3426 Id.
755 3362 851 3443 Iunii,
875 3385 960 3427 auno
978 3362 1050 3425 vn.

818 3624 1229 3631 —-——————-—-

986 3870 1071 3943 741.

303 3977 523 4072 Innocentius
543 4007 600 4073 IV
614 4029 706 4094 papa
733 4009 860 4074 electam
887 4010 1099 4074 Turritannnc
1125 4030 1194 4074 cnm
1217 4010 1334 4093 plenos
1356 4009 1519 4092 lepationis
1542 4007 1645 4088 officio
1665 4007 1710 4070 ad
1731 4008 1859 4072 insoles

200 4109 375 4175 Sardiniae
395 4109 541 4178 destinat.
1505 4114 1599 4190 1249,
1622 4111 1700 4177 lun.
1717 4114 1768 4176 10.

304 4231 368 4284 Inn.
387 4231 438 4285 IV
454 4233 517 4301 ch.
536 4233 598 4286 Lib.
617 4232 664 4301 VI,
681 4232 704 4297 s.
719 4241 758 4300 74,
776 4249 833 4286 ner.
851 4251 878 4287 n.
894 4240 935 4288 68.
1911 4239 1930 4278 a

303 4317 434 4386 Pottlsost,
455 4318 626 4387 Rep.13396;
644 4319 745 4388 Berper
762 4327 836 4373 ΜΞ).

433 4553 472 4571 ..
501 4498 657 4570 electo
684 4496 968 4587 Turritano,
996 4493 1271 4590 apostolice
1298 4499 1429 4571 sedis
1457 4499 1630 4591 legate.

308 4647 427 4712 Licet²
450 4648 628 4733 apostolice
659 4647 749 4711 sedis
778 4648 931 4726 antistes,
962 4650 1087 4713 vocatis
1116 4649 1236 4712 ceteris
1267 4649 1299 4712 in
1330 4654 1458 4732 partem
1489 4648 1735 4725 sollicitudinis,
1768 4648 1860 4711 solus

201 4749 349 4815 obtineat
370 4749 608 4835 plenitudinem
632 4751 814 4836 potestatis,
844 4751 920 4836 quia
943 4757 1052 4815 tamen
1076 4752 1109 4814 in
1133 4751 1367 4837 perfectionis⁰
1390 4750 1532 4815 humane
1556 4749 1690 4816 deiectu
1713 4751 1859 4815 uecessi-

201 4859 286 4918 tates
310 4854 524 4918 ecclesiarum
548 4852 694 4939 singulas
716 4876 782 4918 non
806 4854 926 4919 sufficit
948 4855 1096 4921 relevare
1120 4877 1159 4920 ac
1182 4859 1377 4941 supportare
1395 4876 1497 4919 onera
1513 4854 1623 4919 omnia
1640 4854 1859 4931 subditorum,
1911 4876 1930 4914 s

201 4978 261 5043 per
283 4957 363 5022 alios
387 4958 507 5043 exequi
530 4958 666 5043 cogitur,
692 4979 754 5043 que
778 4980 837 5044 per
862 4980 897 5023 se
921 4980 983 5022 non
1000 4964 1110 5043 potest
1125 4958 1344 5044 personaliter
1360 4957 1550 5043 adimplere,
1575 4957 1662 5022 illius
1677 4958 1861 5023 instructus

824 5117 1167 5125 ——-—.——
1406 5119 1472 5124 —-
1503 5119 1539 5122 -—
1566 5118 1748 5124 ——ffl

305 5214 328 5278 ⁸)
346 5217 438 5271 Miliair
453 5216 485 5268 R.
597 5213 624 5282 b)
647 5219 750 5268 Lnurari
771 5217 811 5267 vel
831 5217 930 5270 Lurmn
949 5217 996 5278 B.,·
1019 5218 1103 5269 minnc
1122 5219 1268 5285 perspice.
1305 5216 1439 5284 Lavianlo]
1463 5217 1496 5269 B.
1610 5218 1634 5280 0)
1656 5220 1811 5286 Guriaguari
1828 5218 1860 5270 Il.

201 5298 227 5366 d)
246 5303 358 5367 necuim
375 5303 404 5353 in
422 5303 468 5354 a:
485 5311 534 5355 etc·
552 5311 678 5372 utsupra
696 5305 723 5354 in
741 5303 859 5372 proxima
876 5321 959 5371 usque
977 5304 1003 5356 in
1021 5306 1107 5356 finem.
1213 5304 1238 5372 ο)
1255 5306 1418 5374 perfectionis
1435 5305 1464 5355 ln
1481 5306 1537 5355 loco
1554 5321 1624 5355 raso.

306 5439 334 5504 1)
353 5435 402 5491 Ea
418 5441 481 5506 sept
499 5437 629 5493 wattoni
647 5437 764 5492 hacani.
793 5438 828 5494 A.
842 5445 919 5508 1248,
938 5438 1004 5493 Dm.
1023 5439 1167 5508 inperator
1179 5440 1346 5509 poemen
1365 5439 1575 5510 Gorfapncaam
1591 5439 1728 5492 mamni
1745 5439 1860 5494 Iamno

197 5538 251 5593 pro
270 5522 355 5593 pratis
375 5523 488 5578 capitiis
509 5523 541 5576 in
561 5528 661 5579 rectum
681 5525 792 5591 smdsnn
813 5531 989 5594 maenam·
1012 5525 1248 5597 anne-umor,
1266 5528 1284 5582 l.
1296 5544 1317 5582 c.
1334 5534 1409 5583 3745.
1495 5526 1524 5591 2)
1541 5523 1658 5579 Famae
1674 5539 1714 5594 ep.
1732 5542 1760 5580 n.
1775 5528 1860 5580 741ae
1905 5536 1929 5574 ι

203 5610 1234 5682 lllantcamltsaamrcpuimna;prodectotumxarataevidcmr,
