4328 6232
684 318 884 393 sersrou'sn
902 338 1092 394 ssruscrss.
1131 341 1205 396 ress.
1734 349 1775 411 63

863 519 1034 593 Eidem.

226 663 440 731 Promerento
464 675 527 731 otc.
556 674 592 731 ut
625 688 724 755 supra
754 670 786 732 in
814 669 975 755 proxima.
1021 669 1103 733 cum
1133 669 1242 754 igitur,
1274 672 1358 735 sieut
1386 673 1417 734 in
1442 681 1554 738 nestra
1577 676 1774 762 proposuisti

123 768 287 853 presentia
316 771 528 850 constitutus,
566 771 707 836 ecelesia
740 778 796 836 tua
824 793 924 859 super
951 771 1193 859 prebendarum
1223 780 1256 836 et
1282 772 1513 839 beneficiorum
1545 778 1774 843 collationibus

124 878 185 935 tarn
216 893 276 959 per
305 870 419 939 sedem
447 874 659 961 apostolicam
683 896 779 960 quam
803 876 932 961 legatos
955 878 1058 963 ipsius
1082 898 1146 942 non
1169 877 1335 942 modicum
1358 879 1400 941 sit
1422 887 1573 963 gravata,
1605 903 1679 958 nos,
1710 883 1774 948 tuis

79 1005 87 1041 s
123 975 246 1041 deveas
276 977 431 1064 precibus
462 979 626 1059 inclinati,
657 981 730 1065 paci
761 987 794 1045 et
826 981 1054 1066 tranquillitati
1081 987 1137 1046 tue
1169 1003 1207 1046 ae
1237 981 1382 1046 eiusdem
1416 983 1554 1047 ecclesie
1583 992 1719 1071 patema
1741 986 1774 1050 in

124 1087 286 1167 posterum
315 1081 536 1148 sollicitudine
566 1082 739 1168 providere
763 1085 927 1164 volentes,
959 1086 1153 1149 auctoritato
1177 1085 1237 1150 tibi
1259 1087 1461 1171 presentium
1484 1085 1706 1172 indulgemus,
1739 1097 1776 1153 ut

124 1183 160 1249 ad
189 1186 409 1271 provisionem
439 1186 577 1251 alicuius
601 1186 633 1251 in
657 1188 871 1274 pensionibus
894 1190 944 1252 rel
969 1187 1148 1274 prebendis
1172 1210 1229 1253 seu
1253 1189 1326 1254 aliis
1350 1190 1583 1255 ecclesiasticis
1606 1191 1774 1256 benefieiis

124 1289 317 1354 auctoritate
341 1289 429 1355 sedis
453 1291 635 1377 apostolice
658 1291 710 1355 vel
734 1292 918 1376 legatorum
942 1293 1042 1377 ipsius
1066 1293 1221 1380 compelli
1244 1314 1308 1357 non
1332 1294 1444 1357 valeas
1472 1293 1597 1380 absque
1620 1294 1774 1360 mandato

126 1391 207 1456 sedis
230 1394 412 1479 apostolice
429 1395 576 1481 speciali,
599 1395 742 1460 faciente
759 1397 889 1482 plenam
908 1396 948 1461 de
966 1396 1026 1460 hac
1043 1396 1249 1482 indulgentia
1264 1397 1475 1464 mentionem.
1511 1397 1601 1462 Nulli
1617 1419 1696 1483 erge
1713 1405 1774 1462 ete.

72 1521 88 1557 s
127 1504 233 1560 nostre
258 1499 482 1563 concessionis
506 1505 568 1564 etc.
615 1500 746 1586 Siquis
770 1506 832 1566 ete.

227 1618 305 1683 Dat.
328 1618 493 1704 Lugduni,
509 1621 614 1686 VIIII
636 1622 712 1689 Kal.
735 1622 893 1688 Februor.
919 1645 1004 1688 anno
1028 1622 1204 1690 seeund0².

919 2166 979 2237 88.

224 2275 442 2368 Irrrwecntius
457 2305 480 2369 1
486 2303 512 2367 V
520 2326 610 2388 propia
624 2306 647 2390 [
646 2304 809 2388 Ceruario]
823 2303 1053 2387 archiepiscopo
1072 2304 1251 2370 colorent
1272 2307 1415 2378 litassent,
1438 2307 1472 2366 ut
1494 2306 1642 2384 qssattuor
1656 2301 1777 2366 clericis·

123 2408 273 2494 [Hearici
289 2407 349 2492 ΙΙ]
370 2408 459 2474 ducis
473 2409 673 2475 Brabantiae
696 2409 731 2472 in
746 2412 894 2490 quattuor
909 2409 1044 2473 ccelesiis
1061 2411 1162 2473 terroe
1177 2408 1279 2489 assius
1293 2407 1330 2472 dc
1345 2407 1501 2487 bersefieiis
1509 2403 1777 2488 praetereatis-sas

118 2510 290 2592 prenderit.
1427 2510 1521 2587 1245,
1543 2508 1618 2573 Ion.
1635 2511 1687 2574 30.

65 2648 81 2686 u
224 2630 290 2684 Isin.
304 2631 353 2685 IV
367 2631 431 2702 Περ.
449 2632 503 2686 Vol.
517 2633 546 2700 l,
561 2640 619 2696 160;
638 2631 696 2686 ee.
709 2632 751 2699 ΙΙ,
771 2638 830 2687 350.

223 2717 320 2786 Beryer
332 2725 402 2774 1093.

571 2901 610 2920 ..
638 2844 1004 2936 archiepiscopo
1032 2844 1326 2920 Coloniensi.

228 2994 389 3059 Veientes
418 2993 530 3060 dilecti
559 2995 617 3059 filii
646 2993 762 3059 nobilis
792 2994 852 3058 viri
881 3044 918 3058 ..
947 2994 1040 3058 ducis
1068 2994 1249 3060 Brabantie
1282 2995 1446 3059 bonorare
1475 3015 1649 3080 personam
1678 3016 1715 3058 ae
1745 2994 1776 3057 in

123 3100 189 3162 suis
213 3097 400 3178 ostendere,
425 3120 522 3185 quem
544 3099 704 3164 habemus
728 3098 769 3162 ad
793 3100 899 3185 ipsum
923 3098 1108 3163 dilectionis
1133 3098 1320 3178 ellectum²,
1349 3099 1453 3184 ipsius
1477 3097 1602 3163 devotis
1626 3097 1777 3183 precibus

57 3226 77 3263 s
121 3201 285 3284 inclinati,
318 3201 525 3284 mandamus,
558 3202 711 3287 quatinus
742 3209 878 3287 quatuor
908 3202 1035 3266 clericis
1067 3204 1134 3267 suis
1162 3204 1195 3267 in
1217 3210 1357 3288 quatuor
1380 3201 1529 3267 ecclesiis
1552 3207 1638 3266 terre
1661 3200 1776 3286 ipsius,

121 3307 259 3392 singulis
288 3306 500 3392 insingulis,
531 3307 728 3372 auctoritate
751 3311 862 3370 nestra
885 3306 918 3369 in
941 3305 1109 3371 beneficiis
1133 3306 1406 3392 prebendalibus,
1440 3304 1614 3370 dummodo
1638 3304 1670 3368 in
1688 3304 1777 3389 ipsis

121 3431 179 3496 pre
200 3410 275 3475 aliis
299 3431 365 3474 nou
388 3410 587 3497 scripsimus,
611 3411 714 3476 facias
736 3409 917 3496 provideri3
942 3409 1198 3476 contradictores
1221 3417 1284 3477 ete.
1308 3432 1425 3496 usque:
1450 3407 1699 3494 compescendo.

229 3529 308 3595 Dat.
329 3529 494 3616 Lugduni,
517 3529 569 3594 III
591 3529 668 3598 Kal.
690 3529 789 3596 Febr.
813 3551 897 3594 anno
922 3529 1078 3595 seeundo.

920 4056 981 4127 89.

227 4168 447 4263 Innocentius
466 4197 489 4263 Ι
493 4195 523 4261 V
535 4216 625 4281 popo
646 4195 855 4283 [Rayncddo]
879 4195 1019 4276 episcopo
1043 4192 1180 4259 Ostiensi
1208 4191 1352 4270 inardet,
1382 4195 1417 4256 at
1441 4213 1511 4256 corn
1537 4191 1778 4274 reciprocatorum

60 4331 78 4367 s
120 4304 239 4387 festam
260 4300 364 4367 sancti
385 4300 542 4365 Iuliana-is
561 4299 731 4382 Baptistae
750 4301 844 4385 [Iao.
859 4300 921 4385 24]
943 4298 1107 4363 cerellium
1130 4299 1328 4363 convocatum
1350 4297 1400 4371 sit,
1422 4294 1466 4360 cd
1486 4296 1546 4360 iter
1561 4294 1778 4375 praesentiam

123 4425 211 4471 suam
235 4404 375 4470 madi
395 4423 427 4468 sc
446 4409 618 4487 praeparet
640 4408 669 4467 ct
690 4404 801 4468 saltem
823 4404 956 4468 teratino
977 4405 1143 4466 mcororato
1165 4401 1280 4469 veniat.
1431 4399 1524 4476 1245,
1547 4396 1622 4462 Iao.
1638 4401 1691 4464 31.

229 4526 290 4579 [aa.
315 4525 334 4578 1
338 4524 363 4578 V
385 4524 447 4594 Ray.
474 4523 529 4577 Vol.
553 4524 581 4589 I,
602 4529 664 4589 205,-
691 4523 751 4578 Lib.
774 4523 821 4591 ΙΙ,
849 4539 904 4578 cur.
928 4532 951 4577 4.
999 4521 1098 4576 Pertzii
1128 4522 1260 4590 exemplar
1287 4518 1448 4574 sustulimus
1474 4533 1536 4572 cura
1558 4517 1667 4583 Massi,
1699 4517 1777 4570 Coac.

122 4619 141 4669 t.
156 4611 277 4679 xxm
293 4611 341 4666 coi.
353 4617 409 4666 609.

227 4697 359 4765 Pottbcet,
380 4696 445 4767 Res.
459 4703 547 4764 1162&
567 4696 748 4766 Bcrper1357.

678 4933 717 4949 ..
749 4875 968 4968 episcopo
1003 4875 1224 4949 Ostiensi.

232 5026 297 5092 Pro
322 5028 447 5113 magnis
471 5036 505 5092 ct
527 5025 638 5092 arduis
664 5025 816 5110 negotiis,
840 5043 903 5108 que
927 5021 1121 5086 incumbunt
1144 5020 1296 5098 ecclesie,
1320 5025 1409 5083 tuam
1434 5025 1467 5082 et
1490 5018 1625 5082 aliorum
1642 5016 1777 5080 fratrum

125 5137 309 5196 nostrorum
346 5129 554 5196 absentium³
588 5128 713 5195 habere
749 5126 949 5214 presentiam
981 5146 1041 5189 nos
1073 5133 1106 5188 et
1135 5124 1253 5188 iratres
1286 5122 1392 5187 nostri
1421 5123 1543 5207 iugiter
1575 5122 1777 5199 affectamus,

231 5288 393 5298 .-—-—-

228 5390 256 5457 1)
275 5386 332 5442 &ab
349 5386 458 5442 haid
477 5385 560 5441 Man
581 5387 699 5456 episeopo
721 5391 891 5455 masat,
915 5400 949 5439 m
971 5382 1084 5452 depos
1107 5382 1145 5436 cd
1166 5380 1327 5450 subdeieputc
1344 5380 1431 5434 liceret
1448 5377 1725 5434 morunioatsonis
1742 5378 1780 5431 cst

127 5470 1179 5544 woememmmstporsfflpeesemteasassstot,
1197 5474 1253 5522 969.
1339 5466 1428 5534 Ms-
1447 5464 1779 5532 o.93etrotcthrper

59 5575 82 5612 ss
131 5566 545 5629 mlw,lm,md,m1.
629 5550 1780 5631 &Epissopasawdiaotcsinllunomesatidarolmatspapaeinltaea

129 5638 1333 5729 msfffflussutemamrtmwfflnwe
