4790 6340
871 413 1071 470 nrlsronsn
1088 415 1279 508 suanense.
1315 419 1390 476 1248.
1900 431 1961 494 347

307 608 370 652 nort
399 589 537 654 obstante
564 589 683 670 defecta
709 588 880 666 nataliam,
913 589 956 654 ad
981 608 1085 655 sacros
1107 591 1245 670 ordines,
1267 594 1420 676 dipnitate
1442 596 1611 679 episcopali
1633 603 1767 682 caepta,
1784 603 1961 680 promoveri

303 695 413 774 poss-it.
1609 705 1702 781 1248,
1724 703 1818 769 Febr.
1843 704 1872 769 5.

413 817 476 870 Ian.
490 815 538 868 IV
546 815 607 884 Rep.
626 815 681 868 Vol.
695 816 720 881 I,
732 821 795 881 503,-
813 814 871 868 Lib.
891 815 920 880 V,
933 821 989 868 aso.
1026 814 1177 883 Epistalm
1193 831 1226 869 an
1245 815 1362 884 naara
1378 817 1513 885 decripsit
1531 819 1559 873 V.
1573 820 1611 874 Ol.
1628 821 1657 875 0.
1675 822 1709 876 de
1727 823 1819 877 Falla.

413 904 510 971 Respa·
527 909 603 956 3600.

699 1045 987 1137 Engelberto
1014 1045 1184 1118 clerico
1209 1047 1571 1138 Argentiuensi.

413 1193 485 1257 lltsi
509 1193 612 1277 geniti
636 1212 676 1254 cx
701 1191 830 1275 copula,
855 1212 951 1276 quarn
975 1190 1069 1254 fedus
1091 1191 1285 1256 matrimonii
1309 1215 1373 1259 non
1399 1204 1546 1277 excusat,
1568 1199 1730 1282 illegitimi
1753 1207 1959 1277 censeantur,

309 1297 373 1361 illis
407 1305 531 1372 tamen,
570 1295 624 1380 qui
662 1295 811 1378 genituro
848 1294 1008 1358 maculam
1040 1294 1213 1358 honestato
1241 1317 1367 1360 morum
1397 1307 1551 1385 satagunt
1578 1301 1726 1380 abolore,
1750 1309 1914 1388 tamquam
1939 1325 1959 1366 a

308 1400 448 1464 Domino
484 1400 622 1486 gratiam
656 1398 840 1461 consecutis
875 1397 1016 1460 libenter
1044 1396 1298 1462 misericordiam
1330 1401 1545 1486 impertimur,
1582 1425 1672 1484 cum,
1706 1407 1763 1471 ubi
1799 1407 1957 1470 Dominus

311 1507 435 1589 largus,
467 1525 580 1568 servus
609 1524 672 1566 non
703 1502 822 1566 debeat
851 1523 924 1565 csse
948 1509 1057 1565 tenax.
1104 1489 1186 1564 Cum
1209 1503 1308 1586 igitur
1331 1504 1494 1570 defectum
1519 1509 1691 1589 natalium,
1716 1530 1812 1595 quem
1835 1510 1957 1596 pateris

236 1635 258 1672 n
311 1609 352 1672 dc
376 1607 568 1694 presbytero
592 1607 723 1692 genitus
753 1614 786 1670 et
815 1605 937 1684 soluta,
962 1606 1111 1690 profectu
1135 1605 1275 1670 redimas
1301 1610 1506 1690 meritorum,
1535 1634 1610 1694 nos,
1639 1614 1731 1678 bonis
1761 1614 1957 1679 benefacere

310 1713 479 1798 cupientes
513 1733 551 1775 ae
584 1709 794 1774 intendentes
828 1731 888 1795 per
922 1709 983 1772 hoe
1020 1715 1053 1772 et
1081 1710 1217 1774 obtentu
1246 1710 1436 1776 dilectorum
1469 1716 1605 1780 filiorum
1636 1719 1793 1783 nobilium
1817 1719 1958 1781 virorum

309 1862 343 1880 ..
367 1814 406 1878 de
429 1814 582 1900 Dilgen¹,
606 1862 637 1879 ..
660 1812 700 1877 de
716 1811 967 1888 Wirtemberc²,
992 1861 1029 1876 ..
1058 1811 1098 1874 de
1128 1809 1342 1897 Gruningcn³
1372 1824 1405 1879 ot
1433 1867 1468 1882 ..
1502 1819 1542 1882 de
1572 1818 1705 1883 Calwe⁴
1728 1820 1880 1884 comitum
1916 1821 1957 1883 de

310 1917 439 1998 Sirenis,
463 1919 653 1982 devotorum
678 1918 851 1992 ecclcsie⁵,
872 1917 925 2000 qui
951 1916 1043 1979 nobis
1068 1937 1124 2000 pro
1148 1922 1180 1980 te
1204 1937 1276 1979 cum
1299 1918 1455 1984 instantia
1479 1923 1711 2009 supplicarunt,
1735 1925 1873 2007 gratiam
1898 1923 1957 1986 tibi

310 2023 418 2087 lacere
442 2021 633 2107 specialem,
657 2028 693 2084 ut
715 2057 756 2067 —
779 2017 961 2083 huiusmodi
984 2039 1049 2082 non
1078 2018 1228 2084 obstante
1253 2019 1383 2086 delectu
1408 2061 1448 2070 -
1470 2024 1511 2088 ad
1536 2046 1645 2090 sacros
1670 2027 1800 2091 ordines
1823 2047 1953 2113 promo-

233 2153 257 2190 ιε,
311 2125 378 2188 veri
407 2131 440 2188 et
469 2124 663 2188 beneficium
692 2123 969 2198 ecclesiasticum,
993 2122 1091 2185 etiam
1115 2123 1275 2186 sionnam
1300 2126 1480 2190 animarum
1509 2128 1643 2210 habeat,
1667 2129 1814 2194 obtinere
1836 2129 1955 2214 possis,

310 2235 419 2292 tecum
453 2229 646 2292 auctoritate
684 2227 884 2312 presentium
919 2226 1162 2310 dispensamus,
1199 2227 1244 2291 ita
1275 2234 1398 2306 tamen,
1428 2231 1514 2316 quod
1542 2233 1569 2296 si
1598 2239 1629 2296 te
1660 2233 1701 2297 ad
1736 2233 1956 2320 episcopalem

309 2333 417 2396 vocari
441 2331 615 2417 contigerit
638 2331 842 2415 dignitatem,
866 2331 955 2393 illam
979 2350 1185 2414 nequaquam
1210 2331 1349 2416 recipias
1373 2333 1497 2418 absque
1521 2335 1609 2398 sodis
1626 2337 1804 2422 apostolice
1827 2336 1958 2400 licentia

311 2435 454 2520 speciali.
501 2433 591 2498 Nulli
617 2455 694 2517 ergo
719 2443 780 2498 etc.
805 2439 916 2524 npstre
941 2432 1193 2518 dispensationis
1218 2440 1279 2500 cte.

412 2554 487 2618 Dat.
510 2552 673 2638 Lugduni,
697 2553 798 2617 Nonis
823 2553 977 2617 Februar.
1003 2573 1087 2616 anno
1103 2552 1160 2618 V⁰.

1087 3075 1174 3150 492.

228 3226 255 3266 ro
411 3177 628 3270 Iaaomntias
652 3202 676 3266 I
680 3199 707 3264 V
723 3221 812 3284 papa
834 3198 939 3264 abbati
967 3201 995 3262 ct
1017 3202 1180 3266 conventui
1202 3201 1477 3268 Nonillarensibas
1504 3203 1547 3267 ad
1572 3223 1650 3270 snas
1676 3210 1705 3269 et
1726 3209 1957 3290 mapistrarunr,

307 3309 468 3374 censatum
490 3312 519 3372 et
542 3305 760 3372 uniuersitatis
782 3303 896 3366 aaran
918 3303 1199 3384 Arpcatinensa'anr
1213 3324 1323 3386 preces
1345 3306 1493 3388 indalpet,
1515 3311 1551 3370 at
1567 3313 1734 3390 postquam
1757 3310 1909 3376 Sanctora
1931 3319 1960 3376 et

307 3411 444 3489 Sinronr',
477 3414 553 3474 nato
580 3407 732 3474 Ladaaicr'
767 3405 909 3472 advocati
942 3405 979 3470 dc
1006 3405 1219 3486 Ltclttcnbere,
1243 3407 1346 3492 faerit
1370 3410 1545 3490 marianna,
1572 3411 1723 3494 rnapistra
1747 3414 1899 3480 Geneatae
1921 3415 1958 3478 dc

304 3515 493 3598 Arpeatiaa,
511 3511 728 3597 praeferentes
750 3531 818 3574 cana
841 3529 895 3574 sea
917 3509 1003 3588 aliis,
1027 3510 1062 3574 r'n
1084 3511 1287 3577 ecclesiastiea
1309 3512 1453 3594 beneficia
1469 3514 1594 3594 possint
1610 3516 1785 3596 providere.

1606 3623 1625 3680 1
1670 3623 1691 3682 8
1808 3671 1815 3685 .
1862 3669 1869 3684 .
1889 3659 1890 3666 κ

227 3725 253 3766 25
410 3721 473 3774 Irus.
485 3720 535 3774 IV
550 3720 612 3789 Rep.
631 3718 685 3774 Vol.
700 3719 722 3788 I,
735 3725 801 3784 503‚·
819 3716 878 3771 Lrb.
898 3716 928 3784 V,
947 3726 999 3771 551.
1037 3717 1193 3786 Eaernplar,
1210 3718 1281 3786 quad
1300 3720 1399 3787 Berper
1412 3718 1500 3788 edidit
1519 3737 1579 3775 cam
1599 3620 1890 3790 Rc2p40stisbederitirlit5V.
1911 3723 1955 3778 Cl.

309 3807 340 3862 0.
359 3807 391 3860 cle
411 3806 503 3860 Fare.

409 3894 507 3960 Berper
524 3899 595 3948 3601.

401 4094 409 4111 .
440 4096 449 4112 .
477 4039 635 4112 abbati
663 4042 704 4111 et
730 4036 979 4111 conventui
1010 4036 1274 4111 monasterii
1301 4037 1653 4114 Novillarensis⁸
1679 4041 1867 4115 ordinis

544 4143 545 4146 ¹
616 4159 759 4232 sancti
786 4157 1018 4230 Benedicti
1043 4157 1394 4249 Argentiuensis
1421 4159 1648 4234 diocesis

229 4333 254 4370 aa
409 4307 462 4372 Ex
485 4316 577 4396 parte
600 4315 710 4372 vestra
732 4308 792 4371 fuit
815 4307 1014 4394 propositum
1039 4327 1148 4371 eoram
1172 4307 1280 4385 nobis,
1312 4308 1397 4392 quod
1425 4330 1498 4372 cum
1528 4310 1684 4394 magister
1708 4308 1888 4374 Gervalcus
1912 4310 1954 4374 de

306 4412 506 4498 Argentina,
539 4413 678 4477 clericus
714 4419 836 4492 vester,
866 4412 956 4476 vobis
992 4419 1026 4476 et
1053 4411 1250 4475 monasterio
1279 4418 1388 4475 vestro
1416 4411 1539 4476 dudum
1570 4413 1719 4478 servierit
1748 4397 1888 4478 fideliler
1923 4421 1956 4478 ct

306 4515 440 4596 devote,
464 4538 529 4582 non
558 4517 693 4603 potestis
719 4516 825 4582 eidem
852 4517 884 4580 in
912 4515 1108 4603 competenti
1138 4515 1360 4581 ecclesiastico
1383 4515 1542 4580 beneficio
1572 4517 1761 4603 providere,
1786 4538 1860 4581 eum
1885 4519 1955 4582 sitis

306 4620 465 4685 Santorot
487 4627 521 4685 et
545 4619 688 4704 Symoni,
713 4629 790 4685 nato
813 4621 929 4684 nobilis
953 4620 1014 4684 riri
1035 4618 1198 4683 Lodewiei
1223 4618 1369 4684 advocati
1393 4619 1433 4684 de
1456 4619 1709 4699 Liethenberc⁷,
1740 4626 1773 4686 et
1796 4641 1856 4685 sex
1881 4621 1953 4686 aliis

288 4724 434 4788 ¹clericis
458 4723 499 4787 ad
521 4731 668 4788 nostrum
692 4729 724 4788 et
747 4723 857 4789 dilecti
884 4724 942 4788 filii
966 4725 1067 4788 nostri
1096 4723 1133 4788 P.
1158 4723 1270 4788 Sancti
1294 4721 1429 4807 Georgii
1452 4723 1493 4788 ad
1510 4723 1629 4789 Velum
1652 4723 1799 4787 Aureum
1823 4722 1952 4788 diaconi

228 4849 253 4886 a·
307 4827 494 4905 cardinalis,
528 4827 707 4914 apostolice
743 4828 829 4892 sedis
864 4829 980 4912 legati,
1014 4825 1203 4891 mandatnm
1239 4826 1279 4890 ad
1313 4826 1511 4892 conferenda
1542 4826 1701 4892 beneficia
1731 4828 1955 4892 ecclesiastica

304 4929 447 5016 obligati.
493 4929 560 4995 Sed
584 4931 660 5016 quia
682 4930 792 4994 dilecti
816 4930 874 4994 filii
897 4931 1054 5014 magistri,
1079 4931 1228 4994 eonsules
1252 4936 1285 4992 et
1307 4931 1504 4996 universitas
1528 4931 1645 4994 civium
1662 4931 1954 5016 Argentiuensium

304 5035 399 5098 nobis
421 5056 481 5120 por
504 5055 579 5098 suas
602 5034 729 5098 litteras
758 5055 831 5098 cum
859 5033 1014 5098 instantia
1038 5034 1278 5120 supplicarunt,
1306 5041 1343 5097 ut
1371 5035 1509 5119 gratiam
1533 5035 1563 5098 ei
1586 5035 1696 5100 facere
1720 5035 1753 5097 in
1777 5033 1838 5099 lrae
1862 5041 1954 5121 parte

304 5138 344 5202 de
379 5139 580 5223 benignitate
615 5139 712 5202 solita
747 5158 949 5218 curaremus,
987 5159 1061 5219 nos,
1097 5159 1208 5202 eorum
1247 5146 1279 5202 et
1313 5140 1433 5203 vestris
1472 5138 1764 5226 supplicationibus
1800 5140 1954 5218 inclinati,

408 5399 432 5462 ιι)
450 5399 487 5449 era
505 5399 536 5450 n.

226 5523 253 5560 ⁴⁰
410 5519 434 5582 1)
455 5517 623 5570 Hru·lrnnnnr'
641 5517 696 5570 III
718 5515 750 5570 de
774 5515 923 5585 Dillinpen,
951 5516 984 5570 ‹le
1009 5535 1061 5584 prro
1087 5519 1120 5584 cf.
1144 5535 1171 5572 n.
1192 5525 1243 5573 430
1263 5523 1286 5571 rt
1305 5525 1359 5572 437.
1464 5519 1490 5579 2)
1514 5517 1614 5586 {tn-ter,
1634 5519 1664 5571 rlc
1684 5535 1737 5586 qno
1762 5519 1797 5584 cs.
1817 5537 1843 5572 n.
1862 5525 1911 5572 352
1929 5525 1954 5571 rt

305 5601 405 5670 Beroea*
422 5610 489 5657 3365
507 5609 529 5656 ct
548 5611 618 5658 3ΐ21.
721 5607 749 5671 3)
768 5605 944 5658 llnr'lmnnni.
1049 5607 1076 5670 4)
1098 5605 1243 5672 (r'orlefrrrli,
1262 5605 1293 5658 de
1309 5621 1361 5671 arra
1377 5606 1410 5670 ef.
1427 5621 1455 5658 n.
1473 5611 1528 5658 349.
1633 5607 1659 5660 ὦ)
1681 5605 1720 5670 (Ὶὶ
1736 5623 1765 5672 p.
1785 5611 1840 5672 313,
1856 5609 1913 5659 ael.
1934 5615 1953 5660 1.

305 5691 330 5754 a)
346 5687 496 5742 Nanneilrr·
513 5689 543 5742 r'a
562 5691 675 5757 Alsntr'a,
694 5707 725 5743 ar
742 5697 804 5758 sepa.
822 5691 867 5745 cir.
885 5691 997 5746 anrerrn
1103 5693 1129 5758 i)
1148 5692 1191 5744 De
1208 5692 1256 5745 lanc
1273 5693 1305 5758 cs.
1325 5709 1352 5745 a.
1372 5699 1424 5746 271.

1690 5787 1747 5841 44*
