4328 6232
876 341 1077 398 aunuente*
1095 343 1285 400 SELEC'I'AE.
1321 347 1397 403 1247.
1903 362 1966 425 269

319 516 508 584 Ascanimia
528 535 582 593 ca,
609 533 689 596 quae
710 513 898 596 quibusdam
919 515 957 581 de
974 515 1110 602 familia
1132 519 1212 595 cius,
1236 519 1372 585 eumad
1392 523 1558 588 concilium
1580 524 1790 609 Intqdunense
1807 535 1958 613 perperat,

318 620 493 687 ammam
1611 633 1704 710 1247,
1720 631 1805 700 Mai.
1823 635 1873 698 15.

408 740 474 794 Iun.
492 738 544 793 11⁷
560 737 624 808 Ray.
643 737 698 793 Vol.
716 739 742 806 I,
759 744 820 807 aaa·
838 739 897 795 La.
918 739 971 808 IV,
993 746 1049 796 703.
1094 741 1252 812 Exemplar,
1278 744 1350 812 quad
1377 746 1476 815 Bcrycn
1503 748 1594 816 odae,
1617 766 1678 804 acm
1706 752 1825 821 Repertis
1851 755 1962 808 oentnlit

322 827 346 882 V.
357 826 393 881 ut
406 829 442 882 Δ.
457 827 540 882 Mau.
665 872 668 877 .

225 934 236 971 s
407 915 509 984 Berpcr
525 920 598 968 2701.

347 1133 385 1151 ..
412 1075 568 1150 abbati
596 1075 765 1150 Sancte
792 1075 927 1150 Marte
956 1077 1115 1154 Portus
1143 1080 1175 1154 N
1183 1083 1279 1154 ovi¹
1309 1082 1485 1156 ordinis
1511 1084 1653 1157 sancti
1680 1084 1915 1161 Benedicti

852 1199 1156 1282 anconitano
1177 1202 1406 1277 diocesis‘t

409 1347 494 1413 Cum
517 1345 717 1413 venerabilis
746 1347 847 1411 frater
878 1353 989 1412 noster
1011 1395 1044 1413 ..
1067 1350 1293 1416 Anconitanus
1324 1353 1517 1438 episcopus,
1546 1360 1682 1419 vocatus
1711 1356 1787 1420 olim
1812 1356 1854 1420 ad
1876 1377 1955 1421 oon-

310 1454 410 1517 cilium
425 1451 660 1536 Lugdunense,
685 1472 721 1516 se
738 1450 937 1517 accinxisset
959 1450 1001 1514 ad
1017 1452 1079 1516 iter
1095 1452 1207 1517 sedem
1224 1456 1436 1540 apostolicam
1453 1456 1608 1535 adeundi,
1625 1459 1755 1544 quidam
1777 1459 1818 1524 de
1834 1459 1957 1524 familia

216 1570 244 1608 1⁰
305 1557 401 1644 ipsius
437 1555 479 1621 ad
506 1555 641 1620 Portum
671 1552 962 1619 ltaeanatensem²
997 1556 1100 1618 multa
1137 1564 1357 1641 pervenerunt
1392 1561 1591 1625 necessitate
1627 1563 1800 1648 compulsi;
1835 1564 1955 1649 quibus

301 1683 369 1726 cum
394 1662 458 1726 loci
481 1660 685 1726 habitatores
709 1679 745 1723 se
768 1679 828 1745 pro
851 1659 1030 1744 apostolice
1056 1658 1141 1724 sedis
1165 1665 1200 1725 et
1223 1668 1336 1726 nostra
1352 1666 1536 1729 reverentia
1558 1664 1749 1730 debuissent
1771 1665 1954 1732 reddidisse

295 1767 456 1853 propitios
486 1771 520 1830 et
547 1764 726 1850 benignos,
756 1783 839 1827 ausu
869 1762 1011 1848 reprobo
1045 1764 1242 1829 contrarium
1274 1774 1502 1852 presumentes
1535 1791 1592 1834 eos
1623 1769 1764 1855 quodam
1793 1770 1954 1855 palefrido

292 1868 398 1956 ipsius
427 1867 576 1956 episcopi
602 1875 637 1933 et
663 1866 762 1932 rebus
796 1866 882 1947 aliis,
912 1867 995 1931 sicut
1016 1869 1222 1953 accepimus,
1250 1890 1309 1956 per
1332 1872 1521 1937 violentiam
1556 1874 1748 1960 spoliarunt.
1793 1873 1954 1948 Quocirca

288 1972 508 2052 mandamus,
538 1971 707 2057 quatinus,
739 1970 766 2034 si
789 1969 848 2034 tibi
871 1970 918 2034 ita
940 1990 1015 2035 esse
1040 1973 1239 2053 constiterit,
1264 1995 1433 2039 commune
1456 1977 1520 2040 loci
1545 1976 1708 2058 eiusdem,
1733 1976 1818 2061 quod
1844 1977 1952 2042 eidem

200 2094 225 2131 ιδ
287 2078 453 2164 episcopo
470 2075 619 2162 predicta
633 2075 820 2154 restituant,
836 2078 872 2137 ut
884 2080 1047 2155 tenentur,
1065 2077 1243 2142 monitione
1259 2079 1418 2163 premissa
1433 2101 1492 2165 per
1505 2100 1677 2145 censuram
1691 2080 1950 2145 ecclesiasticam

284 2181 520 2267 appellatione
544 2185 671 2244 remota
694 2179 872 2262 compellas
882 2177 904 2241 ³.

399 2300 479 2368 Dat.
501 2299 665 2384 Lugduni,
688 2299 802 2364 Idibus
824 2299 915 2380 Maii,
938 2321 1024 2364 anno
1048 2301 1195 2386 quartob.

910 2561 1322 2570 ———

1074 2806 1161 2881 365.

391 2922 612 3016 Innocentius
638 2948 661 3014 Ι
667 2946 696 3012 V
718 2969 807 3032 papa
841 2948 956 3012 decano
994 2952 1024 3011 ct
1056 2949 1193 3029 crapulato
1226 2948 1339 3015 Sancti
1371 2948 1538 3034 Bonifatii
1574 2949 1784 3017 Traiectansis
1820 2955 1945 3020 obtentu

278 3054 506 3142 [landberti]
533 3053 668 3136 episcopi
701 3050 952 3133 Osnaburqensis
983 3061 1012 3114 et
1050 3051 1250 3136 B[ernlrardi
1272 3052 1352 3136 ΙΙΙ]
1377 3053 1496 3116 ‹lontrini
1524 3053 1561 3117 cle
1590 3053 1711 3137 Lippria
1737 3057 1883 3136 mandat,
1910 3064 1944 3122 ut

181 3168 195 3203 ³
277 3160 472 3242 manistram
486 3156 666 3222 Arnoldum
681 3155 913 3231 subdiaconum,
924 3159 1159 3234 procuratorem
1175 3156 1311 3220 eiusdem
1326 3157 1469 3236 episcopi,
1491 3158 1527 3219 in
1545 3157 1685 3242 finirem
1708 3164 1737 3222 et
1758 3163 1943 3227 canonicum

272 3263 462 3327 admittenti.
1577 3264 1672 3340 1247,
1694 3261 1778 3327 Mai.
1802 3267 1852 3328 16.

388 3365 454 3419 Inn.
466 3364 487 3418 Ι
490 3363 517 3417 V
530 3363 594 3432 Ray.
611 3362 708 3430 Voti,
726 3369 790 3429 390,·
811 3361 872 3415 Iao.
887 3362 905 3415 Ι
910 3361 940 3428 V,
957 3368 1015 3416 685.
1056 3361 1215 3430 Eannplar,
1239 3362 1311 3429 quod
1330 3363 1430 3431 Βῆριν
1451 3363 1544 3434 edidit,
1568 3381 1626 3417 acm
1647 3364 1763 3432 Repertis
1779 3367 1893 3420 cuntulit
1917 3374 1941 3421 ct

274 3468 316 3506 α
332 3452 369 3505 eis
385 3450 515 3520 supplerit
538 3449 567 3504 V.
581 3448 621 3502 01.
639 3450 675 3502 A.
695 3448 775 3501 Mau.

386 3538 487 3607 Bcrqcr
504 3542 579 3591 2683.

432 3755 472 3774 ..
500 3700 672 3772 decano
709 3701 753 3770 et
787 3695 991 3787 capitulo
1029 3696 1177 3769 Sancti
1215 3697 1430 3771 Bonifatii
1467 3698 1791 3774 Traiectensis

389 3849 530 3915 Adiutos
564 3849 717 3912 virtutum
752 3846 896 3910 meritis⁰
930 3845 1028 3931 digne
1059 3846 1287 3932 prosequimur
1319 3847 1403 3911 dono
1439 3847 1544 3932 gratie
1573 3848 1743 3934 specialis,
1789 3857 1824 3914 ut
1860 3851 1936 3917 dum

280 3955 389 4019 votiva
418 3952 633 4040 perceptione
656 3950 814 4015 bonorum
840 3951 1071 4036 perspexerint
1094 3938 1142 4015 sc¹
1163 3950 1335 4027 fecundos,
1367 3952 1493 4016 illarum
1517 3950 1702 4016 adiectione
1724 3955 1877 4019 continua
1901 3978 1936 4021 se

284 4058 419 4124 reddere
435 4057 603 4144 gaudeant
617 4056 800 4140 insignitos.
847 4053 929 4118 Cum
954 4053 1063 4139 itaque
1082 4053 1222 4119 dilectus
1246 4054 1332 4119 filius
1348 4056 1506 4140 magister
1522 4055 1688 4120 Arnoldus
1705 4056 1935 4140 subdiaconus,

284 4169 470 4248 procurator
504 4154 703 4226 uenerabilis
736 4158 844 4224 fratris
879 4158 982 4222 nostri
1012 4206 1044 4224 ..
1076 4157 1343 4243 Osnaburgensis
1378 4160 1540 4246 episcopi,
1573 4180 1699 4223 morum
1734 4165 1767 4222 ot
1797 4163 1934 4228 scientie

284 4265 406 4330 dicatur
440 4264 544 4330 iuuari
574 4265 714 4341 meritis,
746 4269 783 4327 ut
810 4261 897 4348 apud
926 4283 985 4326 nos
1012 4261 1179 4326 invenisse
1202 4261 1345 4347 gaudeat
1368 4263 1488 4326 fauoris
1510 4264 1649 4347 gratiam
1674 4264 1842 4349 specialis,
1874 4287 1933 4330 nos

283 4369 415 4434 obtentu
446 4368 550 4454 ipsius
579 4367 726 4452 episcopi
758 4372 792 4430 et
823 4366 920 4429 ctiam
954 4365 1064 4429 dilecti
1101 4365 1156 4428 filii
1189 4366 1308 4429 nobilis
1336 4366 1395 4429 viri
1419 4366 1458 4429 B.
1487 4364 1607 4430 domini
1636 4366 1676 4430 de
1700 4365 1849 4453 Lippia⁴,
1880 4371 1934 4452 qui

281 4474 372 4539 uobis
396 4493 454 4560 pro
469 4474 541 4558 ipso
557 4490 672 4557 preces
693 4468 885 4532 direxerunt
907 4474 940 4531 et
963 4468 1088 4532 litteras
1107 4469 1278 4555 speciales,
1296 4469 1543 4534 universitatem
1561 4475 1704 4533 vestram
1721 4490 1875 4553 rogamus
1900 4478 1933 4535 at

281 4576 446 4642 hortamur
469 4582 607 4655 attente,
631 4571 824 4658 mandantes
841 4572 991 4657 quatinus
1013 4571 1152 4636 eundem
1175 4594 1234 4658 pro
1251 4573 1432 4658 apostolice
1458 4571 1545 4637 sedis
1570 4577 1603 4636 et
1619 4578 1731 4636 nostra
1746 4575 1932 4638 reverentia

280 4679 311 4743 iu
336 4680 472 4745 fratrem
503 4684 536 4744 et
563 4678 758 4742 canonicum
780 4674 960 4740 admittatis
990 4681 1023 4738 et
1052 4675 1093 4740 do
1118 4676 1300 4761 prebenda,
1325 4676 1509 4761 quamcito
1541 4696 1576 4739 se
1599 4676 1740 4740 facultas
1764 4675 1929 4757 obtulerit,

280 4785 458 4851 liberaliter
480 4782 682 4869 provideatis
710 4780 817 4845 eidem
841 4817 880 4826 -
913 4800 977 4843 non
1001 4780 1175 4845 obstanted
1204 4787 1294 4845 certo
1324 4781 1552 4846 canonicorum
1583 4799 1718 4844 numero
1746 4779 1928 4844 iuramento

281 4910 335 4954 seu
348 4908 543 4975 quacunque
560 4887 712 4951 firmitate
724 4885 856 4966 vallato,
873 4886 925 4948 vel
944 4885 971 4948 si
987 4885 1081 4948 vobis
1098 4906 1155 4970 pro
1172 4886 1245 4949 aliis
1259 4887 1383 4972 scripta
1398 4891 1511 4949 nostra
1525 4884 1716 4964 direximus,
1735 4882 1852 4969 quibus
1866 4892 1928 4948 etc.

375 5154 400 5217 ⁸)
418 5152 508 5204 Eidem
526 5150 574 5212 B.,·
592 5151 627 5216 cs.
644 5157 696 5200 not.
708 5151 732 5200 3.
807 5145 832 5213 b)
851 5150 910 5199 Dat
930 5158 1056 5215 utsupra
1074 5147 1106 5197 R.
1177 5147 1201 5212 ⁰)
1220 5147 1378 5212 aequitania
1396 5145 1443 5197 It:
1460 5155 1508 5197 etc.
1527 5154 1652 5212 utsupra
1670 5160 1763 5209 usque:
1782 5144 1925 5210 insignitor,

277 5240 327 5291 neit
344 5248 373 5290 ut
390 5238 448 5290 Lis.
467 5236 520 5301 JV,
536 5239 595 5288 681.
698 5232 725 5302 d)
742 5253 778 5286 an
796 5253 849 5287 nou
867 5236 933 5287 obst.
952 5255 985 5278 =
1004 5233 1253 5287 nonobstantibus?

376 5376 403 5438 1)
422 5373 454 5428 Ε
468 5389 529 5428 mer.
547 5374 594 5427 cir.
612 5372 808 5426 Anconitanac.
888 5373 916 5440 2)
936 5371 985 5424 Ea
1002 5387 1039 5426 or.
1058 5370 1104 5425 cir.
1124 5371 1267 5425 Recanati.
1352 5371 1380 5437 3)
1400 5367 1502 5422 Eodem
1519 5367 1561 5420 die
1578 5367 1659 5420 cidon
1676 5364 1762 5418 eunti
1779 5364 1925 5434 anomiani,

276 5465 303 5514 ut
318 5461 489 5515 Ammonos
505 5459 544 5513 ad
559 5458 739 5513 resumenda
756 5458 866 5526 warna,
885 5474 954 5526 quae
972 5457 1089 5511 emaum
1108 5457 1295 5510 Ancon-danae
1312 5456 1473 5522 intulissent,
1495 5471 1553 5508 cram
1571 5454 1605 5506 ab
1621 5453 1737 5522 quecun
1754 5452 1926 5505 Anconitano

276 5548 459 5617 maur,
472 5562 525 5618 per
540 5546 815 5602 &communicationis
832 5547 988 5599 umeruiam
1005 5545 1175 5614 amplia-a
1195 5545 1293 5613 Berycr
1311 5551 1390 5607 270&
1407 5544 1440 5610 cf.
1459 5558 1544 5610 capua
1560 5558 1588 5594 n.
1605 5546 1661 5594 358.
1737 5540 1764 5605 4)
1783 5539 1838 5592 Hic
1855 5541 1926 5594 testis

275 5633 321 5688 aab
333 5633 428 5691 duria
443 5634 562 5691 limiae·
580 5634 671 5704 Respa
687 5636 753 5705 repis
769 5653 795 5689 a.
815 5640 884 5702 1246,
904 5633 974 5686 Mai.
992 5639 1024 5687 25
1040 5631 1104 5684 dena
1122 5631 1230 5701 lapillum
1248 5628 1479 5694 Wiener-Ficta,
1498 5629 1513 5682 l.
1532 5644 1552 5682 c.
1573 5634 1650 5683 4868.
