4328 6232
372 334 434 395 142
929 327 977 381 EX
996 325 1214 382 INNOCEN'PII
1232 323 1271 379 IV
1289 322 1469 379 scelerae

370 503 602 588 purgationem
629 502 729 567 etiarn
759 501 793 566 iu
821 501 990 588 presentia
1021 505 1135 564 nostra
1164 499 1198 562 in
1226 498 1298 563 loco
1324 496 1443 563 idoneo
1478 517 1578 584 super
1607 497 1814 582 suspicione·
1840 494 2029 563 huiusmodi

371 605 574 671 offerendam
582 606 605 671 ¹.
649 603 787 692 Hacque
816 604 894 670 dieti
925 603 1032 669 nuntii
1060 603 1242 668 referentes
1269 602 1303 667 iu
1333 600 1512 668 eorundem
1542 600 1726 666 auditorum
1757 603 1927 687 presentia
1953 602 2030 666 viva

371 730 462 791 voce,
486 709 571 796 quod
594 709 700 795 parati
721 714 815 774 erant
838 709 884 774 sic
907 709 1024 787 iurare,
1048 728 1086 772 ao
1110 728 1154 772 ex
1176 711 1269 791 parte
1291 706 1396 791 ipsius
1413 704 1573 770 Eliderici
1595 706 1825 792 purgationem
1841 705 2030 771 huiusmodi

371 813 532 879 obtulere.
1609 873 1613 879 .

479 915 552 979 Hiis
575 915 687 999 itaque
710 915 805 979 nobis
828 935 888 1000 per
910 913 1076 978 auditores
1100 912 1234 978 eosdem
1249 912 1392 977 fideliter
1407 912 1552 978 recitatis
1568 919 1602 977 et
1622 912 1837 978 instrumento
1854 918 1888 979 et
1908 913 2030 978 litteris

371 1020 506 1106 prefatis
530 1019 680 1097 ostensis,
705 1017 878 1082 manifeste
902 1017 1127 1102 comperimus,
1152 1015 1240 1101 quod
1261 1015 1449 1080 huiusmodi
1473 1015 1672 1081 examinatio
1695 1015 1805 1080 fuerat
1827 1037 1886 1102 per
1908 1037 2030 1102 magne

373 1123 629 1210 presumptionis
646 1121 826 1200 audaciam,
840 1141 914 1185 cum
931 1120 1028 1185 iidem
1042 1120 1284 1185 examinatores
1301 1119 1423 1183 nullam
1441 1140 1540 1206 super
1553 1119 1616 1184 lroc
1628 1125 1828 1206 potestatem
1840 1119 2030 1193 habuerint,

372 1232 578 1312 attemptata,
603 1247 664 1290 nec
688 1232 758 1289 crat
780 1224 939 1310 prefatisb
962 1225 1178 1289 instrumento
1202 1230 1236 1287 et
1258 1224 1385 1304 litteris,
1409 1244 1484 1289 cum
1500 1224 1533 1287 in
1549 1223 1598 1288 eis
1616 1230 1650 1288 et
1665 1223 1757 1288 bulla
1771 1224 1845 1308 ipsa
1860 1222 2031 1288 diceretur

371 1330 457 1394 idem
479 1329 663 1394 Fridericus
685 1330 862 1415 imperator
885 1335 918 1394 et
940 1350 1011 1407 rex,
1035 1349 1094 1414 per
1117 1327 1204 1413 quod
1227 1327 1333 1393 dictus
1357 1327 1545 1392 scriniarius
1570 1327 1617 1391 sic
1641 1327 1672 1392 ei
1696 1325 1837 1391 favendo
1862 1328 2027 1391 vinculum

373 1432 716 1498 excommunicationis
746 1433 942 1512 incurrerat,
975 1431 1057 1495 fidos
1088 1431 1294 1517 aliquatenus
1324 1429 1520 1495 adhibenda.
1566 1429 1636 1494 Nos
1665 1429 1751 1496 enim
1782 1428 2027 1494 adnotandum

372 1538 479 1623 ipsum
503 1543 690 1623 suspectum
713 1536 747 1599 in
771 1535 885 1600 eodem
909 1535 1047 1600 concilio
1067 1534 1108 1599 de
1125 1534 1203 1598 vitio
1227 1535 1373 1599 heretice
1397 1533 1568 1619 pravitatis
1585 1554 1628 1599 ex
1644 1533 1797 1598 violentis
1821 1540 1854 1598 et
1876 1535 2027 1602 notoriis.

372 1661 435 1725 que
459 1647 572 1705 contra
593 1639 691 1704 fidem
715 1659 774 1724 per
795 1638 992 1703 evidentiam
1015 1639 1079 1702 iam
1103 1637 1302 1718 ostenderat,
1326 1637 1529 1722 argumentis
1544 1637 1625 1701 moti
1640 1656 1701 1701 nec
1721 1636 1884 1702 immerito
1906 1637 2028 1703 fuimus

371 1750 485 1809 eontra
508 1765 599 1821 eum,
633 1743 776 1807 maxime
800 1742 898 1807 cum²
920 1742 1007 1807 idem
1032 1742 1233 1818 Friderious,
1264 1748 1331 1806 tam
1354 1763 1374 1806 a
1397 1760 1522 1806 canone
1547 1761 1644 1827 quam
1673 1739 1715 1805 ab
1739 1739 1871 1805 homine
1895 1747 1930 1806 et
1950 1763 2026 1827 pre·

372 1846 465 1931 cipuc
489 1868 509 1911 a
531 1847 638 1911 felicis
661 1846 896 1911 recordationis
921 1845 1082 1931 Gregorio
1111 1867 1198 1932 papa
1225 1845 1461 1932 predecessore
1492 1852 1605 1911 nostro
1627 1837 1777 1932 pluribus
1800 1847 2027 1911 excommuni-

372 1950 537 2014 cationum
568 1951 739 2015 sententiis
769 1950 960 2030 inuodatus,
992 1950 1109 2015 fecerit
1141 1949 1175 2013 in
1203 1955 1425 2037 contemptum
1453 1950 1594 2015 clavium
1621 1949 1685 2014 sibi
1714 1949 1873 2016 celebrari
1902 1949 2024 2025 divina,

371 2059 523 2139 patenter
538 2073 690 2119 assereus
708 2074 743 2118 se
765 2052 886 2140 prefati
903 2052 1056 2138 Gregorii
1080 2053 1260 2117 sententias
1277 2074 1341 2117 uon
1357 2054 1473 2134 vereri,
1497 2074 1578 2139 quas
1593 2073 1658 2117 non
1675 2053 1782 2118 solum
1798 2073 1863 2119 non
1883 2055 2029 2119 servarit

372 2156 430 2220 sed
462 2155 630 2221 mandavit
661 2157 761 2222 etiam
791 2157 832 2222 ab
864 2157 956 2221 aliis⁰
982 2178 1048 2221 non
1078 2157 1218 2231 servari;
1253 2155 1400 2241 aliasque
1432 2156 1623 2221 coniunctus
1658 2155 1803 2221 amicitia
1836 2156 2028 2223 detestabili

372 2259 571 2340 Sarracenis,
595 2260 677 2324 ritus
700 2281 813 2324 corum
834 2261 1056 2346 complectens
1072 2281 1110 2324 ac
1126 2260 1253 2344 aliquos
1270 2281 1312 2324 cx
1329 2259 1377 2323 eis
1397 2260 1431 2323 in
1448 2258 1621 2325 cotidianis
1637 2259 1707 2324 eius
1724 2259 1892 2346 obsequiis
1915 2282 2028 2327 secum

370 2370 497 2445 tenens,
522 2365 655 2427 nuntios
679 2363 808 2429 soldani
823 2363 1006 2444 Babilonie,
1028 2369 1203 2450 postquam
1226 2361 1313 2426 idem
1338 2361 1502 2444 soldanus,
1527 2383 1601 2428 cum
1623 2383 1686 2448 quo
1709 2363 1814 2430 dictus
1829 2362 2028 2444 Friderieus,

370 2473 468 2553 prout
483 2467 586 2552 ipsius
604 2466 731 2531 soldani
747 2467 864 2531 litteris
880 2488 986 2552 nuper
1002 2466 1199 2552 accepimus,
1223 2486 1243 2529 a
1262 2471 1410 2550 tempore
1426 2466 1530 2550 patris
1547 2464 1695 2531 eiusdem
1711 2466 1840 2532 soldani
1856 2467 2026 2533 familiari·

371 2578 473 2636 tatem
489 2577 521 2634 et
536 2569 747 2635 dilectionem
770 2577 917 2635 mutuam
937 2578 970 2635 et
987 2569 1192 2635 concordiam
1214 2567 1395 2655 perfectam
1412 2568 1534 2634 habere
1550 2568 1763 2653 dinoscitur³,
1785 2570 1889 2636 Terre
1906 2569 2028 2637 Sancta

371 2676 498 2740 eteius
522 2674 764 2739 habitatoribus
788 2674 980 2739 Christianis
1012 2695 1069 2760 per
1097 2695 1133 2738 se
1165 2695 1203 2738 ac
1235 2694 1311 2737 suos
1341 2671 1483 2758 dampna
1510 2673 1704 2759 gravissima
1727 2680 1760 2739 et
1783 2674 2029 2740 inextimabiles

370 2778 505 2843 iniurias
527 2777 700 2862 irrogarat,
724 2777 863 2843 feceritd
885 2799 944 2863 per
966 2799 1104 2863 regnum
1121 2777 1231 2842 Sicilie
1256 2798 1329 2842 cum
1352 2776 1505 2842 laudibus
1529 2777 1571 2842 ad
1594 2777 1744 2843 eiusdem
1767 2779 1895 2844 soldani
1920 2779 2028 2845 extol·

370 2880 505 2946 lentiam
527 2881 704 2946 honorifice
728 2882 849 2976 suscipi
873 2889 906 2948 et
929 2883 1101 2968 magnifico
1128 2882 1310 2968 procurari;
1342 2882 1478 2947 aliorum
1501 2881 1601 2946 ctiam
1623 2882 1806 2948 infidelium
1832 2883 2029 2970 perniciosis

371 2991 404 3050 et
435 2986 607 3052 horrendis
638 2987 805 3072 obsequiis
837 2994 951 3052 contra
979 2987 1094 3053 fideles
1125 2988 1281 3066 abutens,
1305 2986 1385 3065 illis,
1416 2986 1471 3072 qui
1501 2985 1755 3074 dampnabiliter
1782 2986 2028 3072 vilipendentes

370 3090 583 3175 apostolicam
611 3091 724 3156 sedem
748 3093 789 3156 ab
820 3091 945 3156 unitate
969 3091 1109 3157 ecclesie
1134 3091 1356 3155 discesserunt
1366 3099 1390 3168 ⁰,
1420 3089 1619 3175 procurarit‘
1639 3088 1799 3156 affinitate
1822 3110 1861 3154 ac
1884 3089 2031 3154 amicitia

371 3193 527 3279 copulari.
577 3193 718 3281 Propter
745 3216 808 3281 que
838 3202 872 3260 et
894 3195 959 3259 alia
982 3201 1136 3260 contenta
1158 3195 1191 3259 in
1214 3193 1362 3279 predicta
1386 3193 1564 3274 sententia,
1594 3215 1658 3279 que
1685 3193 1727 3259 ad
1750 3213 1889 3281 presens
1913 3193 1957 3257 ob
1979 3194 2029 3258 sui

370 3297 592 3381 prolixitatem
616 3299 813 3379 omittimus,
843 3298 949 3364 dictus
972 3297 1161 3363 Fridericus
1191 3304 1243 3362 est
1271 3297 1408 3362 heretici
1439 3296 1599 3362 vocabulo
1628 3296 1807 3363 secundum
1839 3297 2029 3362 sanctiones

369 3399 535 3484 legitimas
559 3400 808 3487 nuncupandus.

478 3503 548 3568 Nos
570 3504 680 3588 igitur,
704 3505 943 3591 protestatione
962 3506 1133 3590 premissa,
1157 3504 1242 3590 quod
1260 3525 1319 3591 per
1334 3504 1396 3569 hec
1412 3502 1560 3590 predicte
1576 3504 1740 3569 sententie
1755 3509 1868 3568 contra
1884 3503 2028 3569 eundem

369 3607 572 3672 Fridcricum
596 3608 679 3687 late,
709 3628 806 3695 quam
837 3609 963 3673 firmam
987 3615 1020 3674 ct
1049 3608 1200 3674 stabilem
1230 3628 1423 3695 permanere
1452 3606 1619 3688 volumus,
1648 3607 1771 3672 nullum
1802 3605 1925 3673 debeat
1952 3629 2028 3695 pra-

370 3710 523 3776 iudieium
550 3711 720 3795 generari,
752 3711 887 3777 cosdem
911 3713 1167 3794 examinatores,
1196 3733 1261 3776 non
1284 3717 1440 3797 tanquam
1463 3716 1693 3796 procuratores
1716 3710 1769 3776 val
1792 3710 1943 3793 nuntios,
1975 3712 2030 3798 qui

371 3813 412 3879 de
439 3820 530 3878 tante
562 3815 817 3900 presumptionis
842 3835 981 3880 excessu
1004 3815 1119 3880 merito
1141 3815 1249 3900 puniri
1271 3814 1466 3895 debebantss,
1495 3820 1605 3880 astare
1627 3814 1764 3879 fecimus
1787 3833 1897 3879 coram
1919 3815 2030 3892 nobis;

371 3916 489 4002 quibus
511 3917 544 3979 in
560 3915 694 3980 nostra¹¹
717 3915 763 3981 cti
782 3916 920 3981 fratrum
942 3924 1128 3983 nostrorum
1144 3938 1183 3982 ac
1200 3919 1376 3982 multomm
1393 3917 1529 3982 aliorum
1545 3917 1756 4003 prelatomm,
1780 3919 1836 4004 qui
1852 3918 2028 3984 uobiscum

2082 3011 2106 3048 Ἢ»

370 4025 478 4098 erant,
509 4020 675 4104 presentia
698 4021 900 4102 constitutis,
925 4041 999 4101 nos,
1023 4021 1208 4086 huiusmodi
1232 4021 1511 4086 examinationem
1534 4026 1569 4085 et
1591 4020 1834 4106 purgationem,
1865 4042 1940 4088 oum
1964 4045 2028 4090 nec
2092 4045 2104 4080 ε

371 4122 427 4187 ubi
449 4142 511 4188 nec
536 4122 576 4187 de
600 4123 718 4207 quibus
741 4144 848 4209 neque
873 4146 982 4189 coram
1014 4126 1130 4211 quibus
1153 4125 1283 4207 debuit,
1312 4131 1504 4211 presumpta
1533 4123 1644 4205 fuerit,
1673 4143 1746 4188 cum
1773 4124 1872 4191 iidem
1900 4128 2026 4193 axami-

371 4233 502 4291 natores
533 4234 567 4293 et
594 4248 707 4292 eorum
739 4229 973 4314 consanguinei
1002 4229 1066 4294 sint
1093 4229 1134 4294 de
1163 4230 1266 4316 ipsius
1298 4230 1389 4295 curia
1424 4249 1484 4294 seu
1518 4229 1588 4293 eius
1623 4229 1795 4315 potestati,
1831 4229 1891 4295 sad
1918 4233 2027 4297 verius

370 4331 536 4416 tyrannidi
560 4352 628 4412 suc,
659 4333 809 4415 subiecti,
831 4333 1020 4414 illusoriam,
1045 4341 1141 4420 prout
1165 4340 1227 4415 est,
1251 4341 1285 4400 et
1307 4333 1458 4399 frivolam
1480 4337 1682 4418 reputantes,
1705 4333 1811 4419 ipsam
1833 4332 1874 4399 de
1898 4335 2027 4421 predic-

369 4441 476 4499 torum
493 4435 628 4499 fratrum
643 4442 676 4500 et
691 4436 892 4521 prelatorum
908 4438 1045 4502 consilio
1059 4437 1264 4503 decrevimus
1280 4437 1405 4503 irritam
1421 4443 1455 4502 et
1469 4436 1611 4518 inanem,
1627 4456 1819 4524 processum
1835 4439 2026 4506 eorumdem

370 4539 631 4604 examinatomm
655 4559 755 4626 super
776 4539 838 4604 hiis
860 4547 1087 4628 presumptum
1110 4541 1241 4628 penitus
1264 4540 1482 4627 reprobando.
1529 4539 1637 4626 Super
1660 4560 1711 4622 eo,
1735 4539 1821 4626 quod
1845 4540 1931 4606 idam
1953 4542 2024 4608 Fri-

369 4641 499 4708 dericus
520 4641 639 4707 obtulit
661 4663 761 4729 super
783 4644 968 4729 suspicione
992 4644 1141 4730 predicta
1164 4645 1198 4709 in
1220 4645 1388 4731 presentia
1408 4651 1521 4709 nostre
1541 4644 1574 4709 in
1596 4644 1669 4709 loco
1686 4643 1805 4710 idoneo
1822 4665 1858 4710 se
1873 4666 2026 4732 purgare,

370 4745 448 4811 licet
474 4745 561 4811 idem
589 4766 688 4831 super
719 4745 780 4811 hoc
810 4752 945 4833 propter
975 4767 1090 4813 causas
1122 4749 1307 4834 assignatas
1340 4747 1491 4834 superius
1520 4745 1704 4812 audiendus
1730 4768 1797 4813 non
1826 4757 1929 4830 esset,
1961 4769 2027 4815 nou

474 5040 498 5105 ⁸)
517 5042 685 5109 suspensione
703 5040 740 5093 Η.
752 5040 784 5092 Β.
876 5039 902 5106 ¹³)
921 5044 1019 5109 prefato
1037 5042 1073 5094 H.
1086 5042 1118 5095 B.
1215 5043 1239 5106 ⁰)
1258 5042 1294 5093 H.
1307 5042 1356 5102 B.;
1376 5043 1409 5094 ab
1426 5043 1484 5094 aliis
1502 5042 1571 5095 deest
1588 5042 1673 5110 Rogas.
1770 5040 1797 5110 d)
1816 5043 1852 5096 H.
1864 5043 1915 5105 B.;
1933 5048 2027 5098 fecerat

370 5125 455 5194 Roga.
561 5127 584 5194 Θ)
602 5127 639 5179 Η.
654 5127 700 5189 Β.,·
723 5128 893 5180 discesserunt
915 5128 999 5196 Royn.
1107 5126 1181 5192 slfl.
1201 5129 1249 5187 B.;
1276 5136 1424 5197 procurarat
1442 5127 1526 5195 Rapa.
1637 5127 1664 5189 Β)
1683 5129 1719 5180 H.
1736 5129 1784 5191 B.;
1810 5131 1922 5182 debeam
1940 5130 2026 5197 Royn.

370 5211 396 5279 h)
414 5214 496 5266 nostri
513 5213 550 5265 Η.
562 5214 594 5266 Β.
683 5212 700 5279 ¹)
719 5214 755 5266 Η.
769 5213 816 5274 Β.,·
832 5222 859 5266 st
876 5214 944 5267 deest
962 5214 1047 5282 Rapa.

474 5349 501 5415 1)
521 5347 636 5402 Littera
659 5353 685 5402 et
707 5347 913 5402 mammetem
929 5365 987 5403 noa
1008 5354 1160 5417 suffocat.
1197 5347 1265 5402 Crem
1285 5348 1491 5403 matraountam
1508 5364 1558 5418 por
1580 5349 1753 5405 εονίπίαήαηι
1770 5349 1901 5406 mcum
1917 5349 2027 5407 dieseos

369 5434 514 5501 marim
531 5449 584 5488 casa
600 5434 725 5504 macnus,
744 5433 773 5487 id
789 5452 815 5489 a.
834 5441 904 5504 1246,
923 5434 989 5490 Dec.
1006 5435 1133 5505 amptum
1150 5434 1266 5503 videtum·
1287 5433 1334 5489 hoc
1350 5435 1420 5490 mim
1436 5450 1522 5490 masse
1538 5436 1688 5505 impostor,
1709 5436 1812 5492 Pasa
1829 5438 1921 5494 meas
1938 5444 1963 5493 et
1976 5455 2028 5508 per

373 5518 855 5576 MemoaBordontaiaTuscium
882 5520 1002 5588 mesu,
1031 5520 1341 5590 Gronaumprofectus
1364 5526 1414 5591 cst,
1441 5522 2028 5595 quemammodum&

370 5604 401 5670 er.
421 5605 654 5673 Boane-mear,
672 5607 689 5660 1.
700 5622 721 5661 e.
734 5613 805 5675 sera,
823 5613 897 5679 sors,
915 5614 988 5664 ssu.
1091 5609 1120 5677 a)
1141 5608 1183 5675 oa
1197 5625 1226 5679 p.
1246 5614 1286 5664 aa
1390 5609 1418 5679 a)
1438 5608 1477 5676 oc
1495 5625 1525 5664 a.
1544 5616 1597 5665 rsa

2079 5224 2106 5263 45
