4328 6232
413 336 507 391 XVlll
1139 338 1356 396 PRAEFATIO.

415 516 540 589 Ourncs
568 519 730 609 epistolas
755 520 854 609 iscipu
882 521 983 591 datas
1011 544 1087 591 crim
1113 521 1328 609 editionibus,
1355 521 1385 591 si
1412 543 1498 612 quiae
1524 545 1645 592 caraem
1670 522 1784 611 factare
1809 531 1899 613 arnt,
1927 527 2072 597 corrtrdi·

412 661 499 726 mus,
527 639 598 712 loco
619 642 737 733 prinae
764 665 840 714 cerm
866 664 916 733 aa,
944 666 1046 733 aream
1073 641 1119 713 Ε.
1137 643 1275 732 Berper
1296 641 1500 733 publicauit,
1530 649 1601 713 trem
1626 666 1701 713 mma
1730 643 1842 732 aliis¹,
1869 645 1959 719 iuter
1985 670 2074 738 quas

415 783 490 851 eos,
525 784 612 852 queas
646 769 801 855 scomptos
831 787 872 834 en
912 764 1115 834 authenticis
1146 764 1378 853 coprcouimus,
1415 786 1548 855 semper
1588 763 1834 842 adbibuimus².
1896 765 2103 840 Lectiones,

416 881 564 954 alicuius
593 887 763 973 momenti,
791 908 878 976 accire
898 884 1038 956 dormitm
1056 885 1239 972 mouebant,
1258 907 1335 956 curn
1352 883 1508 975 Rupestis
1527 887 1637 956 (tenuo
1659 888 1912 978 conparandas
1936 892 2074 960 curaci-

413 1026 500 1090 mus,
529 1011 560 1074 et
587 1028 662 1076 erem
688 1008 790 1076 etiam
817 1006 856 1076 in
883 1006 1106 1096 opoprapbis,
1144 1028 1231 1095 arcos
1262 1006 1412 1097 scnptas
1442 1029 1484 1076 eu
1517 1006 1720 1078 editionibus
1746 1008 1975 1096 conferendas
2000 1011 2073 1083 Ro·

414 1147 507 1195 mam
532 1127 699 1213 misimus,
727 1126 813 1215 loca,
842 1150 928 1217 quae
954 1126 1061 1197 darbia
1087 1125 1184 1195 nobis
1209 1125 1423 1217 uidebantur,
1450 1128 1629 1199 abentioni
1648 1151 1776 1215 eorsum,
1805 1131 1864 1220 qui
1890 1153 1929 1202 ca
1955 1154 2072 1222 recop-

416 1246 612 1337 noscebant,
641 1248 730 1318 arabs
758 1247 897 1320 adiectis
929 1247 1295 1335 commendaverimus,
1329 1247 1429 1317 uerba
1457 1248 1676 1339 Repestorum
1706 1251 1853 1340 fideliter
1886 1276 1948 1324 nos
1975 1253 2074 1342 infra

416 1367 607 1439 reddidisse
633 1369 822 1456 erudiemus,
857 1369 896 1439 in
930 1392 994 1459 areo
1028 1391 1090 1440 eros
1125 1367 1270 1438 editione
1296 1367 1339 1437 ab
1366 1367 1412 1439 E.
1431 1365 1565 1459 Beroen
1590 1370 1687 1458 facto
1716 1371 1910 1463 plurimum
1937 1375 2075 1445 adiutos

416 1509 486 1559 csse
512 1491 626 1560 areium
649 1497 749 1581 prato
775 1491 981 1579 corubitana-ur.

519 1626 565 1698 In
591 1632 659 1718 fine
685 1629 788 1699 bicisus
814 1652 944 1720 qimam
972 1629 1152 1700 uolnerniuis
1177 1629 1346 1718 quesitam
1377 1626 1536 1718 epistolas
1562 1628 1712 1701 ineditas
1738 1632 1959 1722 addidimus,
1987 1657 2075 1725 pirae

415 1744 449 1814 in
481 1747 634 1839 Repestis
668 1772 734 1821 nore
771 1750 928 1840 teneratur·
960 1749 1160 1820 subteriori
1192 1755 1229 1818 ut
1263 1770 1443 1838 speronius
1478 1756 1634 1839 acceptae
1660 1757 1778 1839 errint;
1816 1776 1962 1842 quaeram
1990 1779 2073 1847 apo·

413 1872 552 1961 proptia
587 1878 647 1942 aiot
683 1872 722 1942 in
758 1877 931 1962 appruerat-a
958 1867 1140 1942 Societatis
1169 1869 1359 1940 invenimus
1386 1874 1445 1938 aad
1471 1869 1508 1938 V.
1534 1868 1585 1940 Ol.
1604 1870 1651 1944 Ε.
1677 1870 1921 1946 Wia-lceluranu
1947 1873 2072 1946 libera·

417 1989 495 2063 liter
522 1992 620 2064 nobis
645 1993 811 2085 posuerit.

521 2167 674 2257 lienique
697 2168 787 2240 sicut
814 2169 852 2238 in
878 2174 964 2238 terrm
989 2168 1104 2256 primo
1131 2165 1301 2255 qriasdom
1326 2163 1500 2255 sonandas
1520 2165 1779 2256 perscribimus,
1807 2189 1894 2258 quae
1920 2168 1958 2237 iu
1985 2191 2071 2239 oroa-

415 2286 525 2358 nnllis
553 2288 703 2380 epistolis
727 2289 828 2377 infra
850 2288 1039 2380 propositis
1065 2288 1217 2373 irrteprae
1242 2286 1343 2355 datae
1369 2308 1436 2355 riou
1463 2291 1558 2357 sunt:

528 2425 555 2486 1.
589 2421 784 2507 Apostoliee
816 2419 903 2484 sedis
933 2418 1120 2501 benignitas
1149 2422 1308 2480 consueta
1332 2417 1378 2480 sic
1401 2418 1518 2481 merita
1547 2437 1758 2503 personarum
1786 2418 1923 2503 provida
1947 2419 2073 2485 delibe-

423 2525 548 2587 ratione
572 2523 744 2605 discernit,
772 2529 809 2588 ut
832 2545 903 2602 eos,
933 2522 986 2606 qui
1010 2522 1190 2584 litterarum
1215 2521 1353 2584 seientia
1376 2541 1561 2585 aemorum
1586 2541 1624 2584 ae
1647 2521 1779 2606 generis
1803 2522 1974 2588 nobilitate
1998 2546 2074 2610 pre·

421 2627 560 2706 cellunt,
584 2627 704 2691 favoris
728 2629 836 2711 gratia
859 2627 974 2691 efferat
996 2626 1166 2711 amplioris
1191 2630 1224 2689 et
1247 2624 1422 2689 maioribus
1446 2623 1577 2689 studeat
1599 2624 1768 2688 beneficiis
1792 2625 1962 2694 honorare.

521 2733 551 2795 2.
587 2731 778 2818 Apostolice
803 2731 892 2795 sedis
923 2730 1110 2814 benignitas
1139 2730 1265 2793 sineere
1291 2727 1541 2813 obsequentium
1564 2735 1640 2792 vota
1667 2728 1811 2793 fidelium
1841 2731 1954 2796 lavore
1979 2731 2074 2797 beni-

420 2833 492 2896 volo
517 2837 671 2920 prosequi
696 2835 922 2900 consuscitat
949 2833 1076 2897 illorum
1100 2855 1272 2919 personas,
1305 2854 1384 2917 quas
1412 2834 1446 2896 in
1471 2855 1531 2897 sua
1559 2832 1734 2911 devotione
1758 2842 1925 2920 promptas
1950 2836 2075 2900 invenit

421 2937 659 3018 oblatrantes,
684 2937 879 3024 quibusdam
902 2936 1006 3000 titulis
1030 2935 1199 3000 decentius
1223 2936 1389 3001 decorare.

524 3044 555 3108 3.
591 3041 663 3107 Etsi
700 3041 886 3106 coniunctio
921 3040 1038 3126 copule
1074 3041 1252 3124 coniugalis
1284 3041 1316 3104 in
1348 3047 1464 3126 quarto
1498 3041 1791 3125 consanguinitatis
1821 3042 1874 3105 vel
1904 3044 2074 3110 affinitatis

421 3146 524 3230 gradu
563 3147 664 3209 sacris
701 3147 742 3210 sit
771 3145 949 3210 canonibus
973 3144 1165 3224 interdieta,
1200 3144 1334 3231 provide
1372 3151 1482 3209 tamen
1511 3165 1609 3230 super
1638 3144 1702 3208 biis
1733 3145 1895 3210 interdum
1927 3147 2076 3214 Romana

423 3249 593 3336 dispensat
616 3252 772 3328 ecclesia,
797 3249 939 3314 maxime
964 3270 1037 3312 eum
1061 3268 1181 3333 urgens
1205 3249 1386 3313 necessitas
1409 3248 1462 3312 vel
1486 3247 1621 3312 evidens
1645 3248 1770 3312 utilitas
1794 3247 1826 3311 id
1850 3251 2010 3336 exposcit.

527 3358 557 3418 4.
591 3352 810 3438 Exigentibus
834 3351 1017 3416 devotionis
1042 3357 1151 3416 vestre
1174 3351 1309 3431 meritis,
1332 3352 1414 3416 votis
1431 3351 1551 3416 vestris
1573 3351 1715 3415 libenter
1738 3353 1910 3417 annuimus
1935 3363 1968 3418 et
1991 3356 2075 3441 peti·

420 3458 527 3523 tiones
551 3465 696 3536 vestras,
721 3462 878 3540 quantum
902 3477 975 3520 eum
998 3454 1070 3521 Deo
1093 3477 1285 3541 possumus,
1310 3455 1537 3533 favorabiliter
1560 3454 1765 3522 exaudimus.

525 3567 555 3627 5.
591 3560 675 3633 Quia
695 3561 810 3625 honori
832 3561 973 3625 ecclesie
994 3559 1193 3624 intendimus
1216 3567 1249 3624 et
1273 3567 1462 3645 augmento,
1486 3560 1560 3623 illos
1576 3559 1732 3644 precipue
1749 3559 1907 3624 debemus
1922 3561 2075 3646 prosequi

420 3666 527 3748 gratia
551 3665 705 3752 speciali,
728 3686 787 3750 per
810 3685 892 3748 quos
916 3672 950 3729 et
972 3664 1072 3729 decus
1096 3671 1259 3749 augeatur
1281 3672 1313 3729 et
1335 3666 1458 3729 utilitas
1483 3668 1686 3750 procuretur.

525 3772 554 3834 6.
590 3769 687 3850 bona,
712 3790 775 3854 que
799 3769 1081 3854 impresentiarum
1109 3767 1347 3834 rationabiliter
1370 3767 1544 3855 possidetis
1568 3774 1625 3831 aut
1648 3768 1680 3830 in
1696 3768 1840 3831 luiturum
1863 3768 1958 3833 iustis
1975 3768 2076 3832 modis

421 3874 570 3959 poteritis
593 3871 746 3958 adipisci,
771 3871 831 3935 sub
856 3870 943 3935 beati
960 3871 1049 3936 Petri
1074 3880 1106 3936 et
1129 3881 1243 3937 nostra
1266 3874 1472 3959 protectione
1498 3872 1694 3956 suscipimus
1719 3878 1751 3934 et
1774 3874 1938 3958 presentis
1963 3875 2076 3959 scripti

422 3976 603 4062 patrocinio
627 3974 873 4041 communimus.

526 4082 555 4143 7.
589 4099 654 4142 non
678 4077 830 4142 obstante
848 4078 959 4163 aliqua
981 4078 1193 4164 indulgentia,
1217 4078 1257 4143 de
1282 4100 1346 4164 qua
1370 4080 1400 4142 in
1424 4080 1544 4143 nostris
1568 4078 1686 4142 litteris
1711 4100 1901 4164 expressam
1927 4086 2074 4165 oporteat

422 4181 492 4245 fieri
517 4183 727 4247 mentionem.

526 4289 555 4351 8.
589 4307 652 4349 non
677 4284 829 4349 obstante
854 4285 1086 4349 constitutione
1117 4284 1157 4349 de
1181 4284 1308 4349 duabus
1338 4284 1433 4348 dietis
1458 4284 1547 4348 edita
1570 4285 1602 4348 in
1627 4285 1761 4349 coneilio
1784 4286 1948 4371 generali,
1981 4285 2074 4350 dum-

421 4389 517 4453 modo
540 4390 626 4453 ultra
649 4389 778 4453 tertiam
795 4389 848 4452 vel
869 4395 1018 4474 quartam
1042 4389 1161 4473 aliquis
1186 4395 1281 4452 extra
1305 4409 1397 4452 suam
1421 4388 1575 4453 diocesim
1593 4391 1787 4454 auctoritate
1808 4390 2011 4475 presentium
2035 4390 2075 4455 ad

422 4492 575 4557 iudicium
599 4514 663 4556 non
687 4493 846 4559 trahatur.

525 4601 555 4662 9.
591 4617 655 4660 non
679 4596 830 4661 obstante
855 4597 882 4660 si
906 4618 965 4683 pro
990 4595 1063 4660 aliis
1087 4596 1119 4660 in
1143 4596 1257 4662 eadem
1283 4597 1428 4661 eeclesia
1450 4597 1629 4661 direximus
1653 4598 1774 4682 scripta
1797 4603 1927 4673 nostra,
1957 4594 2075 4680 quibus

422 4702 572 4765 nolumus
596 4701 790 4764 auctoritate
815 4701 1016 4786 presentium
1040 4700 1255 4786 preiudieium
1279 4702 1440 4785 generari.

528 4808 577 4870 10.
611 4805 742 4889 proviso
766 4803 852 4888 quod
875 4804 1037 4868 beneficia
1060 4804 1176 4869 eadem
1201 4805 1319 4870 debitis
1343 4826 1409 4869 non
1432 4805 1624 4871 fraudentur
1646 4805 1812 4890 obsequiis
1837 4811 1870 4868 et
1894 4806 2073 4869 animarum

422 4927 500 4971 eura
522 4908 710 4973 nullatenus
734 4908 932 4993 negligatur.

527 5017 577 5076 11.
612 5013 841 5077 molestatores
865 5018 926 5078 etc.
949 5017 987 5075 nt
1008 5017 1030 5076 t.
1055 5013 1083 5088 I,
1105 5033 1138 5075 n.
1162 5015 1212 5076 18.

530 5121 577 5181 12.
612 5116 768 5200 Alioquin
792 5166 928 5183 .......
953 5115 1066 5181 damus
1090 5118 1209 5181 nostris
1232 5117 1350 5181 litteris
1374 5118 1407 5182 in
1432 5118 1604 5196 mandatis,
1627 5122 1663 5179 ut
1687 5115 1757 5201 ipse
1781 5138 1881 5202 super
1903 5115 1966 5180 boc
1982 5136 2075 5179 man·

422 5220 534 5285 datum
557 5221 774 5307 apostolieum
798 5227 991 5305 exequatur.

714 5383 1275 5389 --—.—-—-.—-———----—--—-——
1477 5381 1860 5390 ..μ-..ᾁ-
1874 5381 1969 5387 —-

526 5481 553 5550 1)
571 5480 750 5536 adtributum
767 5482 845 5536 dmm
861 5481 976 5536 murillo
994 5482 1147 5551 opopropbo
1157 5497 1218 5551 epp.
1230 5480 1400 5550 tantuma,
1418 5497 1486 5550 aime
1500 5481 1530 5536 V.
1545 5480 1585 5536 Ol.
1599 5481 1635 5537 E.
1653 5479 1843 5534 Wininlmann
1860 5478 1935 5532 nobis
1948 5478 2077 5547 penaria

421 5578 528 5642 mmpta
549 5589 582 5628 ae
606 5573 668 5628 (bd.
686 5572 811 5627 l'odiodt.
828 5568 856 5623 J.
873 5575 920 5637 eb,
944 5568 977 5622 in
999 5584 1053 5638 asso
1074 5573 1193 5639 aucupa
1216 5571 1278 5638 Rip.
1296 5568 1473 5625 continentia.
1578 5569 1605 5638 2)
1626 5566 1701 5623 aaa.
1717 5566 1837 5635 cedatne,
1862 5565 1899 5620 od
1915 5582 1983 5636 pras
2000 5564 2078 5631 infra

421 5660 492 5716 nibil
508 5661 704 5728 orandorimus,
723 5674 757 5714 aa
774 5658 840 5728 lttp.
856 5661 1043 5712 maurusam.
