4784 6334
894 415 1093 472 EPIS'l'OLAlll
1111 417 1306 478 saoneres.
1344 423 1419 478 1248.
1926 433 1988 494 425

330 585 527 666 pumturum
560 584 684 649 auriam
721 588 880 667 mrroedat,
919 611 999 672 quae
1033 593 1179 658 euntibus
1211 595 1248 658 iu
1283 594 1400 662 Terrae
1433 597 1568 663 Sanctae
1601 599 1775 665 subsidium
1813 601 1888 665 dar-i
1921 623 1991 668 eon·

334 688 477 752 ereverit.
1649 705 1743 781 1248,
1768 703 1834 770 Oet.
1851 709 1903 770 17.

441 808 505 863 aa
518 809 567 862 ιν
583 809 646 880 sq.
665 811 724 867 mo.
741 813 790 881 vr,
806 815 826 879 s.
840 821 865 881 e,
883 832 911 868 a.
924 821 980 869 rso.
1013 814 1162 884 amau
1180 817 1295 886 meurs,
1317 819 1392 874 aa.
1410 820 1510 892 ears,
1525 826 1554 890 p.
1570 827 1620 875 aa
1636 821 1796 878 auarum
1812 839 1873 877 cum
1892 824 1955 894 aa.

441 899 573 967 Paeana,
591 899 654 967 aa.
668 905 762 964 reesa·
780 899 876 969 Berua
894 909 965 956 ster.

855 1117 894 1137 ..
925 1063 1135 1156 episcopo
1162 1064 1467 1140 Ambianensi.

444 1196 528 1261 Cum
552 1195 692 1261 dilectus
715 1195 801 1259 filius
823 1193 989 1260 Iohannes
1014 1194 1054 1260 de
1070 1194 1250 1260 Riencort¹
1272 1198 1366 1261 miles
1391 1205 1424 1261 et
1446 1197 1546 1284 Hugo
1567 1201 1653 1264 filius
1677 1203 1746 1266 eius
1770 1210 1826 1269 tue
1849 1203 1990 1271 diocesis

337 1300 407 1364 nelo
429 1299 505 1363 fidei
528 1305 562 1363 et
584 1297 767 1363 devotionis
791 1299 920 1363 accensi
942 1299 1047 1383 parati
1072 1298 1146 1378 sint,
1170 1305 1206 1362 ut
1229 1306 1393 1379 asserunt,
1416 1308 1531 1366 contra
1553 1301 1727 1389 Aquenses
1750 1305 1783 1370 in
1807 1306 1991 1373 subsidium

336 1401 533 1468 universalis
557 1401 694 1467 ecclesio
719 1401 880 1487 proficisci
890 1399 912 1481 ²,
941 1400 1143 1482 mandamus,
1167 1404 1321 1486 quatinus
1345 1402 1482 1485 eisdem,
1506 1405 1704 1472 facientibus
1728 1408 1814 1495 quod
1839 1411 1991 1492 offerunt,

338 1515 373 1576 et
395 1508 469 1588 hiis,
492 1527 572 1593 quos
596 1527 707 1572 secum
729 1506 771 1571 ad
794 1506 854 1570 hoc
876 1505 1011 1570 idoneos
1034 1505 1212 1570 bellatores
1235 1506 1441 1588 adduxerint,
1467 1531 1608 1595 congruo
1631 1512 1678 1576 ibi
1700 1511 1877 1577 secundum
1901 1521 1990 1580 tuam

261 1643 287 1682 so
338 1610 577 1698 providentiam
612 1609 768 1696 temporis
802 1610 909 1695 spatio
943 1611 1133 1690 moraturis,
1172 1611 1260 1675 illam
1295 1611 1456 1678 concedas
1490 1613 1685 1680 auctoritate
1720 1621 1830 1682 nostra
1862 1619 1991 1682 veniam

338 1721 559 1802 peecatorum,
584 1735 647 1799 que
671 1713 742 1778 dari
766 1712 919 1778 euntibus
942 1714 975 1778 in
999 1713 1100 1779 Terre
1125 1714 1244 1779 Sancte
1267 1714 1452 1781 subsidium
1475 1719 1653 1783 consuevit.

447 1834 524 1901 Dat.
547 1834 711 1921 Lugduni,
734 1832 817 1898 XVI
840 1832 914 1899 Kal.
938 1833 1145 1915 Novembris,
1167 1836 1342 1902 annoV10.

961 2077 1374 2088 -—----—--..—-.....

442 2400 660 2494 quoeeutius
674 2426 701 2491 I
703 2426 733 2490 V
742 2447 831 2508 papa
852 2427 944 2492 electo
962 2426 1125 2494 Castreusi
1146 2427 1286 2507 maudut
1308 2433 1344 2492 ut
1365 2430 1505 2511 episeopo
1518 2429 1715 2509 Plooaeeusi,
1736 2430 1777 2496 ab
1799 2431 1991 2511 officialibus

335 2538 366 2600 et
388 2532 574 2619 fautoribus
600 2530 714 2595 Heutii
739 2531 811 2594 auti
836 2530 1033 2615 1⁴⁷[rideu‘ei]
1059 2531 1218 2613 quondam
1251 2533 1450 2616 imperatoris
1478 2555 1499 2598 a
1528 2533 1598 2599 sede
1626 2555 1686 2600 sua
1714 2534 1806 2599 eiecto
1840 2539 1869 2598 et
1902 2534 1992 2599 Mais

258 2671 283 2711 η
335 2639 482 2720 spolaeto,
514 2635 555 2699 ab
584 2634 719 2700 salariis
746 2637 775 2698 et
807 2634 1006 2699 mameteriis
1033 2634 1205 2700 Sardiniae
1233 2637 1269 2700 iu
1301 2641 1423 2701 uuus
1455 2636 1547 2702 libris
1573 2636 1787 2702 Iauruusibus
1819 2638 1989 2702 auuuatim

328 2740 493 2826 moecliari
510 2739 624 2824 faciat,
647 2755 805 2819 quousque
826 2737 870 2801 ad
890 2737 1049 2802 eccluiam
1071 2757 1163 2803 suam
1185 2739 1288 2804 redire
1309 2740 1422 2804 caleat.
1649 2743 1744 2819 1246,
1768 2739 1834 2808 Oet.
1849 2744 1903 2806 21.

440 2859 505 2914 Iau.
519 2860 568 2915 IV
584 2860 647 2928 Rea
665 2859 724 2914 La.
739 2858 786 2926 VI,
807 2858 881 2925 1215,
905 2876 932 2912 u.
952 2864 1010 2914 253.
1047 2859 1195 2928 Eaeuplar
1214 2860 1331 2928 Balueii,
1352 2859 1428 2915 Mire.
1446 2866 1466 2914 t.
1479 2861 1543 2929 VII,
1558 2878 1588 2930 p.
1601 2867 1652 2916 439
1668 2861 1831 2916 contulimus
1847 2863 1908 2916 οἰιπι
1926 2861 1991 2929 aa.

440 2947 568 3015 Pottlsaa,
588 2947 651 3015 Res.
666 2951 764 3014 130585
782 2945 881 3014 Berqer
898 2952 972 3001 4245.

904 3163 911 3179 .
942 3163 951 3181 .
980 3108 1125 3182 eleeto
1155 3106 1421 3182 Castrensil.

260 3275 286 3314 ρο
446 3242 520 3307 Etsi
558 3242 678 3328 passim
717 3243 759 3306 sit
796 3240 996 3327 quibuslibet
1033 3238 1256 3324 indigentibus
1293 3240 1527 3322 miserendum,
1565 3245 1602 3306 ut
1637 3242 1864 3308 misericordes
1902 3243 1989 3308 circa

336 3347 503 3434 proximos
526 3347 707 3411 existentes
731 3346 764 3410 in
787 3344 1022 3409 retributione·
1043 3343 1201 3407 iustorum
1220 3342 1476 3408 misericordiam
1492 3352 1745 3431 consequantur,
1769 3347 1856 3412 circa
1872 3347 1988 3410 iratres

335 3459 446 3517 tamen
469 3456 503 3516 et
526 3451 736 3535 coepiscopos
760 3454 888 3513 nostros
912 3446 1013 3512 debet
1035 3466 1109 3510 esse
1132 3467 1211 3510 eura
1233 3447 1436 3534 propensior,
1460 3454 1494 3513 et
1518 3450 1565 3514 eis
1588 3447 1687 3513 debet
1707 3449 1894 3514 affluentius
1910 3448 1987 3513 sub-

335 3555 450 3634 veniri,
472 3554 528 3639 qui
551 3575 594 3619 ex
618 3553 741 3618 divitiis
763 3553 796 3617 in
820 3557 1002 3637 egestatem
1026 3557 1060 3614 et
1082 3550 1215 3614 exilium
1240 3551 1364 3637 absque
1389 3572 1448 3615 suo
1465 3551 1545 3615 vitio
1560 3550 1751 3616 inciderunt.
1791 3550 1873 3616 Oum
1889 3552 1990 3636 igitur

336 3658 532 3724 venerabilis
555 3657 658 3721 irater
679 3662 794 3720 noster
816 3705 848 3720 ..
874 3655 1048 3741 episcopus
1071 3653 1311 3718 Plovacensis⁴
1333 3654 1374 3718 ab
1399 3654 1594 3719 officialibus
1618 3661 1651 3719 et
1673 3655 1856 3720 fautoribus
1872 3653 1989 3720 Hentii

260 3792 286 3832 es
339 3762 408 3827 nati
430 3761 469 3829 F.
492 3759 655 3847 quondam
678 3759 885 3845 imperatoris
908 3779 928 3822 a
951 3755 1029 3822 sede
1053 3757 1198 3844 propria,
1223 3758 1308 3822 sieut
1331 3759 1464 3834 asserit,
1492 3758 1723 3823 miserabiliter
1745 3758 1788 3823 sit
1809 3757 1933 3823 eiectus
1957 3764 1990 3822 et

337 3865 433 3931 bonis
458 3865 524 3929 suis
548 3863 699 3928 omnibus
722 3862 891 3948 spoliatus,
916 3882 986 3941 nos,
1011 3868 1165 3945 gerentes
1189 3881 1288 3947 super
1311 3861 1373 3925 hoc
1398 3861 1484 3925 eirca
1502 3861 1610 3947 ipsum
1624 3861 1736 3926 debite
1753 3861 1989 3947 compassionis

337 3968 490 4033 allectum
515 3987 554 4030 ac
578 3965 748 4051 cupientes
772 3963 889 4042 eidem,
917 3985 970 4044 ne,
999 3962 1087 4049 quod
1110 3965 1206 4046 absit,
1235 3966 1268 4028 in
1292 3963 1499 4049 obprobrium
1522 3965 1718 4050 pontificalis
1742 3964 1840 4028 officii
1863 3965 1988 4030 mendi-

337 4091 412 4137 care
441 4076 591 4155 cogatur,
623 4089 766 4153 congruo
795 4067 941 4132 remedio
966 4065 1149 4146 subveniri,
1180 4066 1387 4145 mandamus,
1419 4067 1572 4152 quatinus
1597 4067 1704 4132 eidem
1727 4074 1794 4132 tam
1817 4067 1857 4132 ab
1882 4068 1989 4133 archi-

338 4175 500 4260 episcopis
539 4178 573 4237 et
607 4172 770 4257 episcopis
807 4191 904 4255 quam
942 4171 1090 4235 eeclesiis
1126 4176 1160 4234 et
1193 4172 1400 4235 monasteriis
1430 4170 1594 4252 Sardinia,
1633 4193 1653 4235 a
1684 4171 1799 4256 quibus
1833 4171 1989 4257 expedire

338 4277 468 4356 videris,
491 4277 524 4341 in
550 4282 680 4341 eentum
703 4274 794 4339 libris
818 4272 1068 4354 lennensibusl’,
1093 4275 1179 4338 inter
1201 4294 1357 4360 personae
1381 4281 1414 4338 et
1437 4274 1554 4339 eadem
1577 4275 1649 4338 loca
1671 4276 1764 4339 iuxta
1786 4280 1842 4339 tue
1866 4272 1989 4338 discre-

337 4382 435 4447 tionis
458 4379 628 4446 arbitrium
651 4377 939 4465 proportionaliter
962 4375 1156 4456 dividendis,
1181 4397 1349 4462 quousque
1373 4375 1415 4441 ad
1430 4376 1669 4442 Plovaoensem
1686 4376 1860 4442 ecelesiam
1882 4375 1990 4441 redire

336 4486 445 4550 valeat
480 4491 513 4548 et
544 4503 658 4548 secure
693 4481 826 4560 morari,
861 4481 964 4545 iacias
999 4482 1194 4544 auctoritate
1227 4488 1340 4545 nostra
1368 4483 1461 4547 annis
1495 4481 1633 4566 singulis
1663 4479 1827 4566 provideri
1856 4517 1896 4526 —
1925 4501 1991 4545 non

338 4587 542 4654 obstantibus
566 4585 799 4650 constitutione
823 4583 863 4648 de
887 4583 1014 4648 duabus
1039 4583 1134 4649 dietis
1159 4589 1236 4665 eta,
1265 4606 1325 4649 seu
1355 4585 1382 4648 si
1405 4585 1556 4670 personis
1580 4584 1796 4648 eeclesiarum
1820 4589 1854 4648 et
1876 4603 1989 4647 mona-

338 4692 512 4756 steriorum
527 4691 672 4774 ipsorum
688 4711 707 4753 a
724 4688 802 4754 sede
822 4688 1003 4773 apostoliea
1018 4687 1060 4752 sit
1082 4686 1253 4769 indultum,
1277 4689 1362 4774 quod
1385 4687 1426 4753 ad
1449 4689 1672 4774 receptionem
1696 4688 1748 4752 vel
1772 4687 1991 4773 provisionem

261 4823 286 4862 a
339 4795 479 4861 alicuius
507 4792 659 4879 compelli
688 4798 745 4856 aut
775 4789 944 4870 interdici,
977 4790 1132 4878 suspendi
1156 4791 1207 4854 vel
1237 4792 1511 4855 excommunicari
1540 4812 1605 4855 non
1633 4790 1761 4877 possint
1783 4812 1842 4876 per
1865 4791 1991 4854 litteras

338 4898 552 4984 apostolicas,
584 4896 646 4960 nisi
670 4915 863 4981 expressam
885 4894 1024 4958 iecerint
1046 4891 1086 4959 de
1110 4894 1182 4980 ipsa
1205 4893 1409 4978 indulgentia
1431 4893 1647 4966 mentionem,
1671 4894 1723 4958 vel
1747 4893 1894 4978 qualibet
1916 4893 1991 4974 alia,

337 5023 396 5090 per
419 5022 516 5087 quam
538 5005 653 5086 posset
675 4997 826 5084 impediri
849 4996 1032 5063 huiusmodi
1056 4999 1163 5082 gratia
1185 4999 1238 5062 vel
1262 4998 1396 5080 differri,
1419 5022 1477 5070 -;
1500 4995 1754 5062 contradictores
1778 5000 1840 5062 ete.

449 5121 525 5186 Dat.
549 5119 712 5204 Lugduni,
736 5117 804 5182 XII
827 5117 902 5182 Kal.
926 5117 1130 5199 Novembris,
1156 5115 1254 5204 [anno
1270 5115 1399 5206 Vl⁰]⁰³.

442 5382 466 5447 ὓ)
485 5383 678 5434 retributionem
695 5380 742 5442 R.,·
762 5382 796 5448 cf.
814 5399 840 5432 u.
857 5383 912 5431 321.
1011 5376 1036 5443 1’)
1056 5380 1103 5429 lain
1120 5378 1153 5428 R.
1251 5379 1274 5444 ο)
1292 5387 1356 5430 acto
1372 5379 1487 5431 mouet.
1506 5380 1534 5431 iu
1553 5381 1608 5432 loeo
1626 5398 1701 5442 rosor
1724 5397 1792 5433 anno
1805 5379 1856 5430 Vl⁰
1874 5377 1942 5428 deest
1960 5377 1992 5429 R.

261 5537 288 5576 so
445 5521 470 5586 l)
491 5518 640 5572 Rieswourt
657 5533 689 5571 ea
704 5533 754 5570 oea.
772 5515 818 5569 eir.
832 5515 949 5569 anm
1037 5515 1065 5582 2)
1086 5513 1183 5570 Oirdas
1196 5514 1330 5584 Aquauis
1347 5514 1401 5569 Oet.
1414 5523 1445 5570 18
1463 5515 1591 5570 Willdmo
1608 5514 1662 5583 rapi
1678 5530 1706 5569 se
1722 5512 1839 5568 reddidit
1844 5532 1853 5579 ;
1871 5513 1993 5567 Belloues-

340 5605 510 5673 Fielser,l.e.
523 5611 619 5659 4931a.
689 5605 717 5665 3)
731 5601 825 5656 (laeuo
841 5602 959 5670 iuparte
976 5601 1656 5670 aeqdeuuimsalietoeeideutaliirmdaedarrliuiae.
1725 5597 1993 5667 opsequium.

338 5697 366 5763 b)
390 5691 446 5748 Sub
470 5690 525 5745 Oct.
541 5697 575 5744 25
601 5689 720 5757 episeopo
745 5693 769 5742 et
795 5687 911 5754 captato
931 5686 1135 5742 Plorucensibua
1162 5704 1251 5742 omues
1281 5688 1460 5742 armamitaue
1487 5705 1505 5741 a
1530 5685 1662 5742 manua
1681 5683 1853 5753 maiitiam
1876 5691 1902 5740 u
1919 5685 2001 5741 'alias

443 5785 507 5840 ltro.
527 5783 610 5839 Pour.
629 5783 663 5837 ll.
1757 5779 1792 5833 54
