4790 6340
877 423 1076 479 EPISTULAE
1093 423 1282 480 subaerato.
1319 423 1394 478 1247.

1030 727 1032 732 ’
1098 723 1184 798 395.

419 834 637 930 Innocentius
651 863 708 929 IV
721 885 810 946 popo
828 863 1046 951 [Btancbom]
1059 867 1202 948 reginam
1223 866 1384 932 Francos
1405 867 1525 946 wndot,
1547 867 1630 949 qnod
1652 868 1722 948 ipso
1743 888 1774 932 sc
1796 869 1870 934 colit
1891 889 1960 934 cnm

313 967 394 1048 filiis
416 967 483 1031 sois
502 967 675 1050 occinpcre,
697 972 733 1032 nt
757 967 899 1033 ccclesiae
920 969 1098 1047 subveniat,
1120 989 1247 1051 eocnqnc
1268 974 1370 1052 ropnt,
1398 973 1433 1034 ot
1452 963 1650 1051 propositum
1672 991 1762 1036 suom
1783 973 1829 1036 sic
1846 972 1960 1055 iupiter

191 1170 195 1175 Ι
316 1070 447 1135 dedocet
468 1071 505 1133 in
526 1075 734 1153 angmentum,
756 1075 792 1134 nt
813 1071 940 1136 ecclesio
955 1073 1058 1153 possit
1079 1092 1248 1155 reserpere.
1616 1076 1708 1153 1247,
1732 1074 1807 1142 Iun.
1822 1077 1873 1138 17.

421 1191 486 1245 Inn.
499 1191 521 1245 1
523 1191 548 1245 V
562 1191 626 1260 Rq.
645 1191 701 1246 Vct
715 1191 810 1260 Ι,488,·
827 1193 888 1247 Lib.
907 1193 959 1262 IV,
976 1211 1031 1248 ern.
1052 1201 1106 1249 125.
1144 1193 1251 1248 Damna
1269 1211 1303 1248 co
1323 1195 1414 1264 Royn.
1433 1194 1508 1248 Ann
1527 1195 1585 1249 cccl.
1603 1212 1628 1248 a.
1647 1201 1718 1262 1817,
1735 1199 1751 1260 5
1769 1201 1874 1250 15-18.

250 1283 263 1321 ⁵
421 1276 551 1346 Pontion,
568 1277 632 1347 ch.
645 1284 740 1346 18874,
757 1278 855 1348 Boron
874 1283 947 1336 3041.

820 1514 861 1532 ..
888 1458 1054 1532 illustri
1081 1458 1236 1552 regine
1263 1458 1466 1534 Francia.

425 1607 568 1673 Vocibus
599 1608 760 1692 gementis
788 1608 944 1690 ecclesie,
973 1609 1057 1672 siout
1084 1607 1275 1673 confidimus
1311 1609 1454 1673 celorum
1489 1607 1713 1674 intercedente
1751 1609 1878 1693 regina,
1914 1609 1960 1672 sio

317 1713 404 1797 regis
429 1712 532 1777 eterni
556 1712 741 1797 benignitas
765 1733 860 1777 suum
883 1711 1053 1776 inclinavit
1074 1710 1235 1789 auditum,
1265 1719 1315 1792 ut,
1346 1711 1513 1776 carissimo
1542 1711 1576 1774 in
1600 1709 1729 1775 Christo
1758 1711 1824 1775 filio
1849 1719 1959 1776 nostro

316 1816 433 1880 illustri
457 1837 534 1901 rege
558 1837 596 1880 ac
620 1815 746 1880 dilectis
769 1816 844 1880 filiis
866 1816 1032 1881 nobilibus
1055 1816 1132 1880 viris
1156 1816 1337 1893 comitibus,
1361 1815 1446 1880 natis
1470 1815 1545 1896 tuis,
1561 1814 1807 1901 disponentibus
1831 1814 1958 1899 megui-

237 1941 266 1978 ιο
318 1919 415 1983 ficum
440 1919 819 2006 ecclesiejsspersonaliter
841 1925 990 2006 prestare
1014 1941 1213 2000 succursum,
1236 1925 1273 1984 tu
1296 1921 1495 1984 inflammata
1516 1920 1592 2005 igne
1618 1917 1731 1983 Sancti
1755 1917 1895 2005 Spiritus
1918 1918 1959 1982 de

317 2023 408 2108 regio
432 2023 528 2088 corde
550 2025 734 2111 protuleris,
758 2024 845 2110 quod
867 2029 900 2089 te
923 2025 1027 2110 ipsam
1051 2024 1154 2089 velles
1178 2044 1250 2088 cum
1268 2023 1416 2089 exercitu
1440 2022 1482 2088 ad
1503 2024 1566 2088 iter
1581 2023 1762 2107 accingere,
1786 2027 1822 2085 ut
1844 2041 1958 2108 posses

319 2127 459 2193 ecclesie
481 2128 653 2213 magnifice
677 2127 862 2192 subvenire.
906 2126 960 2191 Ex
983 2126 1044 2190 hoe
1068 2127 1165 2202 euim,
1189 2126 1257 2190 filia
1280 2127 1462 2206 carissima,
1487 2147 1552 2190 nou
1575 2126 1680 2190 solum
1704 2145 1764 2190 nos
1788 2130 1822 2190 et
1843 2125 1959 2190 iratres

316 2236 455 2310 nostros,
477 2233 577 2318 plena
599 2231 800 2296 iucunditate
823 2231 990 2318 perfusos,
1020 2231 1079 2295 tibi
1103 2237 1136 2296 et
1158 2231 1234 2295 filiis
1256 2231 1320 2295 tuis
1345 2230 1385 2295 ad
1408 2230 1555 2295 favorem
1577 2235 1772 2314 perpetuum
1795 2227 1959 2313 obligasti,

317 2333 376 2399 sed
393 2335 551 2420 acquisito
575 2335 661 2421 apud
677 2337 824 2403 homines
844 2334 949 2399 laudis
968 2334 1092 2398 stabilis
1116 2342 1150 2399 et
1169 2334 1328 2400 immense
1344 2335 1510 2420 preconio,
1533 2334 1580 2398 sie
1595 2333 1772 2418 benignum
1788 2330 1960 2397 reddidisti

318 2438 517 2504 conditorem
534 2441 687 2521 omnium,
710 2446 747 2505 ut
763 2440 868 2505 anime
885 2447 940 2504 tue
957 2438 1230 2526 compensandam
1252 2438 1380 2526 abipso
1398 2438 1567 2503 credamus
1589 2436 1624 2500 in
1639 2442 1806 2522 posterum
1821 2435 1959 2521 gloriam

316 2563 537 2630 supernorum.
595 2543 676 2607 Cum
709 2549 819 2609 eutem
853 2543 1003 2629 predicta
1033 2544 1174 2609 eeclesia
1202 2549 1324 2630 puncta
1350 2542 1538 2628 frequenter
1569 2541 1792 2627 angustiarum
1826 2538 1960 2617 eculeis,

316 2667 397 2732 quos
419 2646 570 2733 producit
592 2647 723 2713 assidue
738 2646 902 2712 horrenda
920 2647 1104 2732 malignitas
1121 2648 1359 2733 persequentis,
1383 2646 1426 2711 sit
1447 2646 1481 2710 in
1505 2653 1593 2711 statu
1610 2642 1829 2709 conservande
1846 2642 1960 2720 letitie,

315 2771 380 2835 qua
395 2749 503 2814 divine
519 2751 694 2817 elementia
709 2753 813 2838 ipsam
837 2773 896 2837 per
919 2758 1009 2816 tuam
1032 2757 1065 2816 et
1081 2751 1220 2817 filiorum
1242 2757 1370 2816 tuorum
1386 2751 1603 2816 intentionem
1619 2747 1799 2834 piissimam
1815 2746 1961 2812 noscitur

316 2854 512 2938 replevisse,
541 2862 630 2918 tuam
653 2856 864 2921 serenitatem
895 2875 959 2940 qua
982 2876 1156 2941 possumus
1186 2853 1359 2919 effectione
1384 2874 1551 2938 rogamus,
1575 2853 1607 2916 in
1631 2851 1857 2916 remissionem
1882 2871 1957 2936 pec·

238 2984 264 3024 cc
317 2956 479 3022 caminum
498 2957 717 3043 iniungentes,
739 2959 889 3044 quatinus
915 2959 1059 3023 inlusum
1081 2959 1140 3024 tibi
1164 2964 1197 3023 et
1213 2957 1337 3024 eisdem
1352 2958 1426 3022 filiis
1449 2980 1470 3023 e
1485 2957 1557 3024 Deo
1575 2957 1776 3044 propositum
1793 2954 1959 3020 deducens

316 3060 437 3145 iugiter
458 3061 492 3123 in
514 3066 734 3146 augmentum,
758 3060 800 3125 ad
822 3061 884 3126 hoc
907 3083 964 3145 pro
987 3059 1089 3125 divini
1110 3061 1235 3127 honore
1260 3062 1398 3126 nominis
1420 3062 1513 3125 firma
1536 3067 1569 3124 et
1592 3059 1719 3125 stabilis
1737 3058 1900 3138 habearis,
1923 3062 1959 3122 ut

316 3165 362 3228 sie
386 3185 557 3249 resurgere
581 3166 684 3252 possit
706 3166 862 3247 ecclesia,
885 3163 971 3251 quod
994 3164 1098 3251 ipsius
1122 3165 1297 3244 fundatori,
1319 3165 1382 3231 Dei
1405 3165 1490 3246 filio,
1513 3163 1674 3229 redundet
1695 3162 1729 3226 iu
1752 3162 1902 3248 gloriam,
1926 3167 1960 3226 et

315 3266 446 3332 afflictis
476 3267 546 3332 eius
575 3268 648 3334 filiis
678 3269 850 3355 proveniat
885 3273 989 3334 status
1016 3269 1119 3354 gretie
1150 3269 1317 3346 saluteris,
1348 3267 1534 3334 verecundo
1565 3273 1717 3333 manente
1744 3271 1958 3353 persecutore

316 3371 419 3458 ipsius
443 3372 595 3449 ecclesie,
617 3371 693 3436 dum
709 3378 819 3438 mente
835 3373 990 3438 confusus
1006 3372 1192 3453 adverterit,
1216 3372 1303 3458 quod
1327 3374 1402 3437 auls
1425 3373 1518 3457 regni
1534 3372 1682 3447 Francie,
1706 3390 1768 3454 qua
1785 3367 1958 3433 virtutibus

240 3493 265 3534 πε
318 3496 450 3560 semper
472 3474 614 3552 emicuit,
647 3476 689 3540 ed
716 3477 778 3541 hoc
807 3476 906 3541 robur
934 3477 1132 3542 converterit
1154 3497 1212 3542 sue
1235 3477 1396 3564 potentie,
1427 3484 1463 3541 ut
1487 3497 1546 3562 per
1569 3496 1641 3540 eam
1663 3472 1759 3554 fides,
1783 3493 1880 3558 quam
1902 3471 1958 3534 ille

316 3579 477 3644 suffecere
493 3579 616 3659 nititur,
639 3580 673 3644 in
697 3588 783 3646 statu
806 3581 933 3647 decoris
958 3587 991 3645 et
1013 3580 1117 3665 glorie
1134 3585 1357 3647 conservetur.
1404 3579 1568 3661 Ceterum,
1593 3600 1666 3644 cum
1689 3578 1731 3642 sit
1745 3577 1846 3641 nostri
1869 3574 1957 3640 desi-

315 3682 399 3747 derii
427 3687 504 3746 tunc
534 3683 628 3749 nobis
662 3685 802 3770 prestari
840 3683 1039 3764 subsidium,
1073 3684 1202 3769 quando
1235 3683 1415 3750 dinoscitur
1446 3706 1520 3750 esse
1551 3688 1780 3771 opportunum,
1809 3681 1958 3744 volumus

317 3791 442 3866 tamen,
469 3785 556 3871 quod
584 3807 645 3851 uec
667 3787 833 3873 predictus
861 3809 920 3853 rex
949 3788 1002 3852 vel
1025 3791 1059 3851 tu
1083 3793 1140 3852 aut
1163 3786 1280 3874 aliquis
1303 3787 1442 3852 filiorum
1465 3793 1593 3852 tuorum
1615 3806 1674 3874 pro
1698 3804 1853 3850 succursu
1883 3803 1958 3868 pre·

317 3887 433 3953 stando
454 3889 517 3976 ipsi
537 3890 678 3954 ecclesie
702 3912 738 3956 se
759 3891 934 3977 accingant
956 3890 998 3954 ad
1019 3891 1093 3969 iter,
1113 3912 1282 3977 quousque
1307 3912 1407 3978 super
1422 3892 1483 3956 hoo
1501 3891 1563 3955 tibi
1586 3890 1718 3976 stipsis
1741 3909 1800 3974 per
1814 3893 1958 3952 nostrum

241 4007 268 4047 2⁰
319 3993 470 4057 nuntium
493 3993 546 4058 vel
569 3994 728 4079 speciales
750 3995 877 4061 litteras
900 4001 1009 4059 votum
1033 3993 1120 4060 sedis
1144 3996 1325 4082 apostolice
1350 3995 1543 4061 declaretur.

424 4114 499 4180 Dat.
523 4119 691 4202 utsupra.

1060 4415 1063 4422 ¹
1095 4469 1181 4542 cce.

421 4561 637 4657 limniscus
652 4589 708 4656 rr
720 4612 811 4673 papa
830 4589 944 4676 [roro
972 4591 1016 4677 V]
1041 4591 1220 4656 Aranni·
1246 4595 1276 4655 c
1302 4589 1445 4677 [odoni]
1476 4591 1654 4656 ronaco
1681 4585 1961 4673 euanescere

317 4715 349 4760 se
371 4695 494 4774 annio,
516 4715 595 4777 qnoc
615 4694 748 4775 fecerint
767 4699 797 4760 et
817 4716 896 4777 quoe
912 4695 1021 4780 fucere
1036 4697 1227 4778 proponant,
1250 4696 1420 4774 accepturo,
1442 4693 1479 4757 de
1498 4694 1729 4758 retentantem
1745 4691 1961 4777 portatorem

313 4797 528 4884 praesentirem
550 4798 773 4879 beneplacitum
794 4798 966 4864 volontatis
987 4817 1062 4863 snae
1084 4797 1163 4880 ipsis
1183 4797 1330 4863 reoclorc.
1614 4799 1709 4875 1247,
1731 4795 1805 4861 Ion.
1822 4799 1874 4860 17.

241 4927 267 4968 88
422 4917 1091 4988 rnn.1V1teq.Vor.1,ccs,·1no.1V,ac.rec.

421 5003 521 5075 Berpcr
531 5011 604 5060 3042.

317 5181 340 5231 et
354 5179 430 5232 electo
450 5177 653 5232 Torontosiensi
670 5177 759 5232 mnus
773 5177 877 5247 gratim
893 5177 1017 5247 elargitus
1034 5181 1084 5245 cst,·
1102 5177 1200 5244 Bcrpcr
1211 5179 1555 5243 8608,1730-8782,8804
1575 5172 1622 5241 [=
1636 5171 1764 5238 Pottlmet,
1784 5172 1961 5243 Βῳ.18887],

318 5270 391 5333 2813,
411 5270 485 5332 2816,
504 5271 574 5330 2817,
592 5271 669 5321 2868.
686 5294 720 5304 -
742 5264 798 5319 Sol
815 5264 886 5318 Mat.
903 5271 937 5321 30
953 5281 1031 5334 popa
1054 5263 1143 5318 moaci
1167 5261 1365 5317 thdocinnesi
1383 5261 1541 5316 seim
1563 5259 1670 5314 dimotos
1690 5258 1826 5314 nantoil
1848 5259 1961 5327 impera·

318 5356 398 5406 toron
420 5351 549 5406 nnmnsio
568 5351 720 5418 sartorius
741 5351 799 5405 nois
821 5350 981 5421 intermisse,
1004 5355 1035 5402 nt
1056 5349 1132 5416 infra
1147 5349 1296 5418 quindecim
1318 5347 1373 5402 dies
1385 5353 1447 5416 post
1467 5352 1571 5401 moos
1583 5345 1960 5416 pentnostcssi.e.1nn.9]

242 5453 269 5492 ro
314 5439 495 5507 procsnm'mn
515 5455 594 5492 soom
615 5437 690 5506 opud
709 5436 901 5492 &chamoam
921 5436 1098 5508 [Oltambtns]
1115 5452 1175 5490 cnm
1192 5435 1274 5490 cernis
1290 5435 1408 5503 odiret,
1425 5439 1457 5488 nt
1474 5451 1535 5488 cnm
1552 5433 1617 5501 ipris
1634 5431 1919 5501 hocconsentire
1936 5447 1962 5486 sc

315 5529 497 5594 purgaturus,
521 5525 593 5593 nque
609 5523 758 5592 nonciavit,
781 5529 813 5578 nt
828 5523 866 5578 od
877 5524 997 5592 primone
1013 5524 1141 5577 nonnam
1158 5523 1275 5578 cednico
1298 5523 1410 5576 σαυνίων
1426 5520 1577 5575 nornen
1614 5518 1686 5574 Idem
1700 5520 1756 5585 fere
1773 5517 1822 5572 nib
1838 5518 1908 5572 Mei.
1927 5523 1963 5572 88

319 5611 509 5680 ordricpiscopo
526 5610 697 5666 Nortoncnai
714 5609 868 5678 scripserate
887 5609 1015 5678 Pottbort,
1036 5608 1099 5679 Ru.
1112 5615 1199 5678 18688,
1217 5625 1286 5678 quae
1302 5624 1341 5677 ep.
1359 5608 1390 5662 in
1408 5607 1473 5676 lico.
1490 5623 1547 5660 non
1564 5609 1665 5660 man.
1683 5635 1715 5645 -
1734 5604 1797 5658 Inn.
1811 5611 1841 5659 18
1860 5603 1962 5658 Paeneo

319 5699 353 5754 ab
370 5699 524 5767 inunum
539 5695 639 5764 osset,
656 5712 710 5765 qno
727 5694 820 5750 minin
837 5695 906 5751 idere
920 5695 1076 5764 [estinanter
1091 5695 1207 5763 recu&
1224 5691 1455 5763 Bone-mccc,
1475 5693 1491 5748 l.
1509 5708 1530 5747 c.
1550 5697 1637 5748 88888
1654 5696 1678 5746 ct
1695 5707 1766 5760 sequ.

422 5793 485 5848 ltro.
499 5793 579 5847 Porr.
592 5791 627 5846 11.
1721 5786 1756 5841 37
