4790 6340
851 380 1051 446 amaretne
1068 384 1258 448 SEDECTAE.
1294 386 1369 446 rete.

416 686 458 765 P.
487 691 641 766 Sancti
670 686 849 784 Georgii
876 693 930 766 ad
949 691 1097 766 Velum
1124 693 1319 767 Aureum
1347 693 1538 766 diacono
1565 692 1811 782 cardinali,

810 813 1057 906 apostolice
1085 814 1216 888 sedis
1243 814 1423 906 legato⁸.

396 960 478 1026 Cum
502 960 621 1024 dilecta
643 961 675 1024 in
693 958 824 1026 Christo
847 961 915 1026 filia
937 962 1055 1027 nobilis
1078 963 1196 1027 mulier
1219 1010 1253 1027 ..
1277 962 1406 1026 ducissa
1422 962 1577 1027 Austrie¹
1595 983 1693 1048 super
1716 963 1937 1028 contrahendo

292 1065 494 1129 matrimonio
517 1071 663 1128 nostrum
679 1065 863 1150 requisierit
885 1064 1126 1151 beneplacitum
1144 1065 1334 1146 voluntatis,
1358 1087 1430 1141 nos,
1455 1067 1623 1151 cupientes
1648 1087 1721 1130 eam
1744 1066 1803 1130 tali
1826 1068 1936 1130 matri-

229 1192 240 1228 s
294 1168 478 1232 monialiter
511 1168 669 1254 copulari,
702 1169 756 1253 qui
789 1176 824 1232 et
857 1168 907 1232 eib
939 1170 980 1232 sit
1014 1174 1109 1254 aptus
1142 1176 1174 1233 et
1205 1170 1345 1232 ecclesie
1374 1169 1522 1234 Romane
1553 1170 1707 1251 devotus,
1737 1168 1938 1248 mandamus,

294 1267 445 1357 quatinus
475 1271 517 1335 ad
545 1271 801 1336 contrahendum
837 1273 922 1336 inter
954 1273 1059 1358 ipsam
1093 1279 1127 1337 et
1154 1273 1355 1336 carissimum
1384 1274 1417 1336 in
1445 1271 1573 1337 Christo
1603 1273 1704 1337 filium
1734 1280 1881 1338 nostrum
1906 1322 1938 1338 ..

293 1375 452 1440 illustrem
481 1394 592 1458 regem
620 1371 842 1438 Romanorum
871 1375 939 1439 sive
969 1375 1068 1438 alium
1101 1381 1212 1461 aptum
1245 1376 1307 1439 sibi
1338 1382 1372 1440 et
1400 1376 1494 1440 uobis
1523 1376 1677 1441 devotum
1702 1377 1939 1441 matrimonium

294 1477 351 1542 des
375 1499 469 1564 opem
495 1482 528 1540 et
548 1497 682 1562 operam
705 1477 882 1542 efficacem.

397 1596 473 1661 Dat.
496 1596 658 1682 Lugduni,
681 1595 750 1679 XII
773 1595 846 1661 Kal.
871 1598 1053 1680 Februarii,
1076 1619 1161 1662 anno
1176 1599 1232 1664 V⁰.

958 1863 969 1868 -
983 1863 1318 1870 ————--—-—.--—-

1076 2105 1164 2180 481.

220 2263 245 2301 ιο
401 2201 619 2296 Innocentius
651 2228 674 2292 1
679 2225 709 2292 V
732 2249 821 2312 papa
855 2229 1002 2312 neupatro
1035 2234 1065 2293 et
1092 2229 1254 2315 fratribus
1287 2229 1324 2294 cte
1355 2229 1443 2294 domo
1478 2230 1713 2296 Teutonieornm
1745 2234 1781 2296 in
1809 2233 1944 2298 Praescia

295 2334 435 2412 mactat,
458 2336 495 2395 ut
515 2353 583 2398 eum
606 2331 667 2396 sibi
689 2332 862 2396 innotuerit
887 2332 1092 2396 Tartarerum
1116 2334 1284 2397 canatum
1306 2338 1415 2398 contra
1434 2335 1706 2400 Christianitatem
1726 2355 1852 2418 pressus
1873 2355 1945 2400 suos

295 2438 440 2521 diripere,
462 2437 497 2500 id
518 2435 579 2500 sibi
601 2436 787 2517 quantocius
808 2435 963 2503 intiment.
1591 2441 1684 2517 1248,
1708 2439 1783 2505 Ian.
1804 2443 1858 2505 22.

399 2557 462 2610 Inn.
475 2555 524 2610 IV
538 2555 602 2623 Ray.
620 2554 673 2608 Vel.
688 2555 715 2622 1,
726 2563 786 2621 5655
797 2553 857 2609 ne.
876 2554 906 2622 V,
920 2571 977 2608 eru.
995 2561 1037 2610 39.
1076 2555 1174 2609 Peneia?
1185 2557 1318 2624 esemplerr
1329 2556 1490 2610 constatinus
1501 2572 1561 2610 uem
1577 2558 1732 2626 Turqenerii
1744 2558 1826 2612 Roas.
1839 2560 1944 2613 monim.

297 2649 315 2698 t.
335 2643 359 2710 I,
377 2659 404 2710 p.
426 2649 463 2706 70,
481 2641 528 2709 qui
544 2657 583 2710 ep.
599 2641 669 2707 satae
685 2641 736 2693 aab
755 2639 803 2693 IX
819 2639 884 2694 Kal.
905 2639 985 2696 Febr.
999 2642 1146 2710 manmit.

221 2744 245 2781 ra
402 2727 531 2794 Pontou,
552 2725 617 2796 Rea.
636 2732 716 2782 12813
733 2731 757 2778 et
775 2733 866 2793 12819,·
885 2727 983 2796 Berqer
1000 2734 1073 2782 4089.

344 2905 625 2998 ..magistro
654 2911 696 2979 et
722 2907 942 2980 fratribus
972 2907 1026 2980 de
1053 2908 1188 2980 domo
1216 2907 1615 2982 Theotonicorum
1640 2911 1688 2983 in
1714 2911 1902 2984 Pruseie

298 3025 303 3032 '
850 3028 1071 3120 partibus
1098 3027 1397 3102 constitutis

405 3179 487 3243 Ourn
510 3178 640 3244 Danieli
664 3179 733 3263 regi
754 3178 877 3243 Ruseie
900 3178 1019 3242 illustri
1043 3183 1076 3242 at
1100 3225 1107 3242 .
1132 3230 1138 3243 .
1164 3178 1255 3243 fratri
1286 3179 1357 3243 eius
1386 3185 1420 3244 et
1443 3179 1544 3244 nobili
1569 3181 1637 3244 viro
1659 3175 1850 3245 Alexandro
1874 3181 1947 3245 duci

301 3281 527 3348 Susdalieusi²
555 3289 684 3346 nostras
708 3282 834 3346 litteras
857 3281 1043 3366 dirigamus,
1067 3287 1104 3345 ut
1126 3303 1199 3345 oum
1223 3283 1271 3346 eis
1296 3283 1491 3364 eonstiterit,
1515 3282 1600 3368 quod
1616 3282 1827 3348 Tartarorum
1852 3306 1947 3349 exer-

222 3407 248 3445 ro
302 3388 383 3451 citus
406 3407 520 3451 versus
545 3384 821 3449 Christianitatem
843 3385 963 3470 dirigat
986 3407 1120 3470 gressus
1146 3407 1231 3466 suos,
1255 3385 1288 3450 id
1311 3386 1403 3450 vobis
1429 3386 1576 3450 iutimare
1600 3396 1791 3471 procurent,
1815 3396 1852 3452 ut
1874 3409 1948 3452 eum

301 3489 362 3556 hoe
384 3511 444 3575 per
468 3509 524 3552 vos
547 3488 589 3553 ad
611 3488 760 3553 notitiam
784 3495 928 3553 nostram
952 3490 1152 3575 pervenerit,
1183 3491 1323 3573 qualiter
1350 3489 1430 3575 ipsis
1460 3488 1605 3553 Tartaris
1629 3491 1765 3555 viriliter
1788 3513 1862 3556 eum
1885 3490 1948 3555 Dei

300 3595 461 3658 adiutorio
484 3593 686 3672 resistamus,
709 3594 870 3677 possimus
893 3595 1053 3658 maturius
1076 3595 1231 3680 cogitare,
1256 3594 1332 3679 quia
1355 3593 1500 3678 pericula
1523 3598 1660 3678 possunt
1680 3595 1808 3659 facilius
1825 3595 1949 3674 evitari,

302 3700 329 3763 si
352 3705 465 3763 eontra
489 3699 559 3783 ipsa
581 3719 640 3782 per
662 3697 867 3782 providentie
891 3699 1055 3784 clippeum
1078 3699 1275 3762 muniamur:
1300 3696 1502 3778 mandamus,
1526 3697 1679 3782 quatinus
1703 3719 1776 3762 curn
1799 3698 1832 3762 id
1854 3698 1948 3761 vobis

302 3802 478 3866 innotuerit
500 3821 560 3886 per
583 3821 640 3865 eos
663 3801 716 3865 vel
738 3801 882 3887 aliquem
906 3801 1093 3883 eorundem,
1119 3803 1214 3866 nobis
1238 3800 1397 3866 studeatis
1421 3801 1620 3886 quamtotius
1643 3801 1827 3867 intimare³.

223 3951 248 3990 rs
406 3922 483 3989 Dat.
505 3923 669 4008 Lugduni,
692 3923 742 3986 XI
765 3922 841 3988 Kal.
864 3921 963 3990 Febr.
986 3945 1072 3989 anno
1088 3922 1162 3988 V⁰⁰.

921 4183 1330 4192 *—

1083 4426 1171 4504 489.

410 4543 628 4640 Innocentius
649 4571 674 4637 1
677 4569 707 4636 V
720 4593 809 4656 popu
839 4569 979 4636 abbatem
1011 4570 1194 4634 monasterii
1216 4565 1377 4635 Scatonem
1412 4569 1447 4632 in
1472 4569 1609 4636 Wienna
1636 4568 1845 4650 reprehendit,
1873 4567 1955 4649 quod

304 4698 405 4744 eoram
425 4677 610 4762 fautoribus
633 4677 794 4741 Fridcrici
816 4676 973 4758 quondam
996 4675 1194 4755 imperatoris
1215 4673 1327 4738 divina
1348 4674 1556 4754 celebraverit,
1578 4676 1665 4758 eique
1687 4673 1831 4750 nmndm,
1854 4677 1890 4736 ut
1911 4673 1951 4736 ab

304 4781 482 4846 huiusmodi
504 4781 706 4845 celebratione
728 4779 944 4857 scultennam,
967 4779 996 4842 si
1014 4798 1131 4858 penam
1153 4777 1285 4858 effugere
1307 4778 1389 4841 ccl-it.
1602 4781 1695 4857 1248,
1719 4777 1789 4840 Iun.
1815 4779 1868 4844 23.

410 4901 475 4955 Inn.
488 4900 536 4954 IV
552 4899 616 4970 Rep.
635 4899 729 4968 Vas,
746 4909 805 4968 000,·
822 4899 881 4954 Ine.
901 4900 931 4968 V,
948 4915 1004 4954 eur.
1023 4907 1063 4953 41.

227 5007 253 5046 so
407 4987 505 5056 Rerper
522 4993 595 5041 4091.

1197 5111 1204 5116 .
1213 5111 1357 5117 ...--.
1708 5109 1846 5116 --.-.--

410 5200 434 5261 ⁸)
453 5199 542 5250 Eidem
555 5197 597 5260 R.,·
615 5197 741 5249 antecedit
759 5215 785 5248 n.
804 5201 862 5248 488.
967 5193 993 5261 b)
1011 5212 1042 5247 ea
1062 5190 1105 5258 P,
1123 5193 1174 5244 Me.
1279 5193 1301 5258 θ)
1320 5196 1379 5245 Dat.
1397 5201 1427 5246 ut
1444 5211 1522 5262 supra
1540 5193 1571 5246 R.

410 5317 437 5383 1)
456 5315 539 5370 Hanc
553 5315 636 5380 fuisse
654 5313 827 5382 Gertrudarn,
845 5313 952 5368 riderem
970 5311 1114 5367 Wladistcsi
1133 5312 1293 5367 marebmnis
1319 5312 1469 5380 Macrum,
1494 5316 1595 5380 neptem
1614 5310 1751 5379 quasdam
1770 5309 1904 5364 Friden’ei
1923 5311 1961 5364 ΙΙ

307 5401 382 5456 ducis
400 5403 536 5470 Austmue,
553 5418 621 5470 quae
638 5401 722 5456 eodan
734 5419 809 5457 anno
821 5403 979 5457 Hennanne
998 5401 1041 5456 VI
1056 5401 1204 5455 nrardrioni
1216 5400 1338 5454 Budensi
1351 5400 1478 5468 animat,
1490 5415 1522 5454 ere
1533 5417 1560 5452 n.
1571 5405 1622 5452 488
1634 5404 1759 5468 appara
1775 5399 1810 5464 es.
1820 5415 1848 5452 n.
1857 5406 1912 5452 427.
1926 5430 1958 5438 —

306 5489 348 5542 De
365 5488 468 5542 demta
487 5489 617 5542 Anstnae
632 5490 666 5555 es.
684 5505 711 5542 n.
730 5497 786 5544 447.
908 5489 936 5556 2)
956 5488 1003 5542 Ea
1020 5493 1083 5555 sept.
1103 5487 1151 5542 cir.
1170 5487 1290 5540 Mesenae.
1411 5487 1439 5554 3)
1459 5485 1501 5538 De
1522 5483 1610 5537 eaden
1631 5500 1660 5537 re
1682 5485 1715 5544 ct.
1734 5484 1830 5552 Berua·
1850 5491 1918 5538 4008
1936 5490 1960 5537 et

231 5591 256 5630 aa
310 5581 380 5630 4092
398 5598 430 5620 =
450 5574 583 5642 Pottbeet,
607 5574 671 5644 Rea.
691 5583 772 5630 10814
797 5581 819 5629 et
841 5581 930 5631 12810.
978 5575 1116 5644 Epistulae
1137 5590 1181 5642 ap.
1201 5575 1298 5642 Beqqer
1316 5581 1399 5638 4090,
1418 5587 1477 5625 000
1499 5587 1536 5638 ep.
1556 5578 1627 5624 4089
1648 5569 1831 5636 memordanti,
1853 5571 1959 5624 cerbon

309 5659 425 5714 ‘Eidem’
442 5661 599 5730 irescmptrnn
618 5667 661 5716 est.
701 5663 755 5716 Pro
773 5661 913 5716 colodici
930 5679 986 5715 nore
999 5666 1094 5732 potest,
1113 5661 1158 5714 cui
1175 5677 1205 5713 eu
1223 5660 1322 5714 directa
1339 5660 1429 5726 suerit.
