4328 6232
696 381 902 441 EPIS'I'OLAE
921 382 1118 441 SELECTAE.
1153 385 1231 443 1249.
1730 392 1793 455 507

136 560 312 627 ministrari
333 560 405 639 sine
428 557 642 626 diminutione
666 559 776 646 aliqua
799 567 977 647 proventus
992 561 1234 648 prebendarum
1251 583 1383 627 suarum
1401 563 1504 648 ipsius
1520 564 1671 642 ecclesie,
1694 572 1794 650 prout

136 688 179 733 ex
198 665 404 753 indulgentia
425 666 551 731 ratione
575 665 681 730 crucis
704 673 873 752 assumpte
897 666 977 751 ipsis
1002 686 1161 731 concessa
1183 667 1246 731 sibi
1271 674 1461 753 competere
1484 668 1691 749 asserebant,
1722 674 1793 731 orta

136 771 275 837 materia
297 770 492 857 questionis:
517 767 660 849 tandem,
683 768 807 834 eisdem
823 769 970 855 partibus
986 769 1028 833 ad
1043 775 1190 834 nostram
1207 771 1407 856 presentiam
1424 771 1583 851 evocatis,
1605 777 1639 836 et
1655 771 1791 856 quibus-

136 873 211 939 dam
240 873 385 961 ipsorum
415 872 714 958 crucesignatorum
745 872 973 958 personaliter,
1012 871 1208 957 quibusdam
1240 894 1318 938 vero
1352 894 1411 959 per
1440 881 1717 960 procuratorem,
1753 895 1791 938 ac

136 977 236 1043 etism
262 976 459 1064 quibusdam
488 962 633 1063 ipsorum
661 997 726 1041 non
755 976 1055 1061 crucesignatorum
1085 978 1307 1064 personaliter
1336 987 1370 1044 et
1400 980 1595 1064 quibusdam
1625 1001 1686 1066 por
1715 1000 1791 1065 pro-

136 1088 304 1148 curatores
327 1101 404 1147 suos
426 1086 562 1167 propter
588 1081 650 1146 hoc
681 1079 770 1167 apud
801 1080 912 1145 sedem
936 1083 1151 1167 apostolicam
1175 1083 1375 1164 constitutis,
1405 1105 1466 1148 nos
1494 1083 1685 1171 sopiendam
1708 1104 1790 1168 que-

135 1185 273 1251 stionem
299 1182 487 1250 huiusmodi
516 1183 637 1249 dilecto
671 1184 737 1247 filio
765 1190 878 1248 nostro
908 1183 948 1248 P.
972 1183 1245 1273 SanctiGeorgii
1274 1186 1315 1251 ad
1335 1186 1456 1252 Velum
1478 1188 1626 1254 Aureum
1656 1187 1791 1251 diacono

136 1288 294 1355 cardinali
308 1287 462 1353 duximus
477 1286 740 1354 committendam
751 1288 773 1352 ¹.
810 1286 904 1353 Idem
921 1309 998 1354 vero
1020 1289 1205 1372 cardinalis,
1229 1290 1469 1357 deliberatione
1492 1292 1606 1357 habita
1628 1290 1791 1376 diligenti,

138 1414 234 1481 super
256 1392 319 1457 hiis
340 1392 506 1458 intereos
529 1391 570 1458 de
594 1392 730 1479 speciali
753 1391 908 1456 mandato
928 1399 1040 1457 nostro
1063 1395 1175 1460 taliter
1197 1394 1369 1477 ordinavit,
1392 1401 1429 1460 ut
1444 1396 1611 1460 Iohannes
1627 1394 1668 1458 dc
1683 1393 1793 1480 Appia

139 1505 170 1562 et
198 1494 366 1562 Gerendus
397 1495 438 1560 de
466 1496 543 1562 Peis
570 1495 807 1569 archidiaconi,
836 1497 994 1582 magister
1021 1497 1059 1561 L.
1083 1500 1291 1574 scolasticus,
1322 1498 1362 1563 G.
1391 1505 1513 1579 cantor,
1542 1550 1548 1562 .
1574 1550 1581 1564 .
1604 1498 1792 1584 prepositus

137 1599 361 1679 Lovaniensis,
390 1650 423 1665 ..
447 1605 555 1665 custm
586 1598 700 1665 Sancti
725 1599 881 1683 Dionisii,
914 1602 1075 1687 magister
1097 1601 1265 1668 Gerardus
1294 1603 1335 1668 de
1358 1602 1525 1686 Bohaing,
1554 1601 1720 1666 Iohannes
1751 1600 1792 1664 de

138 1702 301 1789 Gothegni
327 1710 361 1769 et
384 1701 507 1789 Symon
536 1702 643 1768 dietus
667 1703 818 1789 Dagores
842 1705 991 1770 canonici
1014 1706 1162 1772 eiusdem
1193 1708 1351 1786 ecclesie,
1383 1713 1531 1792 tempore
1560 1705 1649 1770 uotib
1681 1705 1792 1771 emissi

138 1805 512 1873 commorantcsLeodii
534 1807 622 1871 etin
651 1806 739 1872 dicta
767 1808 910 1873 eeclesia
938 1809 1139 1890 residentes,
1170 1812 1224 1896 qui
1248 1817 1324 1875 vota
1356 1831 1416 1874 sua
1444 1830 1553 1874 coram
1576 1809 1683 1894 Aquis
1716 1814 1793 1873 sunt

138 1911 352 1999 personaliter
375 1911 518 1988 executi,
542 1911 727 1997 percipiant
749 1933 792 1977 ex
814 1934 901 1976 nunc
923 1935 984 1999 per
1006 1914 1182 1979 triennium
1206 1921 1384 2001 proventus
1401 1913 1643 2001 prebendarum
1658 1933 1791 1976 suarum

55 2034 75 2069 r.
138 2015 239 2103 ipsius
268 2015 424 2097 ecclesie,
454 2015 642 2100 ubicunque
669 2015 804 2096 fuerint,
834 2017 979 2102 integre,
1011 2018 1080 2083 sivo
1108 2019 1141 2082 in
1166 2017 1280 2098 blado,
1310 2039 1410 2104 pane,
1440 2018 1530 2097 vino,
1562 2016 1705 2082 denariis
1736 2022 1793 2079 aut

136 2119 386 2186 obventionibus
409 2120 657 2205 quibuscunque
681 2121 876 2199 consistant,
900 2142 940 2186 ea
963 2128 1057 2206 parte
1079 2121 1348 2186 distributionum
1364 2121 1536 2186 dumtaxat
1552 2126 1704 2205 excepta,
1727 2139 1792 2203 que

134 2222 286 2288 consistit
308 2223 341 2287 in
364 2221 522 2303 denariis,
552 2224 608 2308 qui
639 2225 804 2288 canonicis
833 2224 1094 2290 deservientibus
1122 2226 1154 2290 in
1188 2226 1276 2290 horis
1305 2226 1470 2290 canonicis
1499 2230 1532 2290 et
1559 2222 1792 2287 anniversariis

131 2327 343 2395 exhibentur.
387 2326 475 2393 Sane
499 2328 648 2393 canonici
671 2327 798 2394 foranei
823 2335 855 2393 et
877 2329 933 2393 alii
955 2329 1155 2409 residentes,
1187 2331 1242 2415 qui
1270 2337 1418 2413 tempore
1442 2328 1510 2392 voti
1541 2327 1654 2392 emissi
1677 2325 1791 2390 Leodii

131 2431 267 2497 minime
283 2431 503 2510 morabantur,
527 2432 647 2518 quique
663 2439 738 2496 vota
755 2454 815 2496 sua
837 2453 946 2498 eoram
959 2434 1064 2519 Aquis
1087 2440 1164 2497 sunt
1186 2432 1403 2519 personaliter
1426 2431 1568 2511 executi,
1592 2429 1746 2495 videlicet
1762 2478 1791 2493 ..

131 2533 373 2613 Coloniensis²,
404 2582 437 2599 ..
460 2534 652 2620 Aquensis³
680 2542 714 2602 et
737 2585 770 2602 ..
793 2537 991 2603 Remensis⁴
1021 2539 1194 2623 prepositi,
1227 2536 1440 2603 Hermannus
1469 2535 1510 2600 de
1537 2533 1690 2609 Salmis⁵,
1721 2533 1791 2596 An-

128 2638 256 2704 sclmus
288 2636 328 2702 de
350 2636 617 2717 Barbeneher00,
649 2639 814 2704 Iohannes
847 2640 886 2704 de
917 2639 1094 2719 Kanteml,
1126 2640 1266 2705 Iacobus
1296 2639 1338 2704 de
1362 2639 1470 2718 lacta,
1502 2645 1536 2702 et
1558 2636 1723 2701 Honricus
1751 2635 1792 2699 do

127 2741 243 2821 Alois,
275 2741 331 2827 qni
354 2739 533 2826 Hugonem
559 2743 696 2808 militem
726 2749 853 2829 patrem
883 2764 978 2807 suum
1007 2742 1049 2808 de
1080 2764 1242 2809 consensu
1266 2742 1443 2806 cardinalis
1469 2740 1632 2819 eiusdem,
1659 2747 1737 2803 tuno
1760 2739 1792 2801 in

127 2845 197 2911 illis
219 2844 368 2931 partibus
397 2846 576 2930 legationis
605 2847 749 2912 officium
776 2848 977 2929 exercentis,
1009 2848 1237 2914 substituisse⁰
1265 2847 1384 2912 dieitur
1410 2849 1483 2912 loco
1514 2847 1583 2927 sui,
1611 2851 1792 2932 proventus

127 2947 302 3038 prebende
325 2970 439 3035 grosse
462 2971 523 3036 per
545 2948 632 3015 idem
655 2958 796 3039 tempus,
819 2953 1006 3039 ubicunque
1023 2953 1172 3031 fuerint‘,
1196 2954 1293 3018 simili
1309 2952 1404 3017 modo
1420 2951 1605 3038 percipiant
1621 2955 1653 3013 et
1669 2946 1792 3012 eisdem

130 3052 347 3138 proventibus
370 3052 436 3118 sint
458 3055 619 3130 contenti;
644 3075 801 3121 concessa
822 3065 889 3121 tam
911 3058 1131 3123 residentibus
1149 3079 1248 3144 quam
1264 3056 1408 3122 foraneis
1430 3055 1596 3120 canonicis
1613 3051 1790 3118 antedictis

128 3156 258 3221 fruetus
284 3154 471 3221 huiusmodi
501 3177 564 3242 per
593 3157 680 3224 idem
711 3166 839 3246 tempus
868 3160 1047 3239 vendendi,
1078 3160 1260 3246 obligandi,
1296 3158 1488 3245 assignandi
1518 3158 1570 3222 vel
1601 3157 1665 3221 alio
1696 3153 1793 3218 modo

131 3257 329 3347 disponendi
351 3257 394 3325 de
415 3259 492 3341 illis,
516 3268 614 3347 prout
634 3262 792 3348 expedire
809 3264 960 3345 viderint,
984 3264 1089 3329 libera
1104 3264 1271 3330 facultate.
1309 3262 1405 3337 Quod
1425 3264 1453 3327 si
1469 3260 1644 3347 contigerit
1659 3257 1791 3324 eosdem

132 3361 310 3427 canonicos
326 3362 452 3428 servire
468 3363 501 3427 in
516 3363 647 3449 prefata
663 3366 805 3431 ecclesia
820 3369 874 3432 vel
891 3369 991 3433 etiam
1010 3368 1168 3448 residere,
1192 3373 1369 3453 proventus
1394 3364 1635 3452 prebendarum
1660 3382 1791 3426 suarum

133 3466 360 3555 prenominate
383 3465 525 3532 ecclesie
550 3468 631 3553 ipsis
655 3469 741 3533 sieut
764 3470 836 3535 aliis
861 3472 894 3535 in
918 3493 960 3537 ea
980 3472 1200 3537 servientibus
1218 3479 1252 3535 ct
1267 3469 1486 3536 residentibus
1505 3468 1631 3552 integre
1647 3465 1793 3531 debeant

135 3569 330 3647 ministrari;
351 3570 451 3657 idque
473 3571 582 3635 dictus
606 3572 779 3638 cardinalis
802 3575 937 3639 extendi
960 3576 1120 3640 ordinavit
1142 3573 1184 3639 ad
1208 3573 1411 3660 supradictos
1434 3571 1618 3650 canonicos,
1641 3569 1792 3655 quiante

135 3674 201 3739 voti
224 3674 437 3740 emissionem
460 3673 493 3738 in
517 3676 746 3761 prenominata
769 3678 913 3742 ecclesia
934 3678 1074 3743 fecerint
1098 3678 1309 3743 residentiam
1334 3682 1536 3740 consuetam.
1571 3673 1625 3737 Illi
1640 3692 1792 3757 namque,

134 3778 188 3863 qui
203 3776 326 3842 dictam
342 3776 552 3846 residentiam
568 3778 601 3842 in
618 3778 734 3845 eadem
752 3781 896 3846 ecclesia
912 3803 976 3845 non
992 3783 1142 3847 lecerunt
1149 3792 1174 3862 ⁸,
1198 3803 1242 3847 ex
1265 3779 1470 3866 indulgentia
1493 3778 1599 3843 erucis
1622 3782 1792 3862 assumpte

135 3900 302 3961 concessa,
325 3886 482 3966 quantum
506 3881 549 3946 ad
571 3882 805 3948 beneficiorum
827 3893 1018 3970 proventus,
1041 3886 1141 3950 nichil
1158 3885 1298 3971 amplius
1315 3888 1567 3968 consequantur,
1591 3901 1687 3964 quam
1706 3878 1792 3966 quod

135 3990 263 4073 tempus
280 3983 372 4066 illud,
396 4004 460 4069 quo
476 3985 609 4052 fuerunt
629 3987 662 4051 in
686 3988 897 4074 expeditione
913 3989 1072 4075 Aquensi,
1098 3991 1146 4054 eis
1169 4011 1227 4075 pro
1252 3987 1428 4053 residentia
1450 3986 1537 4050 illius
1560 3985 1637 4047 anui
1659 3983 1791 4069 poterit,

27 4089 46 4125 ·’·
137 4087 165 4152 si
185 4088 358 4169 voluerint,
382 4091 578 4175 computari;
609 4098 720 4177 pretor
741 4092 917 4158 Arnulfum
940 4093 1063 4159 dictum
1085 4093 1211 4177 Digant
1235 4092 1428 4158 canonicum
1452 4089 1593 4155 ecclesie
1618 4087 1792 4165 antedicto,

136 4192 188 4276 qui
208 4192 286 4256 licet
309 4198 501 4257 cousuetam
523 4194 736 4260 residentiam
765 4218 829 4262 non
861 4199 1075 4284 compleverit
1103 4198 1135 4261 in
1164 4195 1296 4276 eadem,
1328 4194 1446 4282 poterit
1477 4201 1587 4256 tamon
1616 4212 1677 4277 per
1705 4189 1792 4254 idem

135 4301 261 4382 tempus
285 4315 331 4377 se,
355 4295 384 4360 si
407 4295 556 4375 voluerit,
579 4297 756 4365 absentare
777 4339 816 4347 —
835 4322 900 4365 non
924 4300 1132 4367 obstantibus
1156 4299 1319 4364 contraria
1339 4293 1576 4361 consuetudine
1598 4294 1651 4358 vel
1668 4299 1791 4358 statuto

135 4417 192 4462 seu
212 4396 396 4463 iuramento
419 4398 505 4484 quod
528 4399 570 4466 de
592 4401 745 4467 iacienda
766 4403 845 4469 inibi
860 4404 1035 4470 residentia
1050 4404 1168 4468 dicitur
1183 4401 1367 4489 prestitisse
1383 4436 1437 4480 -,
1462 4398 1564 4463 nichil
1589 4398 1623 4462 in
1638 4395 1792 4461 absentia

136 4500 264 4566 interim
285 4507 521 4589 percepturus;
543 4503 607 4567 illis
631 4507 797 4571 canonicis
821 4508 1124 4592 crucesignatorum
1148 4504 1337 4586 eorundem,
1361 4504 1416 4589 qui
1440 4501 1481 4567 dc
1504 4500 1667 4567 beneficio
1685 4500 1792 4564 crucis

239 4761 265 4828 ⁸)
283 4766 448 4830 procuratore
466 4763 499 4816 Il.
611 4762 636 4826 b)
656 4767 724 4832 qvoti
743 4766 775 4817 a.
889 4777 912 4829 ⁰)
931 4768 1090 4820 Bnrbeuelr'o
1108 4767 1125 4817 Ι
1135 4807 1140 4818 .
1254 4763 1280 4819 ‘ll
1300 4768 1384 4816 Kants'e
1405 4763 1435 4813 Il.
1546 4764 1569 4821 θ)
1588 4761 1742 4812 srrstinuisao
1763 4758 1792 4809 Il.

137 4846 252 4913 brueris
269 4850 302 4902 10¹.
406 4853 432 4913 11)
451 4853 559 4904 feceriut
576 4869 644 4903 corr.
664 4856 786 4905 fecerunt.

238 4987 265 5054 l)
283 4985 340 5040 Hic
357 5003 384 5040 a.
397 4993 467 5053 12411,
487 4987 566 5042 Far.
580 4996 613 5042 20
629 5018 661 5026 -
676 4987 744 5041 bloi.
759 4997 789 5042 10
805 4988 904 5041 uana
919 5005 1009 5057 purpure
1026 4987 1187 5055 arc-osaiae.
1276 4987 1302 5053 2)
1316 4984 1451 5039 liutricus
1467 4982 1499 5036 dc
1517 4981 1622 5035 l'ienna
1634 4980 1792 5049 [Vianden]

136 5074 289 5143 masticans
306 5090 402 5143 papae,
427 5090 507 5143 nqooe
528 5074 719 5143 avasiepiscopi
738 5073 910 5130 Coton-ianus.
940 5075 995 5129 Sao
1012 5082 1123 5141 (11248,
1144 5075 1204 5127 aaa
1217 5081 1233 5127 5
1246 5088 1324 5141 papa
1342 5069 1536 5137 ‹andsiqriacopn
1554 5067 1736 5133 aruscadas-evat,
1760 5071 1792 5119 nt

137 5160 159 5212 ei
169 5160 200 5213 s'n
211 5175 293 5229 rayno
303 5159 485 5214 Alamanniae
491 5160 639 5228 pnocnlcret
650 5162 683 5213 in
695 5162 833 5229 beneficiis,
852 5179 966 5230 quamam
977 5162 1096 5216 redditus
1109 5160 1234 5213 ducenas
1251 5174 1358 5212 cancrena
1375 5157 1477 5224 (camerti
1495 5155 1641 5209 asarsualim
1658 5155 1788 5215 coleram

22 5230 46 5269 τ’
138 5244 234 5315 sapa
250 5252 325 5313 35173
347 5246 384 5313 of.
402 5246 632 5315 Britan-dictem
651 5249 668 5301 Ι.
681 5264 704 5302 c.
722 5256 795 5302 49112.
892 5249 919 5313 :n
940 5247 1007 5315 (luo,
1031 5248 1064 5301 ds
1085 5264 1138 5316 qno
1159 5246 1190 5313 cs.
1210 5253 1308 5299 11255.
1342 5242 1526 5308 8111111247,
1545 5243 1699 5309 Arep.31ct
1718 5246 1792 5304 1248,

136 5332 228 5401 Apnn
244 5331 336 5399 aidan,
360 5332 408 5400 qni
426 5348 481 5401 pro
505 5333 623 5387 acclamas
646 5335 756 5403 amolita
774 5351 867 5403 parares
889 5336 1012 5389 euenisset
1036 5350 1165 5403 capannore
1182 5345 1374 5401 personamque
1396 5346 1474 5383 arcasin
1496 5328 1625 5397 perieulis
1644 5327 1794 5394 frequenter

135 5431 265 5487 &ponere
282 5418 426 5473 annana
443 5418 535 5473 aliatus
552 5420 717 5488 inminuisset,
736 5421 866 5487 qtsoalara
881 5423 985 5490 gnostica
996 5422 1108 5489 lrssyitns
1119 5425 1191 5485 et·at;
1209 5420 1309 5488 Respa·
1319 5423 1385 5471 3239
1396 5420 1418 5468 et
1430 5420 1513 5482 37835
1529 5415 1564 5480 cs.
1577 5413 1657 5467 etiarm
1670 5411 1792 5465 ΒόΙυηον·

138 5501 242 5573 cunr,
261 5504 280 5561 l.
291 5518 312 5558 a
324 5510 398 5560 4932.
478 5506 506 5571 4)
526 5505 616 5574 Hispo.
698 5508 725 5575 5)
745 5506 800 5561 rS'vsb
817 5516 932 5576 (11245,
954 5506 1167 5575 Fcln·.10papa
1179 5504 1341 5558 Hanusnno
1358 5501 1424 5571 [sic]
1432 5500 1587 5569 praeposito
1599 5498 1694 5553 rinnai
1708 5498 1794 5551 Pauli

139 5588 297 5659 scadinavia
311 5606 441 5659 manno
456 5593 559 5646 canitis
575 5592 607 5645 de
617 5592 723 5661 sindana,
741 5610 828 5647 rossana
846 5593 935 5647 (adesce
953 5594 1104 5661 lmrrficinvn
1120 5590 1254 5647 retismrdi
1271 5588 1405 5643 licentiam
1416 5591 1592 5652 camaram
1610 5584 1708 5653 Beroen
1721 5592 1792 5638 1⁰⁰1.

10 5652 63 5701 ⁵⁰
138 5674 189 5731 aa
205 5676 244 5732 rr.
259 5676 374 5745 scam
389 5676 456 5731 aaa
471 5679 535 5748 sart.

1531 5768 1587 5824 64!
