4328 6232
255 363 317 431 340
812 352 861 414 EX
879 349 1096 415 luuocnnml
1114 353 1153 412 m
1171 346 1351 413 moranno

325 629 560 702 Nobilibus
587 626 702 701 viris
728 625 950 718 Hugolino
977 626 1195 717 Raynerii
1222 631 1264 700 ei
1291 624 1518 717 Hugolino
1547 621 1843 698 Ronicomitis

770 746 942 820 civibus
970 745 1397 822 Camerinensibus¹.

360 898 552 985 Apostolice
583 895 672 960 sedis
702 894 911 981 providentia
941 900 1101 959 consueta
1129 896 1332 961 subditorum
1362 898 1479 962 merita
1507 897 1638 962 solertis
1660 895 1912 961 deliberationis

256 1003 409 1068 examine
434 1001 583 1080 discutit,
613 1006 645 1061 ct
668 1020 730 1084 que
756 1000 887 1065 rationis
910 998 1029 1062 iudicio
1052 999 1179 1085 potiora
1208 999 1340 1079 diffinit,
1374 1001 1570 1085 premiorum
1602 1008 1793 1066 remunerat
1815 1000 1910 1063 retri-

257 1106 392 1170 butione
428 1104 603 1183 maiorum,
642 1102 843 1167 uberioribus
877 1103 934 1166 illa
966 1103 1191 1187 prosequendo
1229 1103 1393 1168 favoribus
1432 1113 1465 1168 et
1501 1104 1668 1169 beneficiis
1706 1103 1911 1190 plenioribus

259 1209 451 1274 attollendo.
496 1206 583 1271 Hinc
607 1214 668 1288 est,
691 1206 776 1291 quod
800 1226 873 1269 cum
898 1226 955 1268 ros
985 1205 1042 1269 illo
1065 1205 1248 1270 devotionis
1278 1207 1398 1272 affectu
1428 1229 1506 1293 erga
1527 1209 1708 1274 Romanam
1734 1209 1910 1273 ecclesiam

257 1312 414 1377 ferveatis
445 1331 582 1396 eamque
608 1311 693 1374 circe
715 1310 820 1396 ipsam
843 1308 1003 1373 studeatis
1027 1329 1158 1374 servare
1183 1312 1417 1391 constantiam,
1444 1322 1481 1376 ut
1512 1313 1597 1377 inter
1624 1313 1706 1376 alios
1731 1313 1804 1377 eius
1827 1311 1909 1376 tilios

256 1416 422 1481 fidelitatis
453 1415 547 1478 titulo
577 1414 764 1500 specialiter
791 1413 936 1498 insigniti
968 1414 1154 1477 mercamini
1183 1414 1224 1477 ab
1253 1436 1293 1479 ea
1321 1417 1546 1502 multipliciter
1566 1415 1730 1485 honorari.
1752 1437 1826 1481 nos.
1850 1414 1910 1479 hec

258 1542 322 1584 non
354 1519 488 1603 indigne
520 1522 698 1604 pensantes
722 1538 759 1580 ac
783 1517 929 1579 volentes
954 1516 1074 1579 restris
1104 1516 1272 1583 intendere
1304 1518 1448 1583 comodis
1472 1520 1636 1604 vestrique
1663 1519 1798 1583 honoris
1828 1539 1908 1602 aug·

256 1628 400 1687 mentum
424 1621 560 1685 sollicite
586 1641 778 1706 procurare,
802 1620 919 1684 vestris
944 1620 1239 1706 supplicationibus
1263 1622 1424 1703 inclinati,
1453 1631 1605 1688 montana
1626 1622 1764 1700 Nursia,
1788 1621 1909 1689 Cassii.

259 1724 411 1791 Cerreti²
428 1732 461 1789 et
483 1726 618 1789 aliorum
644 1731 823 1788 castrorum
847 1723 1145 1789 circumiacentium
1163 1723 1339 1811 Spoletane
1363 1726 1503 1791 diocesis
1525 1732 1559 1792 et
1581 1735 1700 1792 terram
1718 1725 1908 1811 Arnulpho·

258 1851 328 1894 rum
352 1851 412 1893 nec
437 1849 502 1893 non
526 1850 639 1894 eorum
662 1828 807 1892 redditus
836 1834 869 1892 et
896 1833 1075 1913 proventus
1106 1828 1197 1893 vobis
1231 1831 1426 1894 auctoritate
1458 1831 1659 1916 presentium
1687 1830 1910 1903 concedimus,

257 1934 429 1998 retinenda
456 1944 495 1996 a·¹
517 1933 610 1997 vobis
639 1954 742 2018 usquc
774 1931 816 1996 ad
844 1939 956 1996 nostre
984 1932 1225 2017 beneplacitum
1249 1934 1435 1999 voluntatis.
1487 1933 1577 1998 Nulli
1606 1955 1685 2019 ergo
1708 1943 1772 1999 ete.
1797 1944 1911 1997 nostre

257 2038 481 2101 concessionis
505 2044 566 2103 etc.

362 2158 438 2223 Dat.
463 2158 626 2243 Lugduni,
651 2159 684 2224 ΙΙ
709 2159 787 2222 Idus
811 2159 964 2240 Ianuarii,
989 2180 1073 2223 anno
1088 2160 1144 2226 V⁰.

1039 2494 1126 2568 479.

362 2590 581 2684 Innocentius
595 2616 620 2680 I
625 2616 652 2678 t'
661 2637 751 2700 papo
773 2617 889 2681 decom
911 2617 1053 2682 ecciesiae
1075 2619 1178 2682 saneti
1203 2617 1349 2699 Gcnpnifi
1375 2616 1533 2681 Tulleusis
1555 2615 1727 2698 respondet,
1749 2637 1772 2679 a
1798 2617 1914 2682 Cister-

257 2722 420 2797 cicnsibns,
442 2720 683 2800 Hospitnlnriis‚
709 2719 897 2803 Temploriis
927 2724 957 2783 et
981 2719 1144 2805 fratribus
1172 2721 1281 2784 mmsis
1306 2720 1542 2784 Terdonicornm
1569 2720 1706 2783 civitatis
1732 2722 1762 2782 et
1783 2718 1915 2783 diocesis

261 2825 420 2888 Tutienses
441 2824 619 2888 vicesimam
641 2823 826 2905 coemendam
847 2842 912 2886 non
934 2842 1007 2888 csse.
1558 2825 1651 2900 1248,
1675 2823 1747 2887 Ian.
1775 2826 1825 2887 13.

363 2945 426 2997 Inn.
446 2944 467 2996 1
470 2943 495 2997 V
511 2943 577 3012 Rep.
593 2943 648 2997 l'ol.
668 2944 691 3011 I,
710 2948 771 3007 roc,-
789 2943 848 2997 Lu.
867 2943 898 3011 V,
919 2952 975 2999 501.

362 3031 457 3098 Berpcr
474 3038 542 3086 3551.

439 3211 696 3285 ..decano
726 3209 930 3285 ecclesie
958 3213 1116 3286 sancti
1143 3210 1417 3305 Gengulpbi
1444 3209 1728 3285 Tullensis³.

367 3360 608 3424 Consultationi
646 3365 701 3423 tue
741 3359 886 3425 breviter
925 3362 1176 3448 respondemus,
1214 3361 1301 3447 quod
1338 3383 1437 3446 super
1475 3361 1632 3425 vicesima
1669 3360 1836 3445 exigenda
1874 3362 1916 3424 nb

264 3465 413 3529 ecclesiis
438 3472 471 3528 et
494 3464 643 3550 personis
667 3464 909 3540 ecclesiasticis,
933 3473 999 3529 tam
1023 3466 1186 3551 exemptis
1210 3486 1305 3550 quam
1329 3485 1393 3528 non
1419 3465 1599 3551 exemptis,
1622 3464 1762 3528 civitatis
1786 3474 1820 3529 et
1843 3465 1915 3529 dio-

263 3569 350 3632 cesis
373 3567 537 3632 Tullensis
561 3569 654 3632 iuxta
683 3567 863 3633 litterarum
897 3569 1032 3634 formam
1060 3571 1158 3656 sripcr
1189 3569 1250 3634 hoc
1279 3569 1338 3633 tibi
1362 3591 1382 3634 a
1405 3567 1483 3633 sedo
1507 3568 1689 3654 apostolica
1712 3568 1915 3634 directarum

262 3673 400 3737 abbates
433 3679 465 3737 et
493 3672 672 3736 monachos
703 3671 984 3753 Cisterciensium,
1017 3673 1091 3759 quib
1115 3673 1225 3737 oblata
1256 3674 1303 3738 eis
1338 3674 1469 3760 pietatis
1498 3672 1617 3736 intuitu
1645 3673 1737 3756 quasi
1767 3674 1918 3739 totaliter

262 3776 473 3862 dispensant⁰
495 3797 554 3861 per
581 3797 682 3863 opera
704 3777 867 3857 caritatis,
897 3799 935 3842 ac
956 3777 1159 3864 Templarios
1182 3785 1215 3841 et
1236 3775 1496 3863 Hospitalariosd
1519 3797 1579 3839 seu
1601 3774 1719 3839 iratres
1742 3775 1927 3863 hospitalis

263 3886 377 3944 sancte
400 3878 504 3943 Marie
526 3878 812 3961 Theotonicorum,
836 3882 891 3966 qui
914 3904 949 3947 se
974 3904 1012 3947 ao
1035 3883 1175 3968 ipsorum
1199 3881 1285 3945 bona
1308 3879 1467 3966 deputant
1481 3878 1714 3964 Redemptoris
1737 3879 1933 3965 obsequiis,

263 4006 372 4049 rerum
406 3981 579 4069 dispendia
613 4005 672 4047 seu
705 4005 920 4071 personarum
954 3986 1101 4071 pericula
1132 3986 1265 4050 minime
1297 3990 1498 4063 metuentes,
1529 4004 1594 4046 non
1616 3983 1833 4068 intelligimus
1858 4007 1931 4050 nee

263 4090 411 4153 volumus
434 4087 494 4151 sub
518 4088 734 4172 generalitate
759 4110 971 4175 personarum
992 4088 1177 4154 huiusmodi
1201 4087 1443 4174 comprehendi.

366 4209 443 4275 Dat.
466 4208 628 4292 Lugduni,
654 4207 702 4273 Id.
727 4209 856 4276 Ianuar.
880 4232 964 4274 anno
982 4211 1038 4274 V0.

1047 4546 1134 4620 480.

364 4640 583 4733 Innocentius
609 4668 666 4734 IV
680 4689 770 4753 popo
792 4668 924 4755 P[ctr0]
946 4671 1060 4736 Sancti
1085 4670 1213 4752 Georpii
1234 4670 1278 4734 cd
1296 4668 1404 4734 Velnm
1427 4669 1570 4732 Aureum
1591 4667 1724 4732 diacono
1745 4669 1913 4734 cardinali
1920 4716 1940 4746 ‚

258 4771 546 4857 apostolicaesedis
568 4773 675 4855 inputo,
699 4774 838 4851 mandat,
860 4779 896 4836 nl
916 4774 960 4837 ud
980 4775 1213 4838 matrimonium
1236 4775 1321 4837 inter
1337 4771 1569 4857 [Gerlrndum]
1583 4770 1739 4833 discissam
1764 4773 1939 4837 Aestrien-

259 4883 288 4940 et
309 4876 552 4961 [Wlbcimnm]
573 4897 674 4958 nepem
697 4877 913 4941 Rorrmnornm
940 4879 987 4942 cni
1014 4879 1115 4941 olium
1141 4878 1238 4942 cidem
1265 4878 1391 4941 mulieri
1416 4880 1525 4956 aptum
1552 4879 1581 4938 ct
1608 4875 1751 4939 ecclcsiae
1773 4875 1932 4941 (Ιουοιαηι

259 4979 500 5043 contrahendum
525 5000 652 5060 operum
674 4979 733 5044 del.
1556 4980 1650 5055 1248,
1673 4978 1748 5042 Iun.
1772 4982 1827 5045 21.

363 5098 426 5151 Inn.
446 5098 493 5152 IV
509 5098 571 5167 Rep.
596 5098 651 5154 Vol.
670 5100 693 5167 J,
711 5108 771 5167 501‚·
789 5099 848 5155 Lo.
865 5100 895 5167 V,
913 5107 969 5154 524.
1008 5099 1106 5153 Penni
1122 5100 1258 5168 exerantur
1274 5099 1437 5152 contulimus
1455 5115 1515 5152 cnm
1534 5098 1687 5165 Mcernmn,
1707 5097 1846 5156 (iesdsied.
1866 5117 1927 5155 mn

266 5184 373 5237 Willem
391 5201 443 5237 cun
461 5184 533 5239 Han.
553 5190 570 5239 t.
588 5184 619 5253 V,
635 5203 665 5253 p.
683 5193 723 5254 28,
742 5204 771 5240 n.
790 5193 829 5241 26.

364 5269 492 5338 Potthnst,
514 5271 579 5339 Rep.
599 5277 677 5325 1281]
683 5291 692 5338 ;
709 5272 808 5341 Beroen
824 5278 896 5327 3574.

636 5399 711 5406 ..—
725 5400 813 5405 ——.
838 5398 962 5406 ..---—·--—
972 5397 1351 5405 -.-...—....--..—-—---·-
1374 5398 1378 5401 .
1400 5397 1404 5403 .
1423 5397 1430 5401 -
1448 5398 1476 5404 ..-

366 5484 389 5546 a)
407 5502 422 5534 a
440 5483 508 5534 deest
527 5483 559 5534 Ji.
664 5481 688 5547 b)
706 5485 774 5549 quod
794 5485 827 5536 n.
933 5485 955 5545 ο)
974 5484 1120 5550 dispensare
1141 5482 1169 5532 Ii.
1275 5479 1301 5546 d)
1320 5484 1473 5549 'templariis
1491 5491 1517 5533 ct
1533 5484 1715 5551 liospitalarlin
1725 5480 1758 5535 B.

311 5604 388 5739 Ml)
408 5600 449 5667 Cf,
467 5619 495 5655 n.
514 5610 570 5657 472.
692 5604 719 5670 2)
740 5602 788 5656 En
804 5620 841 5657 or.
861 5602 972 5672 Spoleti;
997 5602 1031 5669 es.
1053 5601 1132 5655 etiam
1156 5600 1400 5670 mama-meno,
1423 5602 1439 5654 t.
1457 5617 1478 5655 c.
1502 5606 1599 5656 36980.
1718 5598 1811 5681 mne
1824 5600 1911 5661 ab

258 5688 291 5755 ⁰l·
361 5702 407 5756 W
423 5694 494 5745 3545-
