4328 6232
756 338 802 391 EX
823 337 1040 392 INNOCENTH
1059 336 1097 390 IV
1117 336 1297 392 REGISTRO

983 659 1070 731 t89.

302 775 519 867 Innocentius
534 801 590 866 IV
603 823 693 882 prope
715 800 851 880 orprdnto
867 799 1101 880 strataburgum
1123 799 1252 861 rrnrrtiot
1274 819 1305 860 sc
1320 797 1462 861 cmtcsinc
1484 816 1588 860 eornm
1612 798 1739 861 emanti
1770 797 1857 862 Bur·

198 905 328 966 nortem
349 908 564 989 praepositam
591 905 840 969 Frirtoricnscrn
867 904 904 966 dc
934 902 1064 967 consitio
1092 905 1233 981 t'rotrnrn
1261 920 1390 964 seronior
1416 903 1446 963 ct
1471 899 1670 978 pterritndinc
1693 901 1860 984 potcstatis

192 1010 387 1094 pnrrefccissc
411 1011 444 1073 in
463 1014 630 1089 pastorem,
654 1009 757 1089 aisono
779 1007 918 1083 rrurrrdot,
942 1009 976 1069 nt
998 1027 1067 1070 cnrn
1089 1006 1192 1070 boote
1214 1004 1370 1088 recipiant
1391 1005 1421 1067 ct
1442 1002 1471 1066 ci
1493 1002 1646 1069 obediant.

1487 1108 1581 1184 1247,
1604 1106 1700 1172 Febr.
1715 1109 1770 1172 25.

303 1199 365 1252 nr.
380 1199 429 1252 rr
446 1199 509 1267 no.
529 1198 583 1251 ror.
598 1198 621 1265 1,
641 1204 703 1262 aaa
722 1197 783 1252 no.
798 1197 848 1265 rr,
868 1206 926 1251 cro.

303 1288 403 1356 Bcrper
418 1294 489 1341 2436.

715 1413 927 1506 Capitulo
966 1410 1331 1503 Solseburgensi.

307 1562 358 1626 Ad
391 1564 518 1628 culmen
556 1564 673 1627 summi
703 1565 906 1648 apostolatus
940 1563 1100 1647 assumpti
1130 1562 1293 1646 generalis
1322 1561 1461 1626 ecclesie
1494 1563 1642 1648 regimini
1672 1585 1856 1649 prosumus,

199 1666 286 1728 illius
316 1667 391 1730 lieet
415 1668 567 1731 immeriti
597 1669 683 1730 vices
706 1673 861 1752 gerentes
886 1668 917 1729 in
941 1667 1050 1735 terris,
1079 1665 1132 1749 qui
1164 1665 1235 1728 sine
1258 1665 1322 1729 fine
1347 1673 1464 1748 regnat
1490 1667 1522 1730 iu
1546 1668 1642 1746 celis,
1666 1666 1855 1750 unigenitus

200 1769 264 1834 Dei
289 1770 390 1849 filius,
421 1771 516 1835 Iesus
541 1771 701 1836 Christus.
746 1770 870 1835 Verum
893 1772 1001 1855 magni
1031 1770 1125 1833 nobis
1157 1792 1199 1834 cx
1227 1768 1288 1833 hoc
1312 1768 1436 1833 timoris
1467 1769 1607 1835 materia
1629 1770 1794 1849 imminet,
1823 1775 1855 1833 et

200 1874 276 1938 dum
301 1875 520 1939 incumbentis
544 1875 772 1938 sollicitudinis
796 1874 994 1939 attendimus
1019 1875 1196 1953 sarcinam,
1224 1895 1317 1937 inens
1354 1873 1505 1936 nimirum
1539 1881 1650 1938 nostra
1679 1872 1857 1958 stupescit;

200 1998 275 2041 nam
300 1998 371 2041 cum
397 1985 551 2063 suscepta
575 1999 653 2043 eura
667 1979 839 2043 debitum⁸
862 1979 1035 2064 pastoralis
1058 1978 1155 2043 officii
1181 1979 1335 2042 continua
1358 1977 1517 2041 instantia
1540 1977 1652 2061 exigat
1675 1983 1709 2040 et
1731 1997 1792 2041 nes
1816 1997 1856 2041 ex

200 2089 312 2145 nostra
336 2083 437 2146 simus
462 2083 695 2147 insufficientia
718 2104 782 2146 non
800 2084 967 2164 solvendo,
992 2104 1166 2169 possumus
1190 2104 1253 2146 non
1275 2082 1436 2147 immerito
1458 2079 1647 2160 formidare,
1676 2101 1719 2144 ne
1750 2079 1857 2142 minus

202 2186 300 2269 plene
324 2187 531 2250 commissam
565 2186 658 2251 nobis
687 2187 879 2273 potestatisb
909 2185 1145 2271 plenitudinem
1170 2206 1384 2272 exequamur,
1409 2203 1606 2269 quamquam
1630 2183 1716 2247 cirea
1739 2179 1856 2246 crediti

202 2289 295 2352 nobis
319 2289 483 2353 Dominiei
507 2292 616 2375 gregis
640 2290 833 2371 custodiam,
858 2298 1013 2376 quantum
1038 2312 1079 2355 ex
1103 2289 1290 2354 infirmitate
1306 2291 1454 2353 valemus
1477 2288 1629 2361 humana,
1653 2284 1855 2371 negligentis

201 2413 337 2477 sompno
366 2393 407 2456 ab
437 2395 539 2458 oeulis
571 2394 675 2458 cordis
705 2417 861 2474 excusso,
892 2394 1060 2478 diligentia
1097 2393 1212 2457 sedula
1243 2392 1430 2477 vigilemus;
1466 2392 1592 2454 firmam
1622 2396 1734 2453 tamen
1767 2409 1858 2474 spem

201 2495 420 2579 fiduciamque
445 2503 608 2572 tenentes,
633 2498 716 2583 quod
740 2498 805 2570 ille,
830 2500 885 2583 qui
909 2520 968 2562 nos
993 2499 1095 2562 voluit
1119 2519 1194 2561 suos
1219 2497 1290 2562 fieri
1309 2497 1456 2574 vicarios,
1480 2495 1574 2560 nobis
1597 2493 1640 2557 ad
1662 2492 1858 2579 portandum

201 2598 326 2663 utiliter
358 2600 544 2685 impositum
574 2601 718 2666 humeris
758 2603 876 2666 nostris
907 2624 988 2665 onus
1016 2603 1143 2665 virtutis
1176 2603 1314 2686 gratiam
1349 2600 1480 2664 assidue
1509 2598 1682 2685 largiatur,
1711 2597 1858 2661 ecclesiis

201 2701 354 2765 omnibus
377 2704 509 2766 solertia
536 2703 701 2768 indefessa
724 2705 950 2790 prospicimus,
973 2726 1084 2769 aarum
1101 2703 1271 2791 providere
1288 2703 1481 2768 utilitatibus
1506 2710 1539 2768 st
1567 2699 1858 2786 indempnitatibus

203 2826 379 2891 precavere
398 2805 579 2885 studentes,
604 2808 635 2871 iu
653 2830 692 2872 eo
708 2809 876 2893 potissime
900 2816 935 2872 ut
957 2809 1077 2872 talibus
1094 2809 1289 2893 gubernatio
1306 2808 1527 2872 committatur
1542 2806 1698 2892 ipsarum,
1722 2823 1857 2890 quorum

202 2908 312 2972 studio
339 2908 557 2974 laudabilibus
587 2912 619 2973 in
644 2911 867 2996 spiritualibus
898 2919 931 2975 et
956 2912 1190 2997 temporalibus
1214 2913 1387 2997 proficiant
1411 2910 1636 2988 incrementis,
1668 2914 1703 2974 et
1731 2908 1860 2973 illarum

202 3013 370 3098 precipue,
384 3000 456 3097 'que
474 3013 622 3078 Romane
641 3021 820 3077 noscuntur
835 3014 975 3078 ecclesie
997 3016 1086 3078 nullo
1104 3015 1211 3079 medio
1229 3013 1412 3095 subiacere,
1436 3035 1520 3096 eum,
1543 3022 1666 3100 quanto
1682 3011 1860 3098 specialius

203 3117 359 3180 subsunt⁰
383 3118 423 3195 ei,
448 3123 539 3181 tanto
562 3117 602 3181 de
626 3119 705 3202 ipsis
727 3123 897 3181 teneamur
913 3117 1081 3181 sollicitius
1106 3120 1260 3203 cogitare.
1307 3118 1403 3197 Sane,
1428 3117 1569 3184 ecelesia
1592 3121 1705 3181 vestra
1726 3120 1859 3201 pastore

203 3226 341 3284 vacante
354 3220 376 3299 ¹,
401 3243 476 3298 nos,
511 3220 716 3285 considerato
740 3220 825 3306 qnod
853 3222 925 3308 ipsa
955 3222 1039 3285 inter
1066 3223 1148 3285 alias
1171 3222 1315 3306 regionis
1345 3221 1431 3284 illius
1459 3226 1492 3285 ct
1515 3219 1693 3286 eminentia
1715 3215 1860 3304 presidet

206 3332 240 3388 et
265 3330 428 3409 potestate
444 3326 618 3410 prefulget,
642 3347 680 3388 ac
704 3325 745 3389 ob
769 3325 832 3389 hoe
847 3327 997 3389 nolentes
1020 3325 1104 3410 quod
1128 3327 1250 3410 absque
1274 3326 1406 3411 presule
1429 3324 1551 3389 diutius
1566 3327 1766 3398 remaneret,
1789 3341 1859 3384 oum

204 3449 243 3491 eo
268 3428 484 3515 periculosior
506 3450 565 3491 sua
589 3436 679 3492 esset
698 3430 835 3503 vacatio,
860 3450 922 3512 quo
939 3430 1074 3514 pastori,
1099 3430 1152 3513 qui
1176 3436 1287 3513 preest
1311 3430 1342 3491 iu
1367 3430 1438 3515 ipsa
1462 3449 1519 3514 pro
1536 3434 1695 3511 tempore,
1720 3424 1859 3511 plurium

204 3551 281 3595 cura
312 3531 461 3595 imminet
490 3530 709 3612 subditorum,
742 3530 798 3594 sed
827 3530 932 3595 eidem
963 3532 1003 3594 de
1027 3532 1085 3595 tali
1109 3533 1281 3617 pontifice,
1315 3533 1408 3596 euius
1436 3531 1594 3595 industria
1617 3536 1651 3594 ot
1675 3526 1861 3592 sollicitudo

205 3640 294 3698 tanto
319 3641 516 3718 congrueret
539 3635 630 3699 oneri
654 3641 687 3698 et
711 3635 836 3712 honori,
861 3634 1035 3720 providere
1053 3636 1210 3715 volentes,
1234 3636 1409 3722 presertim
1434 3656 1508 3699 cum
1528 3633 1692 3698 universis
1709 3630 1861 3717 capitulis

206 3735 440 3800 cathedralium
465 3739 677 3802 eeclesiarum
700 3738 872 3801 Alamanie
897 3745 962 3801 tam
987 3759 1046 3823 per
1069 3745 1196 3803 nostras
1218 3738 1344 3803 litteras
1368 3758 1464 3823 quam
1495 3758 1554 3824 per
1580 3735 1736 3801 dilectum
1759 3734 1861 3800 tilium

205 3840 501 3905 ..Ferrariensem
526 3842 678 3919 electum,
702 3843 880 3927 apostolico
906 3842 992 3906 sodis
1017 3843 1178 3926 legatum,
1203 3864 1243 3906 ne
1268 3843 1347 3928 ipsis
1369 3842 1534 3921 eeclesiis,
1558 3861 1631 3905 oum
1655 3861 1714 3905 eas
1743 3858 1860 3902 vacare

206 3945 424 4028 contingeret,
448 3953 596 4030 pastores
616 3946 738 4030 eligere
763 3948 887 4030 absque
909 3955 1021 4010 nostro
1038 3947 1175 4010 consilio
1199 3954 1233 4010 et
1255 3967 1391 4010 assensu
1408 3952 1646 4031 presumerent,
1670 3941 1863 4006 duxerimus

206 4048 418 4113 inhibendum
428 4048 452 4128 ²,
477 4049 633 4114 dilectum
656 4050 756 4113 tilium
773 4050 996 4114 Bruccardum
1014 4050 1309 4135 salseburgensem
1325 4050 1475 4124 electum,
1499 4055 1576 4112 tuno
1591 4046 1862 4111 Frixilariensem

206 4153 441 4238 prepositum³,
466 4154 568 4217 virum
599 4155 708 4239 utique
736 4154 872 4239 probate
896 4156 979 4225 vito,
1009 4176 1125 4238 magne
1158 4154 1293 4218 scientie
1325 4174 1362 4216 ac
1386 4151 1686 4238 circumspectionis
1713 4155 1863 4235 experte,

206 4257 300 4321 nobis
331 4262 365 4321 et
394 4257 551 4320 tratribus
581 4258 698 4321 nostris
728 4280 785 4321 suc
816 4257 989 4343 probitatis
1019 4265 1051 4322 et
1081 4257 1263 4321 ‹levetionis
1292 4256 1418 4321 meritis
1448 4277 1557 4320 carum
1586 4253 1862 4341 quamplurimum

207 4368 240 4426 ot
263 4367 449 4446 acceptum,
482 4360 545 4445 ipsi
575 4361 714 4425 ecclesie
743 4361 782 4425 de
812 4361 1029 4446 predictorum
1060 4363 1196 4425 fratrum
1227 4362 1362 4426 oonsilio
1392 4367 1425 4425 et
1454 4358 1658 4445 plenitudine
1684 4357 1860 4444 potestatis

205 4467 238 4529 in
262 4464 544 4552 arehiepiscopum
568 4465 753 4550 preficimus
778 4472 810 4529 et
835 4473 1013 4551 pastorem,
1038 4466 1252 4532 decernentes
1276 4466 1401 4530 irritum
1425 4471 1459 4529 et
1482 4464 1595 4541 inane,
1620 4463 1647 4526 si
1671 4460 1751 4546 quid
1774 4459 1862 4525 aliud

206 4591 304 4655 super
332 4568 478 4634 eiusdem
507 4568 645 4632 ecclesie
680 4569 862 4654 provisione
895 4591 954 4633 vos
991 4571 1126 4633 forsitan
1157 4569 1430 4656 attemptsstisfl,
1460 4569 1552 4631 tlrura
1583 4588 1641 4653 spa
1676 4564 1863 4651 fiduciaque

207 4681 368 4758 concepta
392 4670 477 4756 quod
501 4670 670 4755 diligentie
695 4693 753 4734 sue
776 4670 883 4734 studio
908 4671 1109 4756 sepedictam
1134 4672 1306 4736 ecclesiam
1331 4671 1362 4735 in
1387 4670 1610 4758 spiritualibus
1639 4676 1674 4734 et
1697 4675 1861 4756 tempora·

314 4833 613 4842 .—-——....—--.--
638 4835 673 4839 .-.
736 4835 757 4839 -.
782 4835 820 4839 ,.-
843 4834 891 4839 -.
917 4835 1004 4840 ——-
1024 4836 1077 4841 -..
1096 4837 1163 4841 .·,
1207 4836 1238 4841 .,,.
1258 4835 1284 4841 -.
1309 4836 1322 4841 .-
1346 4835 1696 4841 .---——-———.——

312 4953 335 5011 ⁸)
359 4962 384 5000 at
407 4951 520 5000 clabitum
546 4951 577 5000 B.
710 4950 735 5010 n)
762 4952 897 5018 pastoralis
920 4951 966 5014 8.,
993 4951 1036 5015 pai
1060 4950 1157 5016 [cilicii]
1184 4970 1215 5002 cn
1239 4953 1385 5003 coniectura
1409 4953 1508 5004 adiecit.
1643 4951 1667 5013 ⁰)
1691 4953 1807 5004 subeunt
1829 4950 1860 5001 B.

206 5036 231 5102 ‘lt
251 5039 433 5105 attempturatis
452 5037 483 5087 B.

312 5192 336 5253 1)
355 5189 530 5243 Ebertnrntus
549 5191 582 5242 11
598 5191 807 5258 arduapiscopns
826 5209 851 5244 o.
868 5200 940 5256 1246,
961 5190 1022 5243 Dae.
1044 5200 1054 5242 r
1074 5195 1194 5243 rnortuos
1211 5199 1273 5244 eret
1363 5195 1390 5251 tr
1411 5190 1450 5256 er:
1470 5209 1497 5243 n.
1510 5199 1564 5244 241.
1651 5192 1679 5254 3)
1699 5189 1861 5242 Buroardns

205 5277 372 5343 praepositus
394 5275 595 5344 Frirtnricnsis,
615 5294 735 5344 specim
751 5279 873 5331 corniton
891 5277 924 5330 de
941 5277 1109 5344 Zurentnrpen
1127 5281 1220 5344 reatris,
1239 5277 1270 5330 in
1291 5278 1389 5331 cturrtts
1407 5277 1519 5331 Henrici
1537 5276 1628 5343 Ruspe
1652 5276 1720 5343 repis
1742 5293 1768 5331 o.
1788 5283 1859 5337 1246.

207 5363 277 5415 Μαί.
296 5370 328 5416 23
346 5368 368 5415 at
385 5371 416 5417 ro
436 5363 507 5417 datis
527 5363 613 5417 ‘necin
633 5364 733 5430 Sitridi
753 5363 909 5432 Mopnntini
926 5361 1112 5429 ordriepiseopi
1135 5369 1159 5415 ct
1181 5363 1414 5418 ordriarrrodtarii'
1434 5379 1528 5432 pernas
1552 5361 1721 5430 enudatam
1737 5360 1859 5415 Batm-

207 5447 308 5517 bl'clnr,
328 5449 344 5503 t.
364 5466 386 5502 c.
405 5457 474 5504 taor
489 5456 513 5504 et
530 5456 612 5514 4869,·
630 5452 660 5516 εί
680 5450 778 5506 rsard.
815 5450 858 5504 De
875 5449 961 5503 auton
979 5450 1011 5503 B.
1030 5449 1062 5514 cs.
1083 5450 1183 5517 Bcrpcr
1202 5456 1270 5504 root.
1357 5451 1385 5516 t)
1404 5449 1558 5518 &pantana
1574 5447 1681 5504 imerius
1695 5446 1860 5517 Philippica,

204 5535 292 5598 titium
314 5535 469 5589 Bembardi
486 5536 526 5589 H
547 5536 625 5592 ducis
648 5536 816 5604 masam,
840 5537 962 5604 donant,
983 5534 1032 5603 qni
1051 5534 1310 5590 udrrrr'nistratiorrem
1331 5536 1571 5606 ordriepiscoputrrs
1595 5532 1721 5602 nunt,
1744 5533 1794 5591 nel
1809 5548 1859 5604 pff

206 5619 289 5674 danne
307 5637 395 5676 annos
412 5639 467 5676 rron
484 5621 938 5691 wnsecratne,o.1256dcpositns
954 5625 1003 5682 est·
1019 5620 1051 5686 cf.
1064 5638 1094 5690 p.
1115 5628 1171 5690 ²33,
1190 5627 1244 5676 not.
1264 5630 1286 5676 1.
