4734 6334
859 407 1060 464 mrsromn
1080 375 1276 464 senacula.
1312 410 1388 465 1249.
1891 417 1953 478 545

298 575 527 660 progenitores
551 585 625 644 tuos
648 600 706 666 pro
729 580 840 646 multis
864 587 898 646 et
921 583 1049 668 magnis
1072 582 1255 669 obsequiis,
1287 604 1350 669 que
1374 584 1523 650 Romane
1546 584 1777 671 impenderunt
1799 586 1952 666 ecclesie,

299 679 567 765 quampluribus
590 681 834 748 honoraverunt
857 683 971 769 gratiis
995 690 1028 750 et
1058 684 1231 771 grandium
1260 707 1431 751 munerum
1460 687 1633 772 largitione
1665 687 1818 754 ditarunt.
1864 687 1953 753 Hinc

302 786 361 861 est,
386 781 472 866 quod
487 805 558 865 uos,
582 785 631 849 tui
647 786 820 852 nobilitato
835 788 966 872 generis
983 794 1103 874 tuaque
1127 788 1291 875 probitate
1314 789 1471 875 pensatis,
1494 790 1643 855 volentes
1665 811 1839 876 personam
1863 797 1953 864 tuam

300 884 453 970 specialis
481 887 567 953 dono
597 890 703 974 gratie
731 889 908 971 honorare,
940 891 999 957 tibi
1030 892 1170 975 fructus,
1200 891 1348 958 redditus
1379 898 1413 958 et
1441 902 1618 979 proventus
1648 915 1761 959 omnes
1790 894 1953 960 iudicatus

299 987 449 1054 Arboree
460 990 483 1070 ¹,
512 1012 614 1057 censu
637 994 693 1079 qui
715 1016 773 1080 pro
797 1017 836 1060 eo
861 996 1001 1060 ecclesie
1024 995 1174 1061 Romane
1198 996 1339 1062 debetur
1361 1003 1511 1083 excepto,
1542 997 1773 1084 percipiendos
1797 1019 1816 1062 a
1839 1005 1872 1064 to
1894 1019 1954 1084 per

299 1092 390 1156 illum
413 1094 465 1158 rel
488 1093 561 1160 illos
585 1118 668 1182 quos
690 1098 732 1163 ad
755 1098 817 1163 boc
841 1099 1031 1165 duxerimus
1055 1099 1277 1186 deputandos,
1307 1101 1413 1187 quoad
1436 1102 1559 1166 rixeris
1584 1107 1743 1188 eiusque
1772 1102 1813 1166 ad
1841 1107 1952 1165 nostre

299 1193 542 1282 beneplacitum
565 1201 742 1267 voluntatis
766 1201 918 1268 duximus
942 1203 1138 1269 auctoritate
1162 1205 1365 1292 presentium
1390 1205 1649 1270 concedendos².
1687 1204 1778 1270 Nulli
1794 1225 1872 1289 ergo
1889 1209 1951 1268 etc.

404 1317 479 1384 Dat.
501 1295 667 1406 Lugduni,
690 1321 725 1386 Π
747 1322 832 1390 Non.
855 1323 952 1403 Iunii,
975 1323 1153 1391 annoV10.

1105 1493 1151 1560 11.

1034 1620 1089 1693 lli
1103 1621 1128 1692 d
1142 1642 1163 1694 e
1177 1642 1224 1692 m.

409 1748 491 1814 Oum
514 1749 573 1815 tibi
596 1757 775 1837 proventus
799 1773 911 1817 omnes
935 1750 1097 1817 iudicatus
1114 1751 1299 1834 Arboree·,
1323 1773 1424 1817 censu
1449 1753 1503 1838 qui
1519 1773 1577 1838 pro
1594 1773 1633 1817 eo
1651 1753 1791 1818 ecclesie
1807 1751 1953 1816 Romane

300 1848 441 1914 debetur
463 1860 613 1941 excepto,
642 1855 832 1919 duxerimus
856 1854 963 1940 quoad
987 1856 1109 1920 vixeris
1134 1853 1359 1920 concedendos
1383 1876 1486 1940 usque
1510 1853 1551 1918 ad
1575 1860 1686 1920 nostre
1710 1853 1952 1940 beneplacitum

299 1953 491 2020 voluntatis:
514 1959 718 2043 presentium
735 1964 850 2024 tenore
866 1960 949 2024 scire
966 1965 998 2025 te
1012 1961 1172 2038 volumus,
1196 1958 1282 2043 quod
1299 1960 1327 2022 si
1341 1979 1400 2045 pro
1422 1958 1653 2044 recuperandis
1678 1965 1711 2024 et
1733 1957 1953 2045 percipiendis

300 2057 427 2123 eisdem
450 2061 663 2145 proventibus
687 2068 720 2128 et
743 2062 968 2128 conservando
993 2063 1063 2127 iure
1086 2062 1189 2148 ipsius
1213 2062 1351 2127 ecclesie
1377 2062 1409 2126 in
1433 2062 1496 2127 hac
1518 2067 1611 2148 parte
1640 2063 1765 2147 aliquas
1789 2082 1953 2148 expensas

301 2161 411 2228 iacere
435 2169 467 2228 te
490 2165 674 2250 contigerit,
703 2166 945 2231 concessionem
968 2165 1155 2231 huiusmodi
1179 2187 1356 2251 numquam
1379 2165 1614 2244 revocabimus,
1645 2164 1749 2230 donoc
1772 2165 1871 2230 suerit
1893 2163 1953 2230 tibi

223 2281 247 2318 ¹³
300 2267 354 2331 vel
377 2267 442 2332 tuis
466 2268 712 2334 successoribus
736 2291 794 2355 pro
818 2269 899 2357 ipsis
922 2270 1078 2355 expensis
1101 2269 1141 2334 de
1170 2270 1272 2355 ipsius
1302 2268 1465 2333 iudicatus
1495 2268 1708 2354 proventibus
1738 2268 1953 2333 satisfactum.

409 2388 486 2454 Dat.
509 2389 673 2476 Lugduni,
696 2389 780 2460 Non.
804 2389 900 2473 Iunii,
923 2389 1097 2457 ennoV10.

926 2611 1337 2620 ——-—--—-—-—-

1087 2838 1173 2911 739.

404 2951 622 3046 laneae-sa
647 2978 704 3042 rr
718 2999 808 3058 papa
841 2978 948 3043 acar
981 2977 1241 3044 caeciliana
1268 2977 1457 3042 Veronense
1485 2977 1643 3042 Mantuae
1676 2980 1879 3044 ammaoni
1912 2979 1956 3043 aa

294 3100 405 3164 praece
419 3081 538 3147 comitis
552 3082 665 3147 Sancti
679 3081 846 3167 Bonifatii
862 3082 1004 3160 nrandat,
1026 3085 1062 3145 nt
1083 3081 1237 3164 quasdam
1252 3080 1465 3160 possessiones
1486 3081 1670 3146 manasterii
1690 3082 1728 3146 dc
1749 3081 1954 3166 Vanpadicic,

300 3185 457 3268 quondm
484 3185 641 3252 Willalmo
670 3185 708 3250 dc
733 3185 937 3251 laudaturis
965 3203 1138 3262 concessae,
1171 3185 1239 3250 eins
1265 3183 1442 3262 increditus,
1475 3184 1577 3268 meins
1608 3184 1729 3249 comitae
1756 3189 1786 3250 et
1811 3185 1955 3252 aenan

222 3305 249 3345 ²⁰
301 3289 427 3368 donatia
449 3289 618 3370 confimat.
1628 3291 1723 3368 1249,
1745 3289 1820 3353 Ian.
1837 3288 1866 3351 5.

403 3407 469 3462 Irin.
481 3406 530 3461 IV
544 3405 609 3476 Ray.
628 3405 687 3461 Lib.
706 3406 754 3474 Π
768 3406 790 3472 f.
802 3414 843 3475 49,
861 3424 889 3462 n.
901 3413 955 3464 567.

403 3493 534 3561 Pontica,
551 3493 723 3563 Ray.13657,·
740 3494 837 3564 Berge!
853 3500 929 3549 4547.

418 3728 457 3748 ..
485 3672 635 3747 abbati
661 3673 807 3747 Sancti
834 3673 990 3747 Lazari
1008 3664 1306 3759 Veronensis⁵‚
1333 3671 1509 3745 Mantus
1536 3671 1842 3744 commoranti.

411 3819 509 3902 Oum,
545 3821 631 3886 sicut
660 3843 703 3886 ex
732 3828 824 3909 parte
855 3821 967 3888 dilecti
997 3821 1056 3885 filii
1086 3820 1205 3886 nobilis
1232 3821 1294 3885 viri
1318 3871 1355 3888 ..
1384 3820 1511 3886 comitis
1542 3819 1653 3885 Sancti
1679 3819 1860 3885 Bonifatii³
1893 3821 1954 3884 luit

222 3953 246 3991 n
301 3925 504 4011 propositum
528 3947 638 3990 coram
660 3926 765 4007 nobis,
794 3925 958 4012 quondam
982 3973 1016 3992 ..
1040 3925 1142 3990 abbas
1165 3925 1355 3992 monasterii
1378 3923 1419 3989 do
1436 3923 1666 4009 Vangedicie⁴
1689 3922 1953 3988 Oamaldulensis

299 4027 423 4092 ordinis
447 4028 614 4094 Aniensis⁰
643 4028 782 4094 diocesis
813 4029 864 4092 sui
897 4034 1077 4094 conventus
1102 4027 1280 4094 accedente
1303 4049 1465 4093 consensu
1489 4027 1644 4113 quasdam
1668 4025 1896 4113 possessiones
1920 4033 1953 4092 et

300 4132 364 4196 alia
385 4131 472 4197 bone
494 4131 573 4198 dicti
596 4133 789 4198 monasterii
812 4132 975 4219 qnondam
990 4132 1160 4198 Willelmo
1184 4132 1226 4198 do
1248 4132 1490 4214 Lendenerial,
1514 4131 1566 4196 cui
1590 4128 1753 4195 Antonius
1777 4136 1810 4195 et
1832 4129 1951 4194 Petrus

299 4235 419 4300 iratres
441 4235 499 4299 filii
522 4257 560 4300 eo
579 4235 830 4302 Bartholomeus
853 4243 888 4302 et
904 4236 1068 4301 Antonius
1092 4241 1228 4322 nepotes
1252 4242 1286 4301 et
1308 4234 1459 4315 herodes,
1484 4234 1647 4320 capitanei
1669 4233 1709 4298 do
1732 4232 1951 4312 Lendeneris‚

300 4338 404 4425 ipsius
421 4337 547 4403 comitis
568 4344 601 4403 et
617 4339 757 4404 ecclesie
773 4339 923 4405 Romane
946 4339 1067 4422 devoti,
1093 4339 1275 4405 succedunt
1297 4340 1330 4402 in
1352 4339 1458 4416 bonis,
1481 4359 1586 4424 usquc
1609 4337 1651 4402 ad
1674 4343 1799 4402 certum
1822 4345 1952 4424 tempus

302 4441 362 4506 sub
392 4463 500 4506 annuo
531 4462 634 4507 censu
668 4441 799 4507 duxerit
833 4442 1057 4524 concedenda,
1093 4447 1190 4527 prout
1218 4443 1253 4506 in
1283 4441 1500 4508 instrumento
1532 4440 1663 4527 publico
1694 4440 1771 4506 inde
1803 4441 1952 4506 confecto

300 4547 429 4632 plenius
457 4545 575 4610 dicitur
603 4547 774 4612 contineri:
804 4569 879 4628 nos,
908 4545 1055 4612 eiusdem
1084 4546 1213 4611 comitis
1243 4544 1535 4632 supplicationibus
1557 4545 1720 4625 inclinati,
1749 4543 1952 4625 mandamus,

1704 4685 1849 4694 ————.——

404 4773 428 4838 ΙΙ)
447 4775 554 4826 arbonae
573 4773 605 4824 B.
709 4771 735 4838 b)
753 4774 790 4824 ita
806 4773 835 4825 in
852 4790 948 4840 marga
966 4773 995 4823 in
1012 4772 1091 4823 nara
1103 4771 1253 4822 Vironeusis
1271 4787 1339 4823 corr.
1351 4769 1514 4822 Veronensis.
1620 4767 1643 4836 ο)
1663 4769 1709 4836 lag.
1727 4770 1868 4822 Adrisneia

405 4909 433 4974 1)
451 4908 543 4961 Arbae
560 4907 591 4960 in
610 4907 751 4962 Sardinia.
788 4907 843 4961 Sub
861 4925 886 4962 a.
900 4914 974 4974 1246,
998 4907 1060 4960 Ian.
1076 4913 1091 4960 9
1109 4923 1184 4974 papa
1204 4905 1241 4959 ad
1261 4906 1349 4960 instar
1366 4905 1485 4960 ΗοποήιΙ
1500 4923 1590 4974 papae
1613 4905 1743 4973 wandala
1760 4905 1917 4962 anama
1934 4925 1953 4960 a

301 4993 391 5046 clarae
408 4993 546 5046 rncnscrn'oc
562 4993 677 5062 Hispano
693 4993 725 5046 dc
743 4993 802 5047 Bae
818 4993 905 5047 indice
921 4990 1069 5046 Artarena
1086 4997 1110 5045 et
1129 4991 1161 5046 P.
1178 4991 1211 5045 dc
1228 4991 1308 5045 &rra
1325 4991 1383 5045 cias
1405 4992 1539 5046 amrncrrlo
1556 4997 1579 5045 et
1595 5009 1614 5044 a
1632 4991 1778 5047 Benedicta
1794 4991 1905 5046 domina
1921 4992 1954 5047 dc

302 5077 394 5132 Garuli
409 5077 516 5132 cuidam
532 5079 688 5132 monasteria
703 5079 789 5144 factas
806 5080 1020 5146 cantii-nmmum
1037 5078 1138 5146 Barpar
1150 5085 1216 5132 1911.
1295 5078 1321 5146 2)
1342 5075 1412 5131 Mai.
1425 5083 1457 5132 26
1468 5077 1603 5132 chsicns
1620 5094 1667 5132 raa
1680 5078 1822 5133 Sardiniae
1832 5097 1851 5132 α
1862 5079 1953 5134 Bona-

300 5164 437 5218 nicnsibus
454 5169 548 5232 camis
565 5169 635 5230 arat;
658 5163 704 5218 sai
721 5182 788 5218 nam
801 5181 878 5234 papa
894 5164 923 5218 id
940 5165 1006 5219 scira
1023 5165 1077 5218 iarn
1090 5163 1217 5232 ροιιιστὶι,
1236 5169 1345 5232 propter
1362 5163 1552 5232 bmitndims
1569 5164 1673 5220 uiamm
1689 5165 1800 5220 Mam
1817 5170 1862 5220 aa.
1898 5165 1954 5220 Surb

300 5251 367 5306 Irni.
380 5259 413 5305 10
426 5267 503 5320 papa
521 5252 631 5305 demina
645 5249 822 5306 Tmritannm
837 5257 962 5306 reatorem
973 5250 1117 5305 Sardiniae
1134 5250 1270 5305 ommitnit
1287 5255 1311 5304 et
1328 5267 1415 5306 manes
1432 5251 1605 5307 concnam
1622 5267 1706 5320 aequa
1717 5251 1755 5306 aa
1766 5251 1954 5319 ὑακρῖαοίιιιηι

298 5337 469 5404 apastdicrrm
489 5337 576 5402 saetas
599 5337 740 5404 νουοοαυίίς
761 5338 792 5404 cs.
814 5337 889 5404 infra
912 5355 940 5391 n
960 5345 1005 5392 746
1029 5342 1052 5392 a
1076 5344 1130 5392 717.
1240 5338 1269 5401 3)
1287 5335 1337 5390 Ex
1357 5353 1396 5391 cr.
1419 5337 1466 5392 cic.
1486 5337 1650 5392 Veronensis.
1686 5337 1721 5390 A.
1739 5343 1813 5404 1249,
1839 5337 1909 5391 Mai.
1925 5347 1954 5393 11

194 5487 200 5500 ι
300 5421 459 5476 Banboldns
473 5421 630 5491 patriardra
642 5423 837 5492 Aqnalepiensis
851 5423 945 5489 foedae
962 5424 1060 5478 inierat
1076 5441 1135 5478 cam
1147 5423 1280 5494 [Artem]
1293 5424 1445 5478 amasim
1456 5424 1574 5492 Massi,
1593 5421 1742 5494 [litando]
1759 5423 1850 5478 wmrlc
1861 5423 1955 5478 Sancti

221 5523 248 5562 rc
301 5507 442 5575 Borasccii
462 5513 487 5564 ct
508 5508 659 5563 amatim
681 5507 807 5575 Ranae,
833 5509 968 5563 Mantiane
992 5515 1016 5563 ct
1039 5507 1183 5564 Iv'errariac
1205 5513 1302 5564 contra
1322 5509 1405 5564 lana
1426 5509 1556 5577 mansae,
1579 5508 1735 5578 proceanm
1757 5507 1899 5562 Erdinnm
1921 5507 1954 5564 dc

301 5593 438 5656 Rosam·
455 5593 743 5663 Heium-Brdroltcs,
761 5595 778 5648 l.
789 5611 812 5650 c.
830 5599 847 5649 t.
863 5595 909 5665 VI,
924 5611 953 5663 p.
968 5601 1027 5662 7315
1044 5596 1077 5661 os.
1095 5593 1175 5649 ctiam
1191 5596 1267 5648 Ann.
1281 5595 1401 5650 Placeat.
1416 5595 1474 5650 θῶ.
1491 5613 1518 5650 a.
1531 5601 1606 5659 1919,
1625 5594 1675 5650 SS.
1690 5599 1709 5649 t.
1724 5595 1840 5662 XVIII,
1854 5612 1882 5664 p.
1896 5602 1953 5651 199.

299 5681 327 5748 4)
346 5678 438 5734 Radia
455 5695 488 5733 cn
505 5695 555 5735 aaa.
572 5679 619 5734 cic.
633 5679 738 5750 Recipe
826 5681 854 5748 5)
873 5679 1397 5750 naaav.1t0aiaaamanan.iaaa

407 5773 471 5827 lira
489 5773 572 5828 Ponr.
591 5774 624 5829 11.
1192 5822 1195 5828 .
1717 5777 1751 5830 69
