4328 6232
749 386 949 444 lll'lS'l'OLAll
968 387 1158 444 suuuclnu
1197 391 1270 446 1245.
1805 401 1845 462 79

181 559 325 659 habetur
356 582 416 626 nco
445 569 552 626 tecum
583 562 792 627 meminimus
823 585 882 627 nos
911 569 1079 628 tractasse.
1125 563 1168 626 Et
1197 585 1394 650 quamquam
1425 568 1501 631 olim
1532 569 1564 632 in
1589 575 1730 634 tractatu
1755 572 1843 656 pacis

182 685 241 751 pro
270 663 369 727 huius
397 664 607 729 restitutione
637 666 742 749 gratie
772 665 939 752 prodictus
964 668 1116 752 princeps
1141 667 1227 752 apud
1251 690 1308 732 nos
1331 670 1445 734 instari
1470 672 1603 749 lecerit,
1636 696 1843 759 nequaquam

183 776 295 832 tamen
320 788 340 831 a
362 768 456 832 nobis
479 768 586 854 potuit
609 769 761 846 obtineri,
785 791 857 833 cum
881 792 943 834 neo
965 771 1094 835 clericis
1119 793 1225 857 nequo
1244 774 1335 837 laicis
1352 797 1455 859 penas
1472 778 1658 862 spirituales
1676 780 1842 844 remittere

183 872 393 958 aliquatenus
410 898 415 905 ·
433 872 655 947 intendamus3
695 874 782 939 unde
817 874 993 959 plurimum
1027 897 1203 960 possumus
1244 877 1407 943 admirari.
1456 879 1581 945 Verum
1618 882 1694 965 quia
1714 866 1842 968 ¹pacem

116 1001 127 1035 .·.
182 975 349 1060 diligimus
372 983 407 1050 et
429 975 626 1041 discordiam
649 977 797 1062 cupimus
821 977 958 1059 evitare,
988 986 1236 1064 acceptaremus
1261 980 1385 1059 adhue,
1419 984 1447 1047 si
1470 992 1670 1049 memoratus
1693 987 1844 1073 princeps

183 1099 299 1164 pacem
330 1079 422 1143 iuxta
456 1079 616 1166 prefatam
650 1081 787 1145 formam
816 1082 992 1146 observare
1021 1081 1168 1147 studeret
1196 1090 1230 1148 et
1260 1091 1326 1149 tam
1354 1086 1442 1150 viros
1472 1089 1715 1152 ecclesiasticos
1745 1111 1841 1174 quam

183 1182 284 1257 alios,
313 1182 369 1267 qui
399 1183 539 1247 ecclesie
569 1183 770 1248 adheserunt
799 1191 832 1248 et
860 1183 1049 1265 detinentur
1071 1186 1112 1250 ab
1138 1187 1210 1272 ipso
1234 1189 1371 1274 captivi,
1401 1189 1555 1256 redderet
1578 1191 1740 1271 libertati,
1770 1215 1842 1258 cum

186 1288 266 1352 alias
294 1308 362 1372 pax
389 1288 439 1352 eis
467 1287 559 1352 reddi
588 1288 720 1353 minime
745 1288 921 1369 videretur,
950 1311 988 1354 ae
1012 1296 1132 1355 terram
1157 1293 1297 1358 ecclesie
1321 1294 1496 1360 restituere
1520 1316 1584 1359 non
1608 1296 1769 1373 differret,
1798 1297 1843 1360 ita

186 1389 271 1476 quod
301 1390 505 1471 huiusmodi,
534 1399 599 1456 tem
630 1394 832 1479 captivorum
856 1415 953 1478 quam
978 1402 1078 1474 terre,
1110 1397 1273 1462 restitutio
1298 1407 1411 1484 posset
1434 1400 1475 1464 ad
1498 1408 1644 1464 nostram
1668 1402 1841 1486 pervenire

118 1524 133 1553 o
187 1495 336 1558 notitiam
369 1502 445 1561 ante
475 1497 647 1562 concilium
672 1518 691 1561 a
714 1496 807 1561 nobis
835 1505 999 1563 annuente
1031 1499 1170 1563 Domino
1199 1501 1465 1583 celebrandum¹,
1498 1507 1530 1566 in
1554 1524 1618 1588 quo
1642 1511 1842 1590 postponere

185 1619 246 1661 non
270 1599 464 1684 poterimus,
494 1600 571 1685 quin
595 1600 780 1686 superbiis
804 1607 838 1667 et
860 1602 944 1684 aliis,
968 1609 1065 1688 prout
1088 1603 1129 1667 de
1152 1605 1221 1669 iure
1245 1605 1355 1687 fuerit,
1378 1608 1628 1693 procedamus·.
1675 1607 1843 1685 Ceterum,

183 1703 252 1766 sive
276 1702 522 1769 restitutionem
544 1704 706 1770 eandemb
728 1706 800 1771 fieri
824 1707 999 1791 eontigerit
1023 1707 1092 1772 sive
1116 1729 1191 1788 non,
1215 1709 1256 1773 ad
1280 1731 1341 1774 uos
1364 1710 1524 1777 accedere
1549 1732 1612 1776 non
1636 1711 1798 1776 omittasl.

293 1822 373 1889 Dat.
394 1822 560 1910 Lugduni,
584 1824 618 1888 Il
641 1824 717 1891 Kal.
741 1825 830 1905 Maii,
854 1846 940 1890 anno
963 1825 1006 1890 11.

810 2054 1211 2064 Q...-

973 2262 1056 2337 111.

289 2372 509 2466 Irrrroccntius
528 2402 585 2468 IV
602 2425 692 2485 propo
723 2405 828 2484 priori
858 2403 1001 2469 ecclcsiae
1027 2401 1200 2467 Duodecim
1222 2404 1442 2485 ⁴apostotorum
1466 2404 1688 2471 Porrrrensium
1721 2408 1844 2472 ordinis

114 2528 126 2559 τ·
181 2507 287 2571 assuti
308 2505 419 2571 Marei-
446 2505 590 2584 nsandei,
621 2512 657 2570 ut
682 2509 906 2572 sironoatcriom
935 2509 1038 2572 soracti
1061 2507 1210 2588 Prosperi
1236 2508 1273 2572 rte
1301 2509 1473 2587 Ferentio,
1504 2510 1587 2591 qood
1613 2532 1635 2574 o
1657 2509 1843 2575 Riccobaldo

179 2610 246 2672 cicc
271 2609 475 2676 Crouroacasi
495 2608 621 2690 fautore
637 2611 799 2691 principia
820 2616 1015 2692 occsrputum,
1039 2631 1174 2692 prorsus
1196 2613 1367 2693 collapsum
1389 2614 1443 2690 sit,
1475 2613 1512 2677 dc
1534 2613 1643 2677 ordine
1665 2613 1843 2678 Motoroao

179 2710 371 2778 Parmensis
392 2712 521 2779 diocesis
543 2713 702 2799 reformat.
1506 2717 1600 2794 1245,
1623 2716 1708 2782 Mai.
1725 2719 1754 2780 5.

287 2831 352 2885 Issa.
366 2830 413 2884 IV
427 2831 491 2902 Req.
510 2833 606 2902 Voss,
626 2840 692 2902 182,·
709 2833 769 2888 Lu.
783 2834 825 2901 II,
838 2841 895 2889 506.

287 2918 470 2986 Bffytrlm.

295 3136 336 3155 ..
364 3080 516 3173 priori
543 3083 744 3157 ecclesie
771 3082 1023 3156 Duodecim
1049 3082 1380 3173 Apostolorum
1407 3084 1726 3159 Parmensium

740 3204 923 3278 ordinis
950 3202 1109 3277 sancti
1135 3201 1287 3277 Marci.

293 3334 563 3421 significantibus
600 3336 730 3402 dilectis
764 3337 840 3400 liliis
878 3344 1039 3401 conventu
1071 3336 1259 3402 monasterii
1289 3337 1394 3401 sancti
1422 3336 1577 3424 Prosperi
1607 3336 1647 3402 de
1679 3337 1840 3403 Faventia

180 3439 305 3505 ordinis
327 3441 433 3506 sancti
448 3440 625 3527 Augustini
652 3462 712 3506 nos
735 3442 867 3506 noveris
890 3440 1059 3526 accepisse
1069 3450 1091 3519 ⁰,
1116 3439 1203 3526 quod
1226 3441 1461 3505 monasterium
1476 3442 1595 3526 ipsum,
1618 3440 1705 3525 quod
1721 3442 1838 3506 florere

182 3545 215 3608 iu
239 3543 466 3630 spiritualibus
490 3553 524 3610 et
546 3543 737 3611 habundare
760 3546 793 3609 in
816 3542 1052 3630 temporalibus
1076 3545 1256 3625 consuevit,
1280 3549 1416 3631 propter
1438 3543 1596 3609 malitiam
1619 3544 1837 3609 habitantium

101 3680 129 3719 ss
184 3648 218 3712 in
246 3647 380 3730 eodem,
411 3650 542 3736 rapinas
572 3655 605 3714 et
634 3649 878 3735 persecutiones
907 3648 1092 3712 nuntiorum
1125 3647 1279 3733 principis
1310 3647 1352 3712 ad
1381 3648 1471 3712 illam
1500 3654 1551 3712 est
1580 3647 1837 3713 exinanitionem

183 3750 371 3831 deductum,
394 3753 482 3839 quod
505 3755 561 3818 vix
583 3752 714 3832 adiciet,
738 3760 774 3818 ut
796 3760 962 3838 resurgat3
990 3773 1066 3816 nam
1090 3750 1254 3837 quondam
1279 3802 1312 3817 ..
1336 3753 1442 3838 priore
1467 3751 1569 3837 ipsius
1593 3752 1783 3815 monasterii
1806 3753 1838 3816 in

183 3877 318 3922 carcerc
353 3856 510 3944 principis
539 3857 626 3921 viam
662 3857 813 3922 universe
843 3857 950 3922 carnis
986 3857 1134 3942 ingresso
1164 3876 1203 3920 ac
1232 3853 1408 3920 Frederico
1436 3861 1512 3920 nato
1539 3852 1732 3919 Riccobaldi
1760 3854 1839 3918 civis

184 3959 435 4038 Cremonensis,
464 3982 567 4027 annos
591 3967 719 4047 septem
742 3981 806 4026 non
830 3961 989 4042 habente,
1013 3961 1046 4025 in
1069 3961 1210 4046 priorem
1234 3960 1337 4046 ipsius
1361 3959 1553 4025 monasterii
1577 3980 1636 4044 per
1658 3958 1839 4044 prinoipem

184 4064 352 4141 instituto,
382 4063 489 4129 dietus
513 4065 553 4130 R.
576 4064 760 4150 predictum
791 4064 1025 4155 monasterium
1056 4084 1220 4148 occupans
1245 4063 1419 4142 violenter,
1451 4063 1497 4128 sic
1521 4062 1622 4148 ipsius
1645 4062 1730 4125 bona
1755 4061 1840 4147 rapit

126 4204 133 4231 s
187 4177 220 4232 et
243 4167 383 4253 dissipat
405 4173 439 4232 et
461 4169 632 4248 consumit,
656 4168 741 4254 quod
765 4170 797 4232 in
821 4169 1021 4233 monasterio
1045 4169 1114 4254 ipso
1137 4167 1214 4231 dato
1235 4165 1420 4231 omnimode
1442 4168 1586 4231 vastitati
1609 4166 1700 4231 nulla
1722 4167 1839 4252 religio

186 4272 317 4356 penitus
333 4270 538 4337 observatur.
577 4270 686 4344 Quare
703 4272 798 4337 nobis
814 4271 981 4336 humiliter
997 4271 1232 4357 supplicarunt,
1255 4276 1292 4334 ut
1308 4268 1413 4335 eidem
1429 4271 1628 4335 monasterio
1647 4291 1838 4334 succurrere

186 4375 322 4439 salutari
354 4374 516 4449 remedio,
547 4397 588 4440 ne
612 4375 830 4440 absorbeatur
852 4375 1012 4454 totaliter,
1043 4372 1299 4439 misericorditer
1323 4394 1518 4439 curaremus.
1565 4373 1725 4448 Quocirca
1747 4394 1838 4435 man·

184 4477 316 4558 damna,
350 4479 502 4565 quatinus
530 4481 748 4565 personaliter
776 4482 938 4546 accedens
968 4479 1009 4544 ad
1039 4481 1143 4543 locum
1173 4485 1207 4543 et
1235 4478 1360 4542 habens
1385 4499 1442 4565 pre
1466 4477 1569 4541 oculis
1592 4477 1697 4540 solum
1720 4475 1839 4554 Deum,

185 4583 246 4669 ipsi
274 4583 477 4648 monasterio
505 4584 649 4648 officium
680 4585 876 4649 visitationis
904 4583 1111 4670 impendens,
1141 4581 1221 4647 illud
1252 4581 1292 4646 de
1321 4580 1433 4645 ordine
1457 4580 1628 4645 Maturano
1652 4581 1840 4644 Parmensis

186 4685 344 4767 diocesis,
383 4693 481 4772 prout
520 4687 702 4751 animarum
740 4686 877 4751 fratrum
915 4687 1014 4751 saluti
1048 4693 1082 4750 et
1115 4685 1248 4750 utilitati
1286 4686 1476 4750 monasterii
1517 4683 1674 4770 expedire
1710 4684 1839 4759 rideris,

185 4790 365 4855 reformare
390 4810 561 4875 procures;
585 4791 843 4856 contradictores
867 4796 929 4855 etc.

294 4911 372 4977 Dat.
396 4911 558 4998 Lugduni,
582 4912 633 4977 III
656 4911 767 4978 Nonas
790 4913 878 4993 Maii,
902 4934 988 4978 anno
1011 4911 1056 4977 ΙΙ.

290 5137 317 5205 ⁸)
335 5139 435 5207 Boyn.,·
451 5139 618 5208 procedemus
631 5139 663 5191 P.
749 5136 775 5202 b)
793 5140 896 5191 undem
909 5138 994 5206 Rapo·
1082 5139 1105 5200 c)
1124 5138 1250 5203 recepisse
1262 5136 1304 5200 13,
1321 5136 1366 5202 qut
1382 5152 1449 5203 pero.
1468 5136 1579 5187 missit.

292 5276 320 5343 l)
338 5272 404 5328 Ian.
419 5280 467 5340 24;
487 5274 523 5340 cf.
545 5291 573 5328 n.
591 5281 629 5329 78.
717 5273 743 5337 2)
762 5273 827 5327 Nisi
848 5273 980 5340 fallimur,
1005 5270 1134 5325 mausum
1156 5285 1240 5339 penus
1262 5269 1345 5323 buius
1369 5270 1492 5337 cmstotoc
1512 5269 1545 5321 ob
1566 5284 1605 5335 co,
1632 5268 1703 5336 quod
1725 5267 1755 5320 iri
1779 5269 1841 5322 otiis

187 5359 438 5429 animadvertimus,
459 5360 633 5429 admotam
649 5359 793 5429 dismqsat,
814 5366 921 5428 propter
937 5358 1010 5428 praed
1026 5357 1126 5412 orcdm
1143 5357 1250 5410 eclimus
1263 5374 1367 5425 papo-m
1384 5356 1471 5424 sperem
1488 5373 1545 5409 earn
1562 5355 1630 5409 uest
1646 5373 1674 5408 a.
1690 5363 1705 5408 7
1720 5371 1842 5408 cmrossc

187 5455 211 5503 et
234 5448 297 5503 inde
316 5448 386 5517 ion,
408 5463 471 5503 uss
490 5444 582 5502 adan
604 5463 703 5516 nuper
725 5447 935 5502 ammatomm
957 5446 1033 5515 copia
1057 5443 1164 5499 (111111ιί1
1184 5444 1217 5497 in
1237 5459 1268 5497 ca
1290 5460 1347 5497 non
1369 5443 1525 5511 reperiatur,
1546 5441 1613 5509 qiud
1630 5458 1706 5510 papa
1723 5442 1842 5510 sensuit

186 5534 307 5605 curtius
320 5534 440 5591 mdcvi
468 5534 650 5604 Nullmst
665 5534 735 5589 mart
752 5550 806 5589 csse
823 5534 899 5588 nobis
916 5532 1019 5588 ridetur
1034 5548 1095 5586 cam
1110 5546 1193 5598 acne,
1211 5535 1242 5583 ut
1253 5529 1285 5583 dc
1298 5545 1364 5597 pecc
1376 5533 1545 5595 cadmeas,
1563 5527 1678 5581 taedam
1685 5528 1840 5596 permisisse,

188 5620 788 5691 mqubmndumemma
815 5615 1843 5688 itafieripoeoesoaspcrasarit‚actqaiouttampaoemiairccum

190 5705 316 5765 Mai·
616 5706 729 5776 11114.
746 5724 775 5762 ss
787 5714 840 5763 ns.
