4328 6232
64 1024 76 1059 5

27 1977 48 2018 10

48 2547 69 2589 ib

87 4678 105 4719 li

702 355 903 412 urlsromu
919 357 1110 416 SELEOTAE.
1149 361 1223 416 1244.
1751 370 1792 434 39

587 591 625 609 ..
655 537 1023 631 archiepiscopo
1058 541 1345 634 Maguntiuo.

247 679 330 746 Oum
354 682 494 747 dilectus
518 682 603 747 filius
628 733 660 747 ..
684 685 808 750 electus
831 685 1036 754 Coloniensis
1061 691 1231 774 negotium
1256 692 1394 757 ecclesie
1419 694 1558 759 viriliter
1580 701 1678 782 prout
1700 702 1792 782 patet

138 806 197 872 per
218 805 321 871 opera
343 794 572 872 prosequatur,
594 809 667 867 nos,
690 791 839 855 volentes
863 792 969 878 ipsum
992 793 1129 878 proinde
1154 796 1365 881 prerogativa
1388 797 1509 861 favoris
1531 804 1565 863 et
1587 798 1693 884 gratie
1715 820 1790 885 pro-

140 889 233 974 sequi
269 891 438 976 speeialis,
473 892 677 979 presentium
706 893 766 958 tibi
795 895 989 960 auctoritate
1017 896 1224 975 mandamus,
1262 901 1413 985 quatinus
1443 903 1792 966 excommunicationis

137 993 336 1075 sententias,
369 1015 449 1080 quas
480 995 610 1081 quidam
642 996 767 1062 iudices
790 1019 810 1061 a
833 998 910 1063 sede
934 1001 1117 1084 apostolica
1140 1000 1284 1086 delegati
1307 1004 1340 1067 in
1363 1004 1470 1089 ipsum
1493 1006 1665 1070 occasione
1688 1004 1792 1081 debiti

136 1097 182 1161 ab
204 1097 276 1162 eius
298 1098 534 1184 predecessore
559 1101 716 1164 contracti
739 1103 967 1187 promulgasse
985 1102 1137 1168 dicuntur
1147 1105 1168 1185 ¹,
1192 1106 1262 1171 sine
1280 1107 1425 1192 qualibet
1440 1107 1633 1173 difficultate
1650 1109 1791 1185 relaxes,

135 1200 297 1265 mandans
321 1201 445 1278 eidem,
475 1209 512 1266 ut
531 1205 690 1288 persistat
713 1206 746 1268 in
770 1204 944 1270 devotione
968 1206 1125 1287 ecclesie,
1149 1214 1185 1271 ιιι
1208 1209 1344 1296 incepit,
1369 1218 1403 1275 et
1424 1211 1515 1277 mille
1537 1232 1665 1276 marcas
1688 1231 1791 1296 usque

136 1304 182 1368 ad
203 1306 334 1390 plenam
355 1306 553 1372 'solutionem
576 1308 679 1373 debiti
702 1309 869 1395 persolvat
892 1311 959 1374 suis
983 1310 1197 1376 creditoribus
1221 1315 1420 1380 annuatim'i.

246 1424 323 1492 Dat.
346 1426 499 1494 Lateran.
517 1428 548 1493 V
564 1427 639 1493 Kal.
663 1428 761 1495 Febr.
784 1451 870 1495 auno
893 1432 997 1518 primo
1009 1431 1032 1496 ³.

937 1831 998 1905 51.

241 1921 460 2017 Innocentius
473 1952 499 2017 1
502 1951 530 2016 V
545 1973 636 2034 popa
660 1952 837 2020 Gnidonem
865 1954 981 2019 dictum
1006 1955 1165 2021 Gnorrom
1193 1955 1330 2020 comitem
1354 1955 1539 2036 palatinam
1564 1955 1695 2020 Tusciae
1723 1975 1793 2021 cnara

144 2052 280 2118 omnibns
302 2052 399 2133 bons,
421 2075 501 2136 qaae
523 2060 663 2136 temporo,
686 2077 747 2138 qno
762 2047 913 2141 princeps
934 2059 1218 2123 excommunicatos
1235 2056 1348 2142 fuerit,
1367 2058 1540 2138 possederit
1562 2062 1591 2122 et
1612 2077 1692 2139 qaae
1707 2077 1792 2122 nnnc

135 2155 300 2240 possideat,
321 2156 380 2222 nob
396 2159 588 2242 protectione
610 2179 669 2224 sue
691 2160 830 2242 suscipit
1445 2164 1539 2241 1244,
1562 2160 1636 2225 Ian.
1651 2163 1704 2226 28.

240 2277 305 2331 na.
318 2276 367 2329 rr
381 2277 445 2346 aa.
464 2278 555 2342 uir
573 2288 618 2345 71,·
635 2279 735 2348 nor,
754 2287 808 2335 ιιι.

240 2362 339 2431 Repe
354 2369 419 2431 cea·
439 2363 568 2434 Posiae,
589 2367 655 2436 hep.
668 2374 743 2422 rues
759 2368 825 2421 aaa
841 2366 891 2421 sao
907 2385 932 2420 a.
947 2374 1017 2436 reos,
1039 2367 1094 2423 oo.
1107 2375 1148 2424 as.

188 2522 349 2599 Nobili
376 2527 477 2601 viro
506 2527 712 2602 Gnidoui
739 2530 867 2603 dicto
895 2529 1098 2604 Guerre·
1125 2531 1284 2603 comiti
1312 2531 1532 2623 palatino
1560 2529 1739 2604 Tuscie.

242 2656 288 2723 Ilt
310 2659 392 2724 ratio
415 2662 561 2746 postulat
577 2668 610 2727 et
626 2663 752 2748 equitas
768 2661 958 2748 persuadet,
980 2669 1016 2726 ιιι
1031 2660 1221 2726 devotorum
1238 2664 1356 2728 merita
1371 2663 1515 2748 benigna
1530 2663 1791 2728 consideratione

141 2768 326 2846 pensantes,
350 2765 601 2830 retributionem
625 2764 823 2850 condignam
846 2766 991 2852 ipsorum
1015 2765 1181 2851 obsequiis
1205 2766 1435 2851 rependamus,
1458 2773 1495 2830 ut
1518 2773 1552 2831 et
1574 2766 1638 2851 ipsi
1656 2786 1715 2851 per
1729 2765 1791 2830 hec

142 2864 177 2928 ad
209 2865 346 2931 servitia
377 2866 465 2931 sedis
495 2869 676 2954 apostolice
706 2869 820 2933 fortius
851 2869 1046 2950 animentur,
1078 2874 1111 2934 et
1139 2868 1180 2934 ad
1209 2869 1241 2933 id
1270 2890 1382 2934 eorum
1414 2870 1568 2955 exemplo
1593 2875 1718 2933 eeteros
1742 2870 1790 2932 in-

143 2970 288 3035 vitemus.
340 2969 536 3058 Ilapropter,
573 2972 692 3038 dilecte
728 2973 761 3038 in
793 2972 935 3037 Domino
969 2973 1030 3053 fili,
1069 2980 1164 3059 prout
1203 2975 1357 3039 convenit
1395 2973 1603 3039 attendentes
1638 2972 1723 3059 quod
1757 2973 1789 3035 in

143 3071 312 3139 devotione
336 3075 516 3161 apostolice
541 3076 629 3140 sedis
652 3078 742 3149 illam
767 3078 921 3143 studuisti
944 3098 1075 3142 servare
1093 3079 1320 3158 constantiam,
1344 3077 1430 3164 quod
1447 3099 1507 3143 nee
1525 3077 1789 3164 dampnatorum

143 3198 197 3242 nec
216 3199 360 3265 persone
382 3181 529 3266 pericula
551 3188 584 3246 te
608 3181 649 3245 ab
674 3183 812 3247 ecclesie
828 3183 987 3249 fidelitate
1004 3187 1153 3246 avertere
1169 3188 1357 3266 potuerunt,
1383 3188 1416 3246 et
1432 3180 1578 3246 debitum
1593 3180 1790 3243 extimantes

142 3289 172 3345 ut
199 3283 263 3346 tuis
294 3282 508 3369 petitionibus
538 3284 762 3349 favorabiliter
785 3306 982 3368 annuamus,
1011 3285 1077 3349 tuis
1102 3285 1395 3370 supplicationibus
1419 3284 1581 3363 inclinati,
1614 3302 1790 3368 personam
1870 3307 1876 3323 ι

142 3391 224 3450 tuam
248 3386 281 3449 in
305 3384 478 3452 devotione
502 3388 642 3453 ecclesie
666 3409 705 3453 ac
729 3386 916 3451 defensione
940 3386 1100 3452 catholice
1125 3387 1201 3452 fidei
1225 3395 1258 3452 et
1280 3388 1441 3451 libertatis
1464 3386 1689 3451 ecclesiastice
1713 3405 1788 3471 per-

141 3489 319 3569 sistentem,
342 3495 460 3571 terras,
482 3492 724 3577 possessiones,
748 3497 865 3570 castra,
889 3490 1129 3556 iurisdictiones
1154 3498 1187 3556 et
1211 3491 1275 3556 alia
1298 3492 1407 3555 omnia
1430 3491 1515 3555 bona
1538 3498 1605 3571 tua,
1629 3509 1692 3574 que
1712 3488 1789 3552 olim

142 3597 301 3679 tempore,
332 3615 396 3680 quo
426 3595 578 3680 princeps
606 3594 906 3660 excommunicatus
929 3616 988 3681 per
1010 3595 1223 3681 apostolicam
1247 3594 1360 3660 sedem
1383 3594 1508 3674 extitit,
1539 3593 1732 3679 possidebas
1757 3599 1791 3657 et

141 3714 198 3779 que
226 3697 514 3784 impresentiarum
541 3698 781 3763 rationabiliter
811 3698 959 3784 possides
989 3705 1046 3762 aut
1074 3699 1107 3762 in
1135 3699 1277 3763 futurum
1301 3705 1363 3764 etc.
1391 3719 1511 3784 usque:
1544 3697 1788 3762 communimus.

142 3797 330 3866 Sententiae
354 3822 499 3888 quoque,
529 3802 652 3883 banna,
685 3809 825 3883 statuta,
855 3802 1092 3878 ordinationes,
1122 3823 1239 3889 panas,
1268 3801 1534 3878 confiscationes,
1564 3801 1735 3887 privilegia
1758 3805 1791 3862 et

141 3905 369 3969 concessiones
400 3905 505 3969 factas
535 3906 576 3971 de
607 3907 701 3971 bonis
729 3908 793 3971 tuis
817 3907 859 3971 ab
883 3905 996 3971 eodem
1020 3907 1166 3993 principe
1190 3906 1242 3971 vol
1266 3906 1330 3970 alio
1353 3927 1411 3991 pro
1434 3906 1505 3991 ipso
1530 3904 1789 3989 quibuscumque

141 4009 426 4075 communitatibus
455 4016 489 4077 et
519 4013 682 4098 personis,
714 4031 842 4076 necnon
869 4010 1052 4096 pactiones,
1082 4010 1292 4087 securitates,
1322 4008 1489 4088 dationes,
1517 4007 1733 4073 refutationes
1758 4011 1791 4069 et

141 4111 354 4180 instrumenta
376 4136 397 4179 a
418 4121 452 4179 te
480 4115 566 4180 dicto
589 4114 728 4202 principi
751 4116 804 4179 rel
827 4115 924 4180 alicui
947 4136 1006 4201 pro
1030 4135 1068 4179 eo
1093 4136 1137 4179 ox
1159 4133 1362 4198 quacumque
1386 4132 1487 4177 causa
1508 4110 1647 4197 prestita
1670 4115 1703 4174 et
1725 4107 1790 4172 alia

141 4218 262 4298 omnia,
294 4238 358 4303 que
388 4225 502 4283 contra
532 4225 564 4283 to
596 4225 629 4283 et
652 4219 739 4283 bona
762 4225 819 4283 tua
841 4219 1041 4304 generaliter
1064 4219 1116 4283 vel
1140 4218 1328 4304 specialiter
1349 4216 1434 4281 idem
1458 4216 1610 4302 princeps
1633 4214 1789 4278 statuisse

141 4318 300 4402 dicitur‘,
313 4321 506 4388 auctoritate
522 4324 725 4408 presentium
740 4361 783 4371 —
798 4345 861 4387 non
878 4322 1084 4387 obstantibus
1101 4320 1293 4385 iuramentis
1310 4341 1408 4406 super
1424 4319 1485 4383 hiis
1501 4340 1521 4383 a
1536 4325 1568 4384 te
1585 4318 1731 4404 prestitis
1747 4353 1789 4362 —

141 4444 340 4490 revocamus.
384 4424 476 4490 Nulli
498 4447 578 4511 ergo
601 4462 644 4473 —
666 4434 778 4492 nostre
804 4426 1017 4513 protectionis
1041 4433 1074 4491 et
1097 4423 1314 4490 revocationis
1338 4427 1401 4488 etc.
1439 4422 1475 4487 si
1499 4422 1571 4507 quis
1594 4427 1702 4484 autem
1726 4427 1789 4483 ete.

246 4544 324 4611 Dat.
346 4546 500 4612 Lateran.
516 4545 548 4610 V
563 4545 638 4612 Kal.
662 4547 759 4612 Febr.
783 4568 869 4611 anno
893 4547 1007 4633 primo.

247 4666 286 4731 ln
319 4667 459 4732 eundem
494 4667 624 4732 modum
658 4668 824 4733 nobilibus
857 4669 936 4732 viris
969 4666 1140 4746 Rainerio,
1172 4664 1335 4742 Heurico,
1363 4661 1501 4727 Leutiob
1532 4661 1572 4725 de
1592 4661 1789 4739 vallebona,

144 4768 269 4850 lsoobo,
293 4770 435 4837 Ieremia
459 4770 501 4836 de
523 4771 683 4852 Buoun.⁰,
706 4771 844 4837 Nicolao
867 4772 970 4858 Nigro
995 4777 1029 4836 et
1050 4770 1194 4856 Ugolino
1219 4768 1259 4832 de
1282 4765 1420 4831 Pledad.

245 4874 285 4938 In
302 4873 444 4940 eundem
459 4874 593 4939 modum
610 4875 773 4941 nobilibus
789 4876 867 4940 viris
883 4874 1044 4954 Pulcerio,
1067 4873 1096 4937 N
1100 4873 1217 4953 ioolso,
1240 4870 1405 4949 Rainario,
1429 4868 1566 4933 Iohanni
1583 4864 1790 4955 Guidlonisl⁸

145 4973 181 5040 de
203 4975 343 5041 Galbulo
366 4984 399 5042 et
421 4976 558 5063 Algerio
582 4979 623 5045 de
646 4975 835 5044 Ursarola⁵.

242 5205 266 5265 δ)
279 5202 327 5256 Β..·
344 5206 445 5256 Guerra
456 5204 488 5255 P.
558 5204 583 5269 b)
600 5206 638 5256 ite
650 5205 680 5256 P.
693 5214 717 5257 et
728 5205 803 5269 Meo,
820 5206 864 5272 qui
881 5206 1011 5271 sequendo
1027 5220 1124 5270 qnoque
1141 5203 1248 5253 omnino
1265 5218 1321 5253 eum
1334 5199 1396 5266 Bep.
1415 5197 1498 5249 dcnno
1517 5197 1634 5257 contnlit;
1651 5200 1744 5251 Lentio
1755 5198 1789 5251 B.

91 5291 111 5332 ⁴·
149 5285 170 5352 ἰ
184 5288 317 5342 Bomio.
405 5287 431 5355 d)
449 5291 583 5344 risores.
671 5290 694 5357 e)
713 5293 823 5344 ronanus
840 5289 921 5344 cuir
934 5291 977 5352 a.,·
993 5291 1111 5353 ronanus,
1130 5287 1287 5340 careonis.

241 5424 269 5491 1)
289 5421 328 5491 ca
340 5424 442 5495 Berper
452 5432 510 5482 344.
580 5424 608 5492 2)
629 5424 667 5493 θῇ
680 5426 778 5495 Berper
789 5434 846 5482 392.
920 5425 947 5494 3)
966 5423 1041 5479 Haeo
1058 5423 1167 5492 epistola
1184 5441 1202 5475 a
1214 5438 1291 5490 pape
1304 5420 1388 5474 Mart.
1401 5427 1433 5474 17
1448 5418 1484 5474 od
1501 5418 1605 5474 narbam
1621 5419 1728 5486 repotia
1745 5424 1791 5487 est,

147 5512 243 5579 W
258 5509 335 5582 quod
351 5510 461 5583 lepitan
483 5512 573 5569 debiti
596 5515 655 5567 tam
673 5512 709 5567 ab
727 5513 850 5568 eiusdem
869 5512 1061 5584 predecessore
1080 5526 1164 5578 quam
1182 5508 1279 5563 eodem
1297 5506 1387 5561 electo
1405 5505 1556 5569 contracti,
1578 5505 1694 5572 nialla
1712 5506 1790 5561 milla

147 5608 245 5653 ΙΝ
259 5596 388 5670 “guith
406 5598 569 5671 Rapsioi.
645 5600 673 5669 4)
694 5599 732 5666 (If.
752 5597 987 5666 Bohmer-Fielter,
1006 5597 1022 5651 l.
1034 5612 1054 5651 e.
1068 5602 1137 5652 3137.
1218 5595 1245 5658 5)
1264 5591 1789 5661 Idem,nonneoaaocaou1amaaes,

148 5676 285 5743 dn&
304 5684 671 5761 macedonico&
690 5686 828 5756 Romana·
846 5684 1277 5752 Cod.1icois.s.3,n.9apopr.
1296 5678 1484 5750 inapparatu
1502 5678 1623 5734 Monam.
