4328 6232
822 334 1023 395 erroneum
1040 335 1230 395 sennense.
1268 338 1343 394 nn.
1866 348 1904 409 51

251 533 292 577 ae
318 512 466 598 legitime
497 510 649 575 comItem
679 513 917 598 supradictum,
945 519 981 577 ut
1007 514 1103 579 bonis
1131 537 1242 580 eorum
1275 516 1442 602 occupatis
1466 516 1506 580 de
1530 517 1727 602 supradictis
1750 518 1906 584 hereticis

249 617 499 703 condempnatis
524 624 679 702 purgaret
702 618 849 701 legitimo
873 626 994 682 terram
1020 641 1113 684 snam
1137 628 1170 685 et
1193 620 1233 685 de
1256 623 1336 707 ipsis
1359 620 1485 685 faceret
1508 621 1593 705 quod
1616 621 1763 688 deberet.
1810 622 1906 696 Quod

249 719 458 806 supradictus
482 741 593 785 comes
615 720 726 785 facere
750 741 816 784 non
840 722 975 802 curavit,
1000 722 1059 787 sed
1082 722 1142 787 init
1165 731 1199 788 et
1223 726 1328 789 estin
1351 724 1533 809 perieulum
1556 726 1663 790 anime
1687 747 1745 791 sue
1769 734 1804 791 et
1827 748 1905 791 con-

249 830 410 909 temptum
445 824 585 889 ecclesie
620 831 653 889 et
687 845 841 908 magnum
879 826 1110 890 catholicorum
1149 827 1339 891 scandalum
1373 828 1405 891 in
1438 827 1499 892 hoc
1534 828 1629 893 valdo
1665 830 1837 916 negligens
1873 837 1906 894 et

254 927 423 1002 remissns;
449 926 533 1013 quod
558 928 657 993 etiarn
680 927 789 992 facere
813 928 987 993 tenebatur
1008 930 1137 1015 proprio
1161 932 1356 997 iuramento.
1401 929 1482 994 Ourn
1507 933 1608 1016 igitur
1628 934 1808 1020 negligere,
1832 954 1905 998 cum

250 1031 353 1117 possit
374 1031 568 1118 perturbare
592 1052 777 1117 perversos,
801 1032 900 1096 nichil
917 1032 1004 1096 aliud
1022 1034 1064 1097 sit
1080 1054 1176 1118 quem
1192 1035 1314 1115 fovere,
1338 1055 1399 1098 nec
1416 1040 1549 1099 careat·
1566 1037 1718 1123 scrupulo
1736 1037 1904 1103 societatis

252 1134 393 1212 occulte,
428 1135 483 1219 qui
511 1133 687 1198 manifesto
719 1134 857 1199 facinori
885 1133 1006 1199 desinit
1035 1134 1182 1216 obviare,
1216 1158 1292 1217 nos,
1322 1137 1439 1201 fratres
1462 1138 1499 1203 F.
1524 1146 1557 1203 et
1580 1138 1620 1203 G.
1645 1139 1823 1226 supradicti
1855 1142 1904 1205 in-

253 1238 435 1323 quisitores,
457 1239 615 1323 requisito
638 1245 672 1303 et
694 1238 805 1304 habito
829 1239 962 1303 consilio
987 1240 1225 1326 quamplurium
1248 1241 1569 1327 archiepiscoporum
1586 1242 1639 1307 etb
1663 1245 1904 1330 episcoporum,

256 1341 388 1404 aliorum
411 1341 611 1426 prelatorum
635 1363 763 1407 necnon
786 1349 819 1407 et
842 1344 980 1408 aliorum
1010 1345 1225 1431 prudentumc
1249 1345 1410 1425 virorum,
1441 1346 1662 1432 supradictum
1687 1347 1727 1413 R.
1751 1348 1904 1412 comitem

255 1443 450 1510 Tolosanum
478 1447 801 1512 excommunicamus
829 1453 862 1512 et
890 1447 1205 1513 anathematizamus
1236 1455 1391 1534 tanquam
1424 1450 1601 1530 fautorem,
1634 1450 1840 1516 defensorem
1871 1458 1904 1514 et

256 1555 487 1634 receptatorem
510 1549 739 1629 hereticorum,
763 1549 930 1615 tradentes
955 1572 1072 1637 corpus
1096 1551 1165 1615 eius
1182 1550 1327 1616 Sothane
1344 1552 1376 1615 in
1393 1553 1560 1617 interitum
1577 1553 1694 1634 carnis,
1717 1559 1753 1617 ut
1769 1554 1902 1639 spirltus
1917 1575 1935 1612 r.
1948 1569 1996 1612 eor.
2007 1577 2058 1624 ns.

255 1652 321 1715 eius
344 1653 454 1716 salvus
478 1653 575 1716 sitin
597 1653 651 1718 die
674 1653 795 1718 domini
819 1655 920 1718 nostri
944 1654 1022 1718 Iesu
1046 1653 1177 1718 Christi.

355 1754 441 1820 Lata
467 1755 529 1819 init
558 1756 620 1820 hec
643 1757 807 1820 sententia
823 1755 907 1820 VIII
930 1756 1008 1820 Idus
1031 1755 1115 1821 Iunii
1139 1757 1226 1843 apud
1250 1756 1504 1839 carcassonam,
1532 1759 1742 1844 presentibus
1765 1780 1901 1824 venera·

255 1858 368 1923 bilibus
404 1859 553 1944 patribus
582 1860 620 1925 P.
648 1860 713 1924 Dei
747 1861 852 1946 gratia
885 1861 1133 1947 archiepiscopo
1167 1860 1376 1926 Narbonensi
1414 1869 1448 1926 et
1481 1861 1633 1927 (luidone
1672 1862 1902 1927 archidiacono

179 2004 183 2012 .
256 1961 453 2026 Carcassone
476 1970 510 2027 et
525 1962 552 2026 I.
568 1962 608 2028 de
625 1962 836 2044 Gradanno‘¹‚
860 1965 1124 2051 procuratoribus
1148 1965 1271 2030 domini
1289 1963 1436 2054 O[larini]
1454 1967 1601 2052 episcopi
1619 1964 1901 2046 Carcassonensis,

253 2073 282 2130 et
312 2067 456 2153 capitulo
485 2065 739 2132 Carcassonensi
769 2075 803 2132 et
830 2116 868 2132 ..
898 2069 1017 2134 abbate
1049 2068 1162 2134 Sancti
1188 2069 1360 2156 Hylarii⁰¹
1392 2069 1533 2134 diocesis
1564 2067 1837 2134 Carcassonensis
1867 2074 1902 2133 et

252 2169 362 2234 Pontio
405 2170 515 2255 priore
560 2171 755 2255 provinciali
793 2171 930 2235 fratrum
971 2171 1218 2236 Predicatorum
1259 2179 1292 2237 et
1326 2172 1475 2258 pluribus
1518 2172 1603 2253 aliis,
1646 2192 1731 2237 anno
1768 2170 1900 2236 Domini

253 2271 498 2340 mufflxmss.

351 2375 442 2441 Nulli
465 2397 543 2462 ergo
565 2416 607 2425 -
630 2384 741 2442 nostre
764 2378 997 2443 revocationisf
1018 2385 1052 2443 et
1074 2380 1315 2444 constitutionis
1339 2386 1402 2444 etc.
1451 2377 1485 2442 si
1509 2381 1581 2464 quis
1605 2384 1666 2445 etc.

189 2508 209 2548 ²⁰
353 2496 429 2561 Dat.
452 2496 607 2565 Lateran.
630 2498 731 2563 XVII
755 2497 830 2563 Kal.
856 2499 953 2581 Iunii,
977 2520 1062 2564 anno
1085 2499 1113 2566 I.

868 2745 1070 2751 .-—.—.-—-.
1086 2746 1230 2753 .——.-.—
1237 2746 1275 2752 -..-

1042 2991 1102 3063 70.

344 3083 563 3177 Iamne
577 3110 636 3176 11⁷
647 3132 737 3196 papa
758 3111 941 3197 [nauseo
957 3110 1016 3196 Π]
1039 3111 1112 3176 auor
1134 3111 1295 3188 Annene,
1318 3111 1374 3192 qur
1395 3112 1432 3175 a
1455 3111 1608 3177 nauseae
1631 3112 1805 3176 mnarum
1822 3132 1897 3196 pra

246 3217 337 3297 ῥάκι’
353 3215 532 3300 proposuit,
563 3219 592 3279 et
613 3234 683 3279 eum
711 3216 930 3280 connitentibus
952 3216 1042 3280 illum
1065 3215 1296 3297 Indulgentiam
1317 3215 1481 3297 ebzryitur,
1509 3235 1589 3295 quoe
1611 3214 1897 3301 transfretantibus

247 3319 277 3382 ia
301 3319 432 3385 Terram
454 3319 606 3384 Sanctam
628 3339 769 3385 concessa
791 3323 846 3384 est.
1280 3408 1283 3414 ἱ
1378 3320 1471 3398 1244,
1493 3318 1577 3383 Mai.
1595 3319 1760 3383 16-'Iura
1778 3322 1807 3384 1.

343 3437 409 3492 Ino.
424 3437 474 3491 IV
487 3437 550 3506 Rea.
570 3437 624 3493 Vol.
638 3438 661 3505 Ι,
675 3446 734 3504 111,·
752 3436 850 3505 mul,
870 3446 922 3493 ΠΟ.

191 3527 208 3566 ²³
345 3522 476 3590 Panae,
495 3523 556 3592 Req.
572 3531 650 3579 11409
658 3541 690 3589 a,·
707 3524 805 3593 Berpcr
820 3532 869 3578 711.

706 3703 865 3777 Nobili
891 3705 991 3777 viro
1021 3760 1061 3778 ..
1089 3705 1194 3778 duci
1221 3704 1428 3778 Austrie.

346 3853 441 3918 Licet
462 3855 509 3932 is,
539 3853 580 3919 de
610 3854 702 3918 cuius
734 3874 869 3919 munere
898 3855 1002 3934 venit,
1033 3860 1070 3917 ut
1092 3854 1153 3918 sibi
1177 3875 1196 3917 a
1218 3851 1372 3919 fidelibus
1403 3850 1471 3916 suis
1502 3851 1601 3938 digne
1624 3873 1662 3917 ac
1685 3852 1894 3917 laudabiliter

246 3958 411 4037 serviatur,
444 3957 485 4022 de
515 3957 741 4023 habundantia
769 3959 901 4044 pietatis
934 3979 1009 4039 sne,
1043 3978 1106 4043 que
1130 3959 1247 4021 merita
1270 3956 1454 4043 supplicum
1478 3955 1610 4020 excedit
1632 3962 1665 4019 et
1688 3962 1779 4036 vota,
1809 3957 1893 4021 bene

244 4062 458 4126 servientibus
488 4062 591 4125 multo
622 4062 747 4126 maiore
777 4061 954 4142 retribuet,
994 4081 1090 4146 quam
1118 4061 1251 4125 valeant
1283 4061 1475 4146 promereri,
1511 4058 1742 4124 nichilominus
1771 4064 1893 4138 tamen,

186 4180 205 4219 ω
244 4163 463 4231 desiderantes
487 4165 625 4231 reddere
648 4164 791 4230 Domino
815 4167 972 4252 populum
994 4165 1244 4249 acceptabilem,
1273 4164 1389 4230 fideles
1413 4162 1536 4227 Christi
1559 4162 1600 4226 ad
1624 4162 1893 4248 complacendum

243 4268 270 4331 ei
293 4269 387 4354 quasi
411 4268 607 4355 quibusdam
629 4269 783 4334 illectivis
806 4271 950 4356 premiis,
980 4270 1192 4356 indulgentiis
1217 4269 1343 4333 scilicet
1365 4274 1398 4331 et
1420 4267 1681 4346 remissionibus,
1704 4268 1892 4348 invitamus,

241 4379 273 4434 ut
300 4372 421 4437 exinde
450 4367 629 4438 reddantur
655 4373 763 4438 divine
797 4374 901 4458 gretie
925 4375 1081 4459 aptiores.
1127 4373 1208 4437 Cum
1233 4372 1332 4456 igitur
1354 4371 1563 4456 proposueris
1586 4369 1619 4433 in
1642 4371 1770 4457 potenti
1793 4391 1892 4435 manu

241 4475 271 4539 in
292 4475 430 4542 Pruscie
462 4476 644 4541 subsidium
671 4475 865 4562 proficisci²‚
896 4497 973 4555 nos,
1005 4476 1215 4542 attendentes
1247 4474 1333 4561 quod
1362 4474 1496 4558 dignum
1525 4479 1591 4554 est,
1624 4480 1660 4537 ut
1683 4473 1743 4553 hii,
1777 4475 1891 4560 quise

240 4577 354 4642 divinis
378 4585 547 4666 exponunt
571 4580 751 4665 obsequiis,
773 4580 1073 4644 remunerationem
1098 4579 1259 4665 recipiant
1280 4582 1527 4662 congruentem,
1550 4597 1588 4641 ac
1612 4577 1782 4662 cupientes
1805 4584 1842 4641 ut
1858 4584 1891 4643 te

184 4693 201 4735 ¹⁵
241 4679 279 4745 nd
304 4681 366 4746 hoe
396 4683 527 4768 plurimi
556 4685 762 4764 comitentur,
795 4682 836 4748 de
867 4683 1102 4769 omnipotentis
1131 4682 1195 4747 Dei
1225 4681 1449 4747 misericordia
1479 4687 1512 4745 et
1541 4681 1712 4746 beatorum
1739 4681 1829 4745 Petri
1859 4687 1892 4746 et

239 4782 330 4849 Pauli
353 4787 578 4871 apostolorum
602 4788 672 4853 eius
696 4809 735 4851 ac
758 4808 799 4851 ea
822 4807 918 4871 quarn
941 4785 1037 4849 nobis
1062 4786 1225 4850 concessit
1247 4784 1406 4849 Dominus
1431 4786 1627 4850 auctoritate
1650 4785 1779 4865 confisi,
1803 4783 1891 4848 illam

240 4886 294 4952 tibi
317 4895 352 4953 et
373 4896 480 4953 tecum
503 4891 536 4954 in
559 4889 739 4955 subsidium
761 4890 944 4976 predictum
967 4891 1121 4955 euntibus
1139 4896 1347 4976 peccatorum
1363 4888 1601 4974 indulgentiam
1617 4889 1803 4973 elargimur,
1827 4906 1890 4973 que

240 4990 521 5058 transiretantibns
545 4994 579 5057 in
602 4993 704 5058 Terre
728 4993 849 5059 Sancte
874 4992 1056 5058 subsidium
1079 4994 1113 5057 in
1136 4993 1284 5079 generali
1308 4992 1445 5057 concilio
1470 4998 1520 5056 est
1542 5013 1711 5057 concessa.

343 5111 420 5177 Dat.
445 5163 606 5182 .......
612 5124 628 5164 ⁸
650 5113 726 5179 Kal.
749 5112 845 5196 Iunii,
869 5134 954 5178 anno
978 5113 1094 5199 primo.
1198 5200 1201 5210 A

150 5406 153 5415 Ι
180 5339 201 5378 ⁴⁰
338 5339 363 5405 ⁸)
381 5349 453 5393 caret
464 5340 496 5391 B.
510 5341 543 5391 A.
632 5337 658 5405 b)
676 5347 702 5391 et
714 5338 822 5391 deusd
905 5337 929 5403 0)
942 5338 1126 5406 prudentemm
1138 5335 1170 5386 B.
1254 5331 1279 5400 d)
1292 5337 1412 5388 Gradar‘ro
1423 5336 1470 5397 12.;
1487 5337 1606 5387 Gradano
1618 5335 1649 5386 A.
1725 5335 1748 5400 θ)
1761 5336 1842 5387 Ylarii
1855 5335 1887 5386 A.

241 5418 419 5488 rlabclitionis
436 5426 498 5478 aut
512 5426 545 5477 A.
634 5427 659 5490 Β)
677 5426 762 5476 Locus
783 5435 808 5477 et
823 5427 940 5494 fortasse
961 5441 1083 5476 nummo
1108 5431 1167 5474 ante
1185 5422 1243 5473 Kal.
1265 5422 1427 5484 eeciderunt;
1451 5421 1577 5473 unoecedit
1597 5423 1624 5472 r'n
1643 5420 1703 5487 Ilep.
1722 5423 1778 5472 alid
1803 5439 1842 5488 cp.
1860 5423 1888 5472 in

240 5508 349 5569 Im
367 5513 440 5564 ends
456 5511 568 5565 eudem
585 5529 713 5577 cancerem
731 5529 796 5579 praue
812 5514 868 5563 Lot
882 5512 931 5562 VII
949 5511 1007 5562 Kal.
1025 5512 1083 5562 Iun.
1103 5509 1167 5560 oleta
1184 5517 1227 5560 est.

335 5644 557 5723 name.
578 5644 766 5702 emmas
835 5641 1751 5714 2)eaooea.saaenenemrraon,·ssr.rxnnr

851 5752 863 5771 ο
1644 5737 1681 5793 7!
