4328 6232
200 353 264 417 430
757 344 805 401 EX
823 341 1041 401 Innocuuml
1058 341 1098 398 IV
1114 340 1296 400 nnuman

200 521 263 586 orti
289 522 453 587 natalibus
482 527 645 607 coguntur
672 541 730 607 pro
760 519 952 586 defensione
985 517 1150 584 libertatis
1183 517 1410 584 ecelesiastica
1441 517 1675 584 miserabiliter
1706 517 1854 585 exulare.

200 623 284 689 Ourn
311 624 410 709 igitur
436 624 577 689 dilectus
604 624 690 688 lilius
712 623 864 689 Mothous
893 623 1047 700 clericus,
1079 642 1182 708 nepos
1210 621 1373 707 quondam
1397 621 1557 686 Theodini
1581 621 1622 687 de
1645 621 1821 688 Amiterno
1832 624 1854 692 ².

200 749 220 791 a
246 733 396 814 tempore
428 730 533 815 prime
563 727 725 793 discordie
755 734 840 793 mote
870 728 955 792 inter
984 726 1160 792 ecclesiam
1192 731 1225 790 et
1252 727 1422 812 imperium
1456 726 1498 790 ab
1532 726 1673 791 inimicis
1708 727 1857 791 eiusdem

200 830 347 918 privatus
379 832 475 897 bonis
511 832 661 897 omuibus
696 831 736 896 de
766 831 862 896 domo
891 831 1023 917 propria
1052 836 1087 896 et
1114 829 1221 916 patria
1248 829 1331 894 sieut
1358 829 1478 894 asserit
1505 830 1548 892 sit
1576 830 1752 916 expulsus,
1787 851 1857 909 uos,

201 941 356 1021 gerentes
387 957 487 1022 super
514 935 577 1000 hoo
607 935 692 999 cirea
722 935 828 1022 ipsum
862 935 916 1020 pie
951 934 1187 1021 compassionis
1220 933 1376 998 affectum
1410 953 1449 996 ac
1483 940 1677 1020 reputantes
1712 934 1856 999 eundem

201 1044 334 1125 propter
360 1038 421 1103 hoe
449 1038 584 1125 dignum
613 1038 748 1126 speciali
778 1037 864 1102 sedis
893 1037 1074 1124 apostolice
1102 1037 1209 1123 gratia
1235 1043 1269 1101 et
1301 1036 1427 1114 favore,
1459 1035 1669 1117 mandamus,
1705 1038 1860 1124 quatinus

202 1142 309 1207 eidem
340 1142 380 1207 de
403 1142 587 1229 prebenda,
619 1143 646 1206 si
669 1163 734 1227 qua
757 1143 789 1205 in
813 1141 954 1206 ecelesia
976 1140 1120 1206 Reatina
1143 1147 1238 1205 vacat
1261 1138 1302 1204 ad
1325 1160 1462 1226 presens
1485 1139 1537 1204 vel
1560 1140 1692 1226 quando
1715 1141 1859 1219 vacabit,

203 1245 376 1332 providere
403 1267 576 1332 procures,
606 1245 731 1310 iaciens
758 1246 864 1332 ipsum
892 1251 969 1308 tunc
999 1243 1079 1308 inibi
1106 1243 1205 1330 recipi
1236 1244 1268 1307 in
1297 1243 1490 1309 canonicum
1520 1249 1554 1308 ct
1580 1244 1613 1309 in
1640 1245 1795 1324 fratrem,
1820 1282 1860 1293 -

203 1370 267 1414 non
285 1350 510 1414 obstantibus⁸
526 1348 613 1434 quod
628 1347 715 1413 idem
737 1348 874 1413 clericus
898 1346 977 1411 alias
1000 1346 1218 1412 beneficiatus
1242 1347 1363 1428 existit,
1386 1351 1444 1411 aut
1468 1347 1495 1411 si
1518 1347 1551 1410 in
1574 1346 1692 1412 eadem
1715 1349 1859 1414 ecclesia

203 1474 262 1538 pro
285 1453 358 1517 aliis
381 1453 579 1538 scripsimus,
603 1451 720 1535 quibus
743 1450 895 1514 nolumus
912 1456 974 1514 etc.
999 1471 1115 1535 usque:
1139 1451 1301 1536 generari,
1324 1450 1378 1516 vel
1401 1449 1551 1536 qualibet
1570 1450 1858 1538 aliaindulgentia

204 1554 311 1620 eidem
328 1556 468 1621 ecclesie
484 1555 525 1619 ab
542 1554 721 1640 apostolica
737 1552 815 1618 sede
840 1572 1008 1630 concessa,
1031 1574 1091 1638 per
1114 1575 1210 1640 quam
1233 1559 1347 1640 posset
1369 1553 1518 1640 impediri
1541 1553 1728 1620 huiusmodi
1752 1557 1860 1640 gratia

205 1658 257 1723 vel
280 1657 402 1724 differri
425 1657 522 1724 etde
545 1677 610 1742 qua
633 1663 694 1722 etc.
719 1677 839 1742 usque:
863 1656 1074 1738 mentionem,
1099 1681 1154 1732 -;
1178 1655 1432 1723 contradictores
1456 1662 1520 1723 ete.
1582 1682 1588 1689 ¹

308 1779 384 1844 Dat.
408 1777 571 1863 Lugduni,
595 1776 629 1840 Il
651 1775 699 1842 Id.
724 1776 934 1859 Novembris,
957 1798 1042 1843 anno
1059 1777 1156 1843 VI⁰²‘.

830 2074 873 2083 n-—n
901 2073 1235 2084 -Q—--n-——o—-oan

988 2355 1075 2433 607.

311 2467 529 2565 Innocentius
551 2496 575 2563 1
580 2493 608 2562 V
623 2519 715 2580 papo
741 2497 881 2580 episcopo
905 2495 1104 2584 Tripolitana
1131 2495 1268 2564 testandi
1295 2495 1333 2563 de
1354 2495 1443 2563 bonis
1465 2497 1629 2565 mobilibus
1649 2501 1718 2565 arcis
1741 2504 1771 2565 et
1787 2521 1858 2582 pro

206 2603 333 2668 videndi
355 2604 392 2668 de
413 2604 459 2667 cis
480 2605 720 2686 consangnineis
741 2605 817 2683 usis,
840 2605 896 2687 qni
911 2625 973 2686 per
991 2604 1138 2691 fautores
1152 2603 1349 2689 Frls'deriei]
1369 2603 1528 2685 qnondam
1549 2605 1752 2686 imperatoris
1773 2605 1859 2669 bonis

206 2708 274 2772 anis
296 2707 426 2791 spoliati
449 2709 579 2772 candere
600 2711 759 2789 munins,
777 2707 966 2793 facultatem
988 2709 1135 2789 indulget.
1511 2710 1603 2786 1248,
1624 2708 1705 2774 Non.
1724 2712 1776 2772 17.

312 2827 378 2880 Inn.
391 2826 441 2880 IV
455 2827 517 2896 Req.
536 2827 596 2881 Iab.
615 2827 698 2895 VM.
712 2834 749 2897 12,
767 2844 795 2883 n.
811 2833 869 2883 228.

315 2912 447 2979 Pontion,
466 2912 529 2980 my.
545 2919 639 2979 saraa·
656 2912 753 2981 Beroe
771 2920 843 2969 sara.

735 3148 775 3167 ..
804 3093 1017 3185 episcopo
1044 3090 1346 3182 Tripolitana

319 3243 514 3328 Accepimus
548 3262 661 3328 nuper,
699 3242 784 3328 quod
818 3246 913 3328 pater
941 3239 1235 3305 misericordiarum
1271 3247 1304 3304 et
1342 3239 1510 3317 dominus,
1546 3243 1600 3326 qui
1633 3242 1735 3308 tilium
1767 3265 1862 3330 quem

212 3346 316 3432 diligit
339 3347 474 3432 corripit
496 3353 529 3410 et
551 3346 704 3430 castigat,
731 3353 768 3408 ut
796 3350 887 3409 tuum
915 3344 1094 3409 custodiret
1122 3345 1287 3429 spiritum,
1318 3351 1351 3409 te
1380 3342 1499 3409 diebus
1529 3345 1600 3409 istis
1627 3346 1760 3431 flagello
1782 3349 1861 3413 vali·

212 3450 332 3515 tudinis
368 3450 522 3523 visitavit.
571 3448 667 3513 Unde
702 3470 775 3513 oum
810 3447 850 3512 de
885 3448 1108 3532 recuperanda
1140 3448 1247 3512 salute
1279 3447 1449 3528 dubitans,
1484 3449 1600 3535 cupias
1630 3456 1787 3534 tanquam
1817 3454 1864 3518 vir

212 3552 355 3640 prudens
379 3559 413 3617 et
435 3552 603 3638 providus,
634 3552 710 3615 dum
734 3552 936 3636 in'teuiget
958 3551 1128 3629 discretio,
1160 3549 1201 3615 de
1226 3551 1402 3615 mobilibus
1424 3552 1534 3631 bonis,
1567 3571 1631 3636 que
1655 3552 1777 3625 habes.
1806 3576 1863 3641 pro

213 3658 319 3720 anime
341 3663 396 3720 tue
421 3657 527 3720 salute
551 3653 733 3742 disponere,
763 3676 801 3720 ae
823 3655 864 3720 de
888 3655 968 3741 ipsis
993 3653 1196 3740 quorundam
1219 3661 1349 3719 tuorum
1373 3657 1699 3740 consanguineorum,
1729 3659 1786 3744 qui
1808 3680 1864 3745 pro

213 3759 289 3824 fidei
313 3759 496 3823 constantia
518 3764 552 3822 et
574 3757 760 3839 devotione,
783 3778 881 3842 quam
904 3757 946 3821 ad
970 3757 1150 3822 Romanam
1174 3759 1349 3823 ecelesiam
1372 3757 1505 3836 habent,
1534 3781 1594 3845 per
1617 3759 1788 3827 lautoresl’
1811 3761 1864 3828 ur.

213 3861 375 3947 quondam
398 3862 604 3948 imperatoris
628 3861 723 3926 bonis
746 3862 887 3947 propriis
911 3861 1043 3947 spoliati
1059 3862 1193 3927 exulare
1211 3868 1379 3947 coguntur,
1403 3862 1657 3927 necessitatibus
1674 3866 1867 3950 providere:

213 3966 275 4030 fuit
297 3966 390 4029 nobis
414 3971 573 4051 exparte
597 3972 654 4030 tua
676 3964 843 4029 humiliter
866 3964 1094 4050 supplicatum,
1118 3971 1153 4028 ut
1176 3963 1209 4028 id
1233 3963 1374 4030 faciendi
1398 3963 1439 4029 de
1462 3964 1667 4051 benignitate
1684 3972 1869 4055 apostoliea

215 4069 274 4132 tibi
297 4070 462 4133 licentiam
484 4069 689 4154 largiremur.
733 4067 802 4131 Nos
825 4068 934 4152 igitur,
963 4068 1018 4152 qui
1046 4067 1109 4131 tuis
1133 4067 1312 4132 incomodis
1335 4069 1456 4134 affectu
1478 4073 1616 4155 paterno
1641 4074 1869 4158 compatimur,

216 4173 296 4236 votis
332 4174 396 4236 tuis
425 4173 457 4237 in
490 4172 550 4237 hac
587 4180 680 4258 parte
715 4172 888 4256 benignius
922 4178 1120 4251 annuentes,
1158 4171 1299 4236 testandi
1333 4171 1373 4236 de
1407 4171 1502 4235 bonis
1536 4171 1696 4258 predictis
1725 4196 1765 4239 ae
1793 4198 1868 4262 pro-

216 4276 346 4340 videndi
381 4276 421 4342 de
455 4277 535 4362 ipsis
568 4275 705 4362 prelatis
740 4276 805 4338 tuis
841 4275 1108 4359 consanguineis,
1145 4281 1244 4361 prout
1277 4283 1333 4339 tua
1366 4274 1522 4341 diseretio
1557 4276 1717 4361 expedire
1740 4281 1867 4360 viderit,

320 4436 388 4444 ιιι-ο
404 4434 499 4442 ...—-
511 4434 901 4441 ——.——.-.——--.—-
1664 4436 1763 4445 ..-

319 4536 343 4601 ⁸)
362 4556 414 4589 uon
431 4539 496 4589 obst
510 4537 542 4589 R.
573 4537 607 4588 In
624 4554 663 4603 ep.
676 4538 837 4590 antecedente
854 4537 932 4587 uerbo
950 4553 1002 4587 non
1020 4536 1183 4588 obstantibus
1200 4536 1222 4586 si
1240 4543 1285 4586 etc.
1304 4536 1394 4588 litteris
1407 4537 1555 4604 persmiprto
1572 4546 1639 4591 arnt.
1747 4538 1773 4606 Β)
1793 4542 1833 4593 lm.
1845 4559 1867 4609 p.

216 4626 280 4676 faut.
296 4624 325 4674 in
342 4624 397 4675 loco
413 4641 483 4676 raso.

215 4759 286 4812 mmo
304 4774 342 4826 ep.
360 4757 391 4810 in
408 4758 525 4824 furorne
543 4756 669 4827 Hnnonia
685 4757 766 4811 sembi
782 4757 876 4824 {suanm
895 4757 994 4826 Bergan
1012 4762 1084 4823 4213,
1102 4763 1176 4824 4214,
1194 4762 1271 4823 4211,·
1288 4753 1417 4818 Pottlmat,
1437 4754 1501 4825 ch.
1517 4763 1607 4826 13480,
1627 4764 1717 4828 13481,
1737 4767 1825 4816 13017.
1838 4789 1867 4799 -

216 4846 272 4899 Snb
290 4863 316 4901 a.
329 4849 408 4913 1248,
434 4845 499 4898 Ircn.
519 4850 621 4900 28—30
633 4861 709 4914 propa
728 4844 877 4914 Hlenrico}
894 4844 1012 4912 cpmcopo
1031 4842 1226 4896 Gonnamienai
1242 4840 1429 4910 mandauerat,
1453 4849 1486 4896 nt
1502 4859 1563 4898 cnm
1579 4843 1722 4898 anm
1738 4847 1823 4901 dean
1839 4845 1868 4900 dc

221 4931 322 4999 Turego
340 4936 448 4998 propter
470 4931 648 4984 imminentem
671 4930 830 4984 discordiam
846 4947 864 4982 o
881 4934 969 4983 cantro
988 4927 1127 4981 Tarauna·
1142 4928 1295 4996 rmaiaaet,
1321 4927 1402 4982 cidem
1424 4928 1553 4983 redeundi
1569 4934 1592 4983 et
1608 4931 1767 4998 mnemon·
1779 4933 1868 5001 pomi·

216 5017 329 5070 amnne
347 5015 462 5071 einsdm
479 5017 528 5070 loti
545 5016 670 5070 naticnm
688 5021 710 5069 ot
724 5015 848 5084 pnrrmlia
864 5015 996 5084 bnptinno
1014 5015 1146 5069 lioeme'am
1164 5013 1321 5084 lemmatum
1338 5014 1466 5084 Parnon,
1486 5015 1550 5084 an.
1564 5022 1686 5084 13414α,·
1702 5034 1774 5086 qnae
1791 5035 1831 5087 ep.
1842 5018 1870 5071 in

218 5102 282 5172 Ray.
299 5119 356 5156 omn
373 5109 459 5170 aetat,
477 5103 510 5168 cs.
525 5109 622 5171 11376,
640 5107 693 5156 not.
706 5110 729 5158 8.
765 5102 840 5156 Haeo
856 5103 966 5170 epistola
983 5119 1026 5171 op.
1046 5102 1177 5170 Nnmart,
1196 5101 1287 5169 Epioe.
1307 5101 1394 5156 conat.
1413 5107 1431 5157 t.
1448 5102 1471 5170 I,
1492 5121 1525 5171 11,
1540 5120 1570 5171 p.
1583 5109 1640 5170 437,
1660 5104 1720 5158 ‘IX
1736 5105 1803 5159 Kal.
1821 5105 1870 5160 Iul

217 5207 243 5243 α.
263 5189 321 5244 1¹13
337 5189 389 5245 ae.
407 5208 432 5244 n.
449 5197 522 5258 1249,
545 5191 609 5245 Inn.
624 5196 659 5244 23
679 5189 838 5258 sompnum
860 5195 906 5243 eat.
944 5189 1011 5243 &em
1034 5194 1122 5242 antem
1139 5187 1303 5257 chnmcm]
1320 5188 1457 5258 mancepare
1473 5207 1499 5243 a.
1513 5196 1586 5255 1248,
1605 5189 1678 5258 Any.
1695 5197 1728 5245 28
1752 5197 1871 5245 nonum

216 5276 272 5328 inm
297 5280 371 5343 αισα,
399 5276 444 5329 cni
467 5275 645 5330 Eberlmrdno
670 5276 802 5343 mmcd,
830 5291 887 5329 cam
912 5275 1042 5330 ‘IV-II
1059 5275 1123 5330 Kal.
1147 5274 1201 5327 Iul.
1224 5273 1502 5342 n.VI.'r'.a1248,
1528 5275 1591 5329 lun.
1607 5281 1723 5331 28-30
1746 5278 1869 5347 maroa

214 5362 298 5428 [sena
310 5377 368 5430 pur
384 5367 436 5430 cat5
451 5362 561 5416 mititem
579 5363 650 5417 enan
666 5378 803 5417 annornm
816 5362 991 5431 pontificatur
1009 5360 1160 5416 Innocentir'
1171 5359 1220 5413 IV
1235 5360 1298 5413 hon
1311 5364 1347 5413 28
1363 5364 1430 5413 erat.

322 5465 799 5535 lianept.stocc.cio.Aqnilo.
834 5464 1349 5534 Demdmcfitdnmmotd.
1453 5460 1871 5535 2)Dcspistolutnllapeaeir

217 5550 392 5618 ammo,
417 5568 485 5620 quae
505 5553 537 5606 a
557 5553 672 5621 rame·
693 5553 807 5608 mmm
829 5552 962 5606 mannas
983 5553 1082 5621 seen
1104 5550 1183 5604 ‘1111
1196 5549 1233 5605 ro
1233 5589 1313 5604 .....
1330 5564 1406 5602 anno
1423 5547 1492 5603 νΙν
1509 5546 1574 5603 cara
1594 5552 1645 5619 er,
1668 5549 1706 5619 er.
1728 5550 1805 5619 oms
1823 5548 1871 5604 sn

218 5652 245 5692 a.
260 5643 330 5704 raso,
350 5637 434 5693 Mart.
446 5646 485 5697 ar.
