4328 6232
258 372 321 435 284
820 362 868 418 Ex
885 359 1106 418 INNOCEN'I'II
1123 359 1163 416 IV
1180 358 1361 417 accusso

259 541 400 606 ecclesia
421 539 632 627 provideatur
654 540 812 618 honeste,
841 538 1015 624 provideas
1039 539 1092 603 rel
1116 543 1171 603 tue
1194 537 1354 602 industrie
1378 536 1486 602 studio
1514 535 1679 602 mediante
1707 537 1814 602 facias
1841 560 1914 624 pro-

258 645 377 722 videri,
401 644 658 710 contradictores
682 642 762 709 etc.l

366 765 442 829 Dat.
466 763 631 849 Lugduni,
654 764 685 828 V
708 763 786 828 Idus
809 761 908 843 Iunii,
931 783 1015 827 anno
1034 762 1116 829 IIII.

1041 1147 1127 1220 388.

361 1247 580 1341 Innocentius
602 1272 660 1336 IV
672 1292 762 1355 papa
784 1270 959 1354 [Henrico]
980 1270 1119 1354 episcopo
1143 1268 1379 1335 Constantiensi
1402 1268 1592 1351 accedendi
1616 1276 1726 1338 contra
1749 1278 1916 1356 praelatos

258 1378 387 1442 diocesis
409 1399 493 1456 snae,
516 1379 572 1458 qni
596 1376 777 1462 moniam]
797 1379 873 1438 nato
894 1374 1053 1438 Fridciici
1075 1374 1231 1455 qnondam
1255 1374 1455 1454 imperatoris
1470 1377 1712 1455 promotiones
1732 1384 1763 1442 ct
1784 1383 1915 1446 servitia

258 1481 433 1559 cohibeant,
452 1480 640 1565 facultatem
663 1479 808 1543 concedit.
825 1515 866 1524 -
891 1477 1021 1543 Similia
1044 1477 1142 1541 eiolcm
1164 1477 1201 1541 cle
1215 1477 1431 1542 Ercmitornm
1447 1479 1582 1560 aliisquo
1595 1482 1763 1550 abbatibus
1785 1487 1917 1554 dioceses

258 1603 334 1648 snae
355 1584 471 1661 scribit,
496 1585 551 1664 qni
573 1583 773 1646 interdictam
795 1601 859 1644 non
882 1580 1048 1644 observent.
1568 1587 1662 1665 1247,
1682 1588 1757 1655 Ian.
1775 1594 1827 1657 10.

363 1704 429 1758 Inn.
442 1703 491 1757 IV
506 1703 569 1771 Rea.
587 1702 641 1756 Vct.
661 1703 759 1770 L399,·
777 1699 836 1754 Lib.
856 1699 906 1768 IV,
922 1706 966 1754 781
984 1705 1008 1753 ot
1027 1706 1082 1754 782.

362 1790 463 1858 Beroe
479 1797 544 1844 aare
560 1795 583 1842 o
600 1795 672 1844 arao.

1068 1847 1100 1922 ,L

743 2025 752 2041 .
782 2023 790 2040 .
820 1966 1040 2058 episcopo
1069 1963 1422 2038 Constantiensi.

367 2093 461 2172 Cum,
484 2094 569 2157 sicut
592 2099 624 2155 te
642 2091 830 2175 accepimus
847 2091 1029 2162 intimante,
1053 2087 1200 2153 nonnulli
1216 2087 1352 2153 abbates
1376 2095 1409 2153 et
1424 2089 1601 2173 abbatisse,
1624 2098 1781 2182 prepositi
1805 2106 1839 2164 et
1862 2101 1916 2166 alii

258 2199 374 2285 prelati
397 2198 609 2262 ecclesiarum
632 2203 699 2259 tam
719 2195 948 2279 religiosorum
971 2215 1068 2278 quam
1091 2193 1286 2257 secularium
1310 2198 1365 2257 tue
1388 2192 1530 2258 diocesis
1549 2207 1739 2282 presumant
1763 2199 1816 2264 0.·
1839 2212 1915 2269 nato

258 2301 418 2367 Friderici
441 2300 604 2386 quondam
628 2298 837 2383 imperatoris
862 2297 988 2382 aliquas
1008 2297 1254 2382 procurationes
1278 2303 1312 2360 et
1334 2297 1400 2360 alia
1423 2298 1558 2362 servitia
1579 2299 1753 2384 exhibere,
1776 2326 1914 2391 presen-

258 2406 338 2469 tium
361 2404 421 2467 tibi
446 2404 642 2467 auctoritate
665 2403 885 2481 concedimus,
910 2409 945 2465 ut
967 2403 1057 2487 ipsos
1081 2406 1216 2486 propter
1237 2400 1300 2464 hcc
1323 2421 1382 2485 per
1409 2404 1761 2473 excommunicationis
1785 2416 1820 2475 et
1842 2432 1913 2476 sua·

259 2509 427 2596 pensionis
452 2508 634 2572 sententias
658 2528 696 2570 ac
720 2507 801 2570 alias
826 2527 999 2585 censuras,
1029 2525 1110 2589 quas
1139 2503 1296 2590 expedire
1320 2504 1456 2586 videris,
1486 2527 1547 2571 uec
1578 2530 1644 2573 non
1665 2513 1912 2580 amotionema

259 2612 464 2676 monasteriis
496 2610 548 2674 etb
579 2610 752 2696 prelaturis
782 2618 816 2674 ct
844 2610 1060 2696 privationem
1092 2631 1112 2672 a
1135 2608 1302 2672 beneficiis
1326 2608 1393 2671 suis
1417 2609 1548 2694 punire,
1577 2634 1615 2677 ac
1644 2614 1744 2697 alios,
1773 2638 1856 2702 qnos
1882 2621 1914 2684 in

261 2716 402 2780 ecclesie
432 2714 603 2779 devotione
628 2715 820 2798 cognoveris
851 2735 925 2778 esse
955 2714 1120 2778 ferventes
1153 2719 1186 2776 et
1210 2713 1280 2776 eius
1304 2712 1437 2797 negotio
1462 2734 1527 2778 non
1550 2716 1693 2802 ineptos,
1725 2720 1758 2782 in
1789 2720 1914 2786 eisdem

260 2819 401 2884 abbatiis
426 2826 458 2882 et
480 2818 654 2903 prelaturis
678 2837 716 2880 ac
731 2816 899 2881 beneficiis
917 2817 1097 2897 instituere,
1121 2836 1160 2879 ac
1177 2815 1445 2880 Oisterciensium
1470 2824 1503 2881 et
1526 2819 1665 2884 aliorum
1684 2822 1915 2908 religiosorum

148 2975 152 2981 .
260 2942 418 3009 personas
435 2920 733 2998 excommunicare,
757 2920 959 3003 suspendere
983 2926 1016 2983 et
1032 2919 1260 2983 ecclesiastico
1278 2917 1451 2982 interdicto
1467 2941 1653 3007 supponere
1670 2924 1775 2992 libere
1793 2928 1915 3007 valeas,

259 3032 359 3110 prout
389 3024 495 3089 eidem
524 3024 658 3108 negotio
687 3023 807 3087 videris
838 3023 1009 3108 expedire,
1039 3061 1079 3069 -
1110 3044 1175 3087 non
1207 3021 1414 3086 obstantibus
1445 3024 1610 3109 aliquibus
1640 3029 1826 3115 privilegiis
1857 3054 1916 3097 seu

259 3128 472 3214 indulgentiis
495 3150 515 3192 a
538 3127 618 3192 sede
641 3127 824 3212 apostolica
846 3128 1045 3213 impetratis;
1068 3126 1324 3192 contradictores
1349 3127 1429 3191 etc.²

368 3248 445 3315 Dat.
468 3248 632 3336 Lugduni,
655 3248 726 3313 1111
748 3247 826 3313 Idus
848 3248 944 3330 Iunii,
968 3271 1052 3314 anno
1076 3248 1156 3315 IIII.

1062 3422 1105 3487 Π.

996 3533 1167 3607 Eidem.

366 3654 438 3723 Tua
464 3656 557 3724 uobis
586 3656 772 3724 fraternitas
805 3657 981 3738 intimavit,
1011 3657 1096 3743 quod
1127 3707 1159 3722 ..
1182 3654 1451 3723 Heremitarum³
1481 3665 1515 3723 et
1538 3659 1670 3745 quidam
1693 3660 1750 3727 alii
1774 3661 1913 3730 abbates

259 3771 314 3828 tue
338 3764 493 3843 diocesis,
521 3785 580 3850 pro
611 3785 649 3828 eo
674 3762 759 3848 quod
782 3762 931 3827 Conrado
955 3770 1030 3826 nato
1053 3761 1090 3828 F.
1115 3761 1278 3847 quondam
1301 3762 1508 3848 imperatoris
1537 3763 1724 3830 immediate
1749 3788 1814 3831 non
1837 3768 1913 3833 snb-

260 3873 352 3947 sunt,
380 3868 458 3931 licet
488 3868 559 3931 eius
587 3866 768 3931 fautoribus
802 3867 836 3930 iu
867 3865 1104 3952 temporalibus
1128 3866 1265 3931 subesse
1290 3872 1481 3947 noscantur,
1511 3866 1718 3933 interdictum
1742 3870 1776 3934 in
1800 3891 1914 3950 eorum

259 3970 468 4034 monasteriis
492 3991 529 4033 ae
554 3969 702 4034 ecclesiis
727 3976 760 4034 et
783 3970 857 4033 aliis
880 3969 961 4034 locis
986 3968 1028 4033 ad
1050 3969 1139 4054 ipsos
1163 3968 1388 4054 spectantibus
1411 3990 1470 4056 pro
1500 3990 1557 4033 sue
1579 3972 1755 4038 voluntatis
1778 3974 1914 4039 arbitrio

260 4079 401 4136 renuunt
416 4073 602 4154 observare,
625 4073 706 4136 alias
729 4094 765 4137 se
789 4073 969 4137 asubsidio
992 4073 1156 4157 generalis
1178 4074 1301 4158 negotii
1326 4072 1568 4138 subtrahentes.
1614 4072 1776 4147 Quocirca
1795 4078 1913 4144 fratcr-

258 4177 352 4240 nitati
388 4183 443 4241 tue
476 4175 677 4261 presentium
715 4177 908 4241 auctoritate
940 4176 1165 4256 concedimus,
1199 4183 1235 4240 ut
1266 4178 1353 4262 ipsos
1390 4174 1432 4241 ad
1460 4174 1699 4243 observandum
1728 4181 1913 4246 huiusmodi

258 4280 468 4344 interdictum
493 4286 526 4343 et
542 4279 699 4365 obsequia
715 4301 752 4344 ac
769 4280 832 4344 alio
849 4280 983 4344 servitia
999 4281 1106 4345 eidem
1123 4280 1254 4365 negotio
1271 4279 1457 4345 exhibenda
1477 4302 1537 4368 per
1553 4285 1911 4364 excommunicationis,

260 4384 484 4470 suspensionis
509 4390 542 4448 et
565 4383 646 4447 alias
663 4384 845 4448 sententias
868 4405 928 4448 nec
951 4405 1015 4448 non
1039 4406 1098 4470 per
1114 4385 1312 4448 amotionem
1335 4383 1546 4470 aprelaturis
1563 4406 1676 4450 eorum
1691 4388 1912 4475 appellatione

262 4488 445 4574 postposita
469 4495 617 4551 coartare
648 4510 687 4552 ac
711 4489 744 4552 in
767 4489 912 4574 ipsorum
936 4488 1076 4553 abbatiis
1099 4510 1258 4574 personas
1282 4487 1415 4552 idoneas
1440 4495 1474 4553 et
1496 4489 1635 4554 ecclesie
1658 4492 1793 4575 negotio
1815 4494 1912 4557 utiles

259 4591 430 4656 instituere
453 4591 556 4655 libere
580 4592 702 4670 valeas,
726 4598 821 4676 prout
844 4591 950 4655 eidem
973 4592 1105 4676 negotio
1128 4591 1247 4656 videris
1272 4590 1440 4676 expedire,
1464 4630 1506 4640 —
1528 4613 1591 4656 non
1616 4592 1826 4660 obstantibus
1851 4602 1912 4660 etc.

368 4709 444 4774 Dat.
469 4710 631 4796 Lugduni,
654 4711 724 4775 IIII
747 4712 826 4777 Idus
849 4713 944 4795 Iunii,
968 4736 1053 4779 anno
1077 4721 1203 4800 quarto.

882 4923 1291 4931 ———--——-————-

1044 5153 1129 5227 389.

362 5244 581 5338 Innocentius
596 5271 653 5338 IV
666 5296 757 5358 papa
771 5273 942 5361 [lieberto]
952 5277 1157 5357 patriarclrac
1172 5275 1469 5362 Hierosolymitano,
1486 5276 1672 5361 apostolicae
1694 5274 1779 5341 sedis
1800 5277 1910 5360 lecolo,

256 5377 486 5460 archiepiscopo
510 5379 645 5462 Tyrensi
674 5385 703 5443 ct
730 5383 869 5462 episcopo
897 5380 1082 5447 Sidonicnsi
1114 5382 1257 5461 medat,
1288 5385 1323 5444 nt
1352 5380 1511 5445 ecclesiam
1538 5380 1652 5447 Sancti
1672 5378 1764 5445 Pan·
1785 5377 1912 5460 Piscosi

361 5568 386 5627 ⁸)
404 5582 431 5616 se
450 5565 482 5617 R.
498 5584 549 5632 pro
567 5569 596 5618 C.
701 5565 726 5633 Ι))
744 5577 770 5621 ct
787 5570 855 5621 deest
873 5569 905 5622 R.

364 5669 389 5734 l)
408 5665 452 5720 Dc
469 5667 601 5736 wdoncfi
623 5671 722 5740 Beroen
734 5678 794 5727 1391
805 5677 829 5725 ct
841 5678 905 5726 7177
921 5676 945 5725 et
961 5671 1041 5740 infra
1057 5671 1108 5724 aab
1125 5670 1194 5741 Sept.
1213 5680 1249 5726 11.
1353 5672 1382 5741 2)
1402 5671 1442 5738 Of.
1460 5689 1489 5727 n.
1502 5672 1595 5728 8391
