4328 6232
823 379 1024 440 EPISTOLAE
1042 382 1232 444 SELEC‘I'AE.
1269 385 1344 444 1243.

1058 688 1115 761 10.

361 781 580 876 Innocentius
595 810 620 876 I
624 809 651 874 V
662 831 754 892 papa
775 810 1042 894 archipresbytero
1065 811 1223 877 Perusino
1244 814 1408 894 capellano
1429 834 1495 891 sno,
1522 816 1559 879 in
1579 815 1740 881 meatnm
1762 821 1793 882 et
1810 819 1913 899 patri-

255 913 393 977 monium
422 914 458 977 in
480 913 594 978 Tuscia
624 913 822 992 destinando,
853 913 998 992 mandat,
1028 919 1064 977 at
1089 935 1109 978 a
1132 914 1330 1000 R[apnerio]
1360 917 1496 982 Sernotae
1523 917 1655 984 Mariae
1684 921 1720 984 in
1753 921 1914 987 Cosmidin

254 1016 384 1081 diacono
405 1016 567 1082 cardinali
587 1017 625 1080 de
646 1018 767 1099 nepotio
788 1036 845 1081 sno
866 1017 1121 1098 informationem
1144 1021 1283 1100 recipiat.
1556 1024 1650 1102 1243,
1672 1023 1754 1107 Any.
1770 1027 1824 1092 26.

359 1136 421 1190 bin
436 1135 485 1189 IV
501 1136 565 1205 Res.
584 1134 639 1189 Vol.
653 1135 677 1204 I,
698 1145 742 1202 125
758 1137 819 1190 Lib.
834 1137 859 1204 Ι,
877 1144 916 1190 67.

205 1233 214 1268 ⁵
359 1224 512 1292 Berseror.
816 1253 818 1256 >

455 1384 946 1477 ..archipresbytero
979 1387 1211 1460 Perusino
1244 1388 1496 1479 capellano
1530 1397 1707 1466 nostra.

360 1516 609 1584 Deliberatione
642 1509 817 1603 prehabito
851 1538 911 1582 nos
947 1525 980 1583 et
1013 1519 1133 1584 iratres
1167 1521 1272 1584 nostri
1307 1520 1466 1607 expedire
1495 1523 1653 1605 vidimus,
1689 1525 1775 1610 quod
1806 1531 1838 1589 te
1870 1525 1911 1589 ad

257 1621 494 1708 procurandum
528 1621 685 1686 honorem
722 1621 864 1686 ecclesie
896 1623 928 1685 in
958 1621 1121 1687 Ducatum
1155 1631 1188 1688 et
1220 1625 1452 1709 patrimonium
1487 1626 1578 1691 beati
1607 1626 1698 1692 Petri
1726 1628 1760 1693 in
1787 1628 1910 1693 Tuscia

259 1724 467 1790 destinemus.
519 1724 657 1790 Plenam
691 1726 802 1810 itaque
833 1724 874 1789 de
908 1732 965 1789 tua
996 1733 1150 1811 gerentes
1188 1727 1482 1814 circumspectione
1516 1729 1667 1794 fiduciam
1704 1728 1908 1812 mandamus,

202 1853 220 1888 n
258 1831 407 1916 quatinus
430 1830 586 1894 adilecto
609 1830 675 1894 filio
699 1836 812 1893 nostro
828 1829 867 1892 R.
886 1829 1007 1895 Sancte
1023 1830 1127 1895 Maris
1151 1832 1184 1894 in
1203 1830 1371 1895 cosmidin
1389 1832 1525 1897 diacono
1542 1833 1710 1914 cardinali,
1735 1835 1787 1898 cui
1811 1855 1910 1920 super

259 1933 315 1998 hoc
337 1934 460 2019 scripta
482 1939 596 1998 nostra
618 1933 801 2018 dirigimus,
826 1934 958 2020 plenam
981 1934 1022 1998 dc
1049 1935 1119 2014 hiis,
1144 1956 1206 2021 que
1231 1935 1416 2001 huiusmodi
1438 1937 1560 2001 fuerint
1583 1945 1744 2025 oportuna
1767 1939 1910 2024 negotio,

259 2036 513 2102 informationem
542 2037 719 2122 recipiens,
752 2035 792 2100 ad
816 2035 1000 2123 pred‘etum
1023 2038 1253 2122 patrimonium
1278 2046 1312 2103 ot
1334 2038 1499 2105 Ducatum
1522 2040 1605 2105 duce
1630 2040 1763 2106 Christo
1786 2041 1908 2127 dirigas

259 2160 386 2224 gressum
413 2149 505 2218 tuos,
535 2141 582 2205 sic
612 2139 789 2226 diligenter
816 2147 849 2202 et
879 2140 1014 2225 provide
1046 2161 1256 2226 processurus
1286 2143 1319 2206 in
1350 2144 1518 2224 omnibus,
1548 2143 1635 2230 qnod
1658 2144 1735 2209 inde
1757 2144 1851 2210 nobis
1876 2153 1910 2209 et

260 2243 376 2308 eisdem
399 2243 554 2308 fratribus
577 2244 700 2307 nostris
724 2263 877 2307 occurras
901 2244 1018 2308 merito
1042 2243 1332 2310 commendandus.

360 2362 437 2429 Dat.
461 2364 624 2449 Anagnis,
640 2364 706 2429 VII
729 2363 804 2430 Kal.
831 2364 999 2449 Septemb.
1023 2384 1108 2428 anno
1133 2362 1181 2428 1⁸.

1054 2819 1110 2891 11.

353 2914 572 3009 Innocentius
593 2941 617 3006 I
621 2940 651 3004 V
671 2962 758 3022 papa
780 2939 979 3025 R[ayncrio]
1007 2940 1143 3007 Sanctae
1171 2940 1302 3005 Mariae
1330 2942 1365 3005 in
1397 2941 1557 3008 &amidio
1588 2942 1719 3008 diacono
1749 2945 1909 3010 cardinali

259 3045 393 3126 mandat,
423 3050 459 3108 at
479 3046 508 3110 si
530 3048 559 3110 ci
576 3047 715 3126 placcat,
744 3049 780 3108 nt
800 3046 1068 3130 archipresbytero
1091 3044 1246 3108 Perus-ino
1269 3045 1414 3109 Dacotns
1435 3050 1465 3110 et
1481 3047 1712 3126 patrimonium
1734 3048 1768 3111 in
1792 3046 1908 3113 Tuscia

258 3149 529 3230 inspiritualibns
550 3153 580 3213 et
601 3149 822 3228 tenrporalibns
844 3150 1061 3227 committatur,
1089 3150 1212 3213 litteras
1233 3150 1271 3213 da
1292 3149 1351 3213 bac
1372 3172 1406 3215 re
1428 3150 1586 3236 consectas
1607 3154 1636 3216 ci
1655 3153 1801 3235 assipnct,
1823 3153 1909 3218 alias

258 3272 318 3315 eun
340 3254 408 3333 ipse
430 3250 629 3337 informabat
650 3252 727 3317 illac
749 3254 955 3317 transmittat.
1551 3258 1644 3332 1243,
1667 3255 1751 3337 Ana.
1766 3258 1819 3320 26.

354 3372 421 3425 Inn.
435 3371 484 3424 IV
501 3372 565 3441 Rea.
582 3370 676 3438 Vot1,
697 3378 741 3438 123
758 3371 818 3425 Ia'b.
833 3371 858 3439 I,
876 3379 914 3425 66.

351 3459 452 3527 Berper
462 3466 505 3513 66.

426 3637 847 3714 manusteneas
881 3641 928 3712 in
961 3639 1208 3713 cosmidin
1244 3639 1444 3712 diacono
1478 3637 1727 3712 cardinali.

356 3771 606 3838 Deliberatione
630 3773 803 3858 prehabito
826 3794 885 3837 nos
909 3781 942 3838 et
965 3772 1082 3838 fratres
1108 3773 1211 3837 nostri
1234 3771 1393 3858 expedire
1410 3770 1560 3849 vidimus,
1585 3769 1673 3855 quod
1696 3768 1817 3835 dilecto
1840 3771 1906 3836 filio

259 3875 599 3961 ..archipresbytero
623 3874 784 3940 Perusino
815 3876 984 3961 capellano
1009 3884 1120 3940 nostro
1144 3874 1309 3939 Ducatum
1333 3882 1367 3938 et
1390 3874 1621 3960 patrimonium
1646 3873 1736 3938 beati
1758 3874 1850 3939 Petri
1873 3875 1905 3938 in

259 3977 373 4044 Tuscia
395 3981 428 4044 in
451 3978 676 4065 spiritualibus
702 3986 735 4043 et
762 3978 1016 4065 temporalibus,
1046 3979 1072 4042 si
1097 3985 1207 4044 tamen
1231 3979 1292 4043 tibi
1316 3979 1459 4063 placeat,
1491 3979 1743 4043 committamus.
1780 3977 1906 4043 Verum

259 4101 324 4146 cum
347 4083 407 4146 tibi
430 4082 599 4146 mittamus
622 4083 818 4147 interclusas
842 4081 901 4146 sub
925 4081 1018 4146 bulla
1041 4089 1155 4145 nostra
1178 4082 1316 4162 litteras,
1340 4103 1403 4168 que
1428 4103 1527 4168 super
1548 4082 1777 4146 commissione
1792 4081 1906 4146 buius-

258 4184 335 4249 modi
357 4184 543 4270 diriguntur
552 4184 574 4264 ¹,
597 4184 799 4265 mandamus,
823 4185 986 4270 quatinus,
1011 4185 1039 4248 si
1062 4192 1235 4271 acceptum
1259 4185 1320 4249 hoc
1343 4185 1487 4264 duxeris,
1511 4185 1597 4248 dicto
1622 4185 1906 4271 archipresbytero

258 4284 375 4352 litteras
399 4286 534 4352 easdem
557 4287 719 4373 assignes,
741 4288 822 4352 alias
845 4294 966 4369 autem,
991 4288 1070 4373 ipsis
1094 4288 1180 4374 apud
1205 4295 1237 4353 te
1261 4289 1408 4369 retentis,
1428 4297 1506 4353 'sum
1532 4289 1734 4353 sufficienter
1756 4294 1825 4354 ata
1844 4287 1906 4353 det

258 4391 412 4473 omnibus,
437 4412 501 4477 que
524 4391 642 4456 honori
665 4391 805 4457 ecclesie
830 4398 992 4478 oportuna
1007 4391 1138 4471 videris,
1161 4391 1401 4456 informandum
1425 4392 1458 4455 in
1475 4391 1659 4478 predictum
1676 4392 1906 4477 patrimonium

202 4509 222 4550 a
259 4500 288 4556 et
306 4493 471 4560 Ducatum
494 4494 577 4561 duce
601 4494 733 4560 Christo
757 4496 969 4560 transmittas.

354 4615 433 4683 Dat.
457 4621 493 4680 ut
516 4626 642 4704 supra⁰.

352 4774 1180 4782 ——--—-—--—————-0——---——.——--‚
1185 4776 1190 4780 .

349 4878 375 4944 ⁸)
394 4879 422 4929 in
436 4877 468 4930 lt.
488 4881 545 4930 Dos
565 4886 702 4947 utsupra,
726 4880 780 4930 scil.
803 4881 831 4930 in
853 4880 910 4932 Lib.
924 4879 949 4943 1,
968 4883 1000 4930 66
1017 4887 1040 4930 ct
1059 4883 1091 4928 66
1110 4875 1149 4943 [n.
1164 4882 1197 4928 12
1214 4887 1237 4929 ct
1254 4875 1304 4944 11],
1327 4895 1392 4943 qaas
1416 4879 1536 4945 epistolae
1557 4886 1617 4942 post
1641 4876 1707 4927 banc
1726 4876 1905 4943 propmtimua,

255 4969 278 5010 tl
297 4980 345 5030 qao
369 4965 476 5016 consilio
501 4965 612 5031 scriptae
632 4966 684 5016 rint
706 4975 730 5017 ct
750 4983 816 5031 qaae
840 4962 922 5032 scierit
943 4965 1097 5016 consuetodo
1121 4965 1209 5015 moriac
1232 4965 1261 5015 in
1283 4965 1389 5030 nepotiis
1410 4963 1557 5015 brrircnnodi
1578 4963 1741 5030 conserendis
1763 4963 1905 5025 obseruata,

253 5049 349 5112 rimis·
365 5051 533 5117 intelliqotur.
604 5049 630 5117 ¹³)
649 5053 679 5104 ds
698 5053 766 5106 deest
777 5053 810 5104 B.
882 5053 905 5114 θ)
923 5061 1048 5104 mnata.

200 5188 218 5229 ¹³
350 5187 375 5252 1)
397 5185 461 5240 Scri.
476 5182 537 5254 Ray.
549 5192 581 5240 66
594 5184 637 5256 [n.
651 5186 695 5256 12]
708 5192 732 5240 et
743 5193 784 5253 66,
802 5205 883 5255 quam
895 5187 1031 5255 epistolam
1045 5187 1141 5254 Berpcr
1153 5185 1194 5239 ita
1208 5185 1331 5254 praebet:
1350 5184 1501 5256 Episcopis,
1520 5181 1679 5247 abbatibus,
1699 5179 1838 5250 prioribus
1850 5182 1903 5233 etc.

258 5272 382 5340 utsupra
399 5271 430 5324 in
443 5270 514 5324 LXV
527 5271 632 5326 littera.
662 5270 716 5325 His
734 5273 820 5326 aalma
837 5273 970 5341 opimatam
987 5281 1018 5327 66
1035 5273 1133 5326 itmnm
1150 5272 1317 5339 reaistratam
1334 5288 1388 5326 esse
1407 5271 1479 5325 erodi
1495 5286 1551 5323 non
1565 5273 1659 5337 potest,
1672 5265 1829 5336 purcman
1845 5281 1904 5319 mern

258 5356 369 5420 wotos
385 5357 730 5429 85n86[n.18]coden
746 5358 825 5412 modo
841 5375 874 5413 ac
892 5365 1006 5414 btctb8
1028 5360 1097 5413 inter
1118 5374 1144 5412 ae
1167 5358 1300 5412 dntntisse
1322 5360 1446 5427 wanno.
1483 5356 1634 5424 Opinanra
1650 5354 1787 5423 epistotam
1805 5358 1851 5420 68,
1874 5352 1905 5404 in

259 5444 340 5496 waic
351 5460 392 5512 cp.
403 5451 435 5498 66
449 5444 567 5512 Man,
583 5445 617 5498 ab
628 5461 661 5499 ea
671 5446 711 5499 ita
722 5445 893 5514 dismepaase,
908 5451 940 5499 ut
951 5446 987 5498 ab
998 5445 1230 5515 areltipreslmtero,
1246 5445 1351 5498 etiamsi
1361 5450 1393 5498 nt
1405 5445 1508 5497 ‘rector’
1518 5443 1601 5511 fieret,
1621 5440 1759 5510 Rapncrio
1770 5436 1905 5493 cardinali

259 5541 307 5580 non
322 5531 448 5600 placeret,
468 5547 521 5600 pro
537 5532 686 5586 testmwnio
702 5531 892 5586 mandatmnm
908 5549 926 5585 a
943 5531 1000 5585 sede
1016 5531 1160 5600 apostolica
1177 5536 1342 5598 aoceptomm
1359 5529 1534 5583 nibilominus
1547 5527 1666 5597 proferri
1679 5530 1773 5595 possm
1809 5522 1905 5578 Etiam

200 5621 223 5661 0
262 5626 291 5666 α·
299 5630 327 5683 p.
338 5622 376 5686 13,
393 5617 441 5673 lin
453 5623 518 5674 lbet
528 5625 560 5674 19
571 5617 726 5673 wndndcre
743 5618 799 5672 licet
817 5618 955 5687 epistolam
972 5617 1095 5685 extitisse,
1115 5616 1146 5670 in
1163 5634 1218 5684 qna
1235 5617 1340 5686 nepotis
1357 5616 1381 5669 ei
1397 5615 1535 5670 commissa
1552 5613 1704 5668 sannatia
1721 5608 1905 5664 tantammodo

258 5698 350 5772 Μαι,
365 5719 399 5759 no
463 5703 561 5761 *rat
578 5703 653 5759 aerbo
668 5704 867 5775 monuerim
884 5708 968 5759 nant.

1661 5793 1699 5848 20
