4328 6232
778 336 979 392 EPISTOLAE
996 337 1185 394 seneclus.
1223 340 1298 394 1249.
1804 343 1867 405 513

210 512 338 576 Iuliana
367 511 408 577 de
431 511 634 576 Fontanis·l
662 510 805 576 habente
836 518 963 599 septem
993 534 1095 576 annos
1120 514 1172 578 uel
1203 514 1334 578 circiter
1363 515 1604 578 matrimonium
1635 514 1866 591 contraxisset,

210 636 321 701 aqua
348 616 425 695 fuit,
453 637 512 702 pro
542 637 582 682 ee
611 615 712 701 quod,
745 616 932 702 compertob
964 638 1023 704 per
1051 623 1233 699 matronas,
1269 618 1386 683 eadem
1417 620 1533 682 mulier
1562 625 1633 682 erat
1661 618 1866 702 incognosci-

210 719 301 800 bilis,
335 720 434 784 etiam
464 739 538 783 cum
566 719 607 783 ad
636 725 758 784 etatem
788 721 977 805 perveniret
1010 721 1207 806 legitimam,
1246 721 1366 786 iudicio
1395 722 1535 787 ecclesie
1569 727 1755 806 separatus,
1791 721 1867 806 quia

212 821 417 910 postmodum
447 825 612 888 contraxit
641 844 714 887 cum
744 823 824 905 alia,
861 847 925 909 que
955 824 1081 910 prelata
1109 825 1135 890 Ι.
1156 832 1216 889 est
1248 826 1279 890 in
1311 825 1406 890 tertio
1436 824 1542 910 gradu
1571 825 1867 909 consanguinitatis

212 927 442 991 coniunctast
469 927 555 990 lilios
584 927 700 1011 genuit
728 949 770 991 cx
800 927 931 1008 eadem,
961 926 1153 1014 dispensare
1185 950 1258 993 oum
1287 950 1327 994 eo
1354 950 1454 1014 super
1481 928 1542 992 hoc
1572 928 1635 993 de⁰
1663 928 1867 1012 benignitate

212 1031 308 1097 solita
331 1052 530 1097 curaremus.
564 1031 725 1097 Volentes
754 1031 853 1117 igitur
881 1032 988 1097 eidem
1015 1033 1111 1096 militi
1135 1032 1272 1098 obtentu
1297 1031 1444 1097 eiusdem
1474 1033 1561 1118 regis
1591 1032 1729 1118 gratiam
1758 1031 1867 1095 lacere

212 1135 404 1220 specialem,
433 1134 643 1214 mandamus,
674 1135 828 1220 quatinus
856 1136 1025 1221 cumipse
1050 1136 1245 1200 auctoritate
1269 1142 1383 1200 nostra
1405 1135 1592 1221 dispenses,
1623 1156 1695 1200 eum
1719 1134 1867 1220 prelatus

213 1259 270 1303 rex
297 1237 430 1305 duxerit
457 1237 704 1324 requirendum,
738 1245 775 1303 ut
801 1275 842 1286 —
872 1239 1105 1325 impedimento
1137 1239 1321 1303 huiusmodi
1350 1262 1414 1304 non
1443 1240 1596 1304 obstante
1626 1276 1666 1286 —
1696 1259 1867 1304 remanere

212 1341 301 1407 licite
324 1342 435 1407 valeat
455 1342 489 1406 in
512 1341 719 1407 matrimonio
744 1342 791 1406 sic
815 1347 994 1408 contracto.

316 1462 392 1527 Dat.
415 1463 580 1550 Lugduni,
606 1463 639 1528 X
661 1463 736 1529 Kal.
758 1464 848 1545 Maii,
872 1464 1050 1529 annoV10.

998 1992 1086 2064 691.

315 2100 534 2194 hisamitas
556 2128 612 2194 IV
625 2151 717 2211 prqro
738 2130 924 2215 [Conrado]
946 2132 1086 2213 episcopo
1107 2131 1270 2195 Misacasi
1299 2131 1444 2209 uiolabit,
1476 2129 1746 2215 almissimam]
1765 2130 1870 2211 filium

213 2230 427 2316 [Weacealai]
446 2233 529 2315 repis
552 2233 721 2299 Bobomice
743 2238 772 2298 ct
794 2235 926 2300 barones
946 2234 1125 2312 Bobcmiac,
1148 2235 1205 2317 qui
1225 2235 1347 2316 foedes
1368 2236 1527 2300 coniuncti
1548 2255 1616 2300 acra
1635 2234 1781 2301 Conrado
1801 2234 1870 2315 filio

213 2333 408 2420 Falidericr]
429 2336 587 2418 quondum
615 2337 825 2418 imperatoris,
856 2339 879 2423 [
878 2337 987 2402 Otiose
1010 2339 1055 2402 ΙΙ
1048 2339 1071 2424 ]
1097 2337 1173 2404 duee
1196 2339 1369 2404 Bawariac
1400 2339 1537 2420 aliisque
1564 2358 1665 2420 regem
1692 2356 1785 2401 saum
1812 2337 1870 2399 im-

210 2441 359 2520 pugnent,
381 2443 477 2523 cogat,
498 2443 535 2502 at
555 2441 596 2504 ab
618 2439 677 2506 bac
690 2439 859 2522 iniquitate
873 2440 1036 2520 uastant,
1058 2441 1263 2527 [Nicolaum]
1278 2442 1453 2524 episomam
1469 2441 1669 2525 Pragenscm,
1691 2441 1748 2522 qui
1761 2444 1871 2505 contra

130 2550 158 2589 ¹⁵
212 2562 312 2625 repam
332 2542 463 2608 eundem
485 2563 553 2610 cum
574 2544 644 2625 filio
665 2544 734 2610 cias
755 2546 919 2626 conspiret,
941 2544 1106 2610 adsedem
1130 2545 1332 2626 apostol-icam
1353 2546 1424 2612 citet
1449 2549 1478 2609 ct
1498 2545 1624 2610 clericos
1644 2544 1870 2629 illisfaventcs

212 2642 368 2728 beneficiis
389 2647 605 2713 scelestasticis
624 2649 737 2730 privet.
1234 2677 1239 2687 ·
1513 2650 1607 2726 1249,
1630 2648 1712 2729 Apr.
1730 2651 1783 2712 22.

310 2766 381 2864 ‘Iam
399 2766 447 2821 IV
462 2766 527 2836 Rep
544 2766 605 2823 Lu.
621 2767 667 2836 VI,
684 2767 705 2834 f.
721 2775 766 2835 39,
785 2786 812 2822 a.
829 2777 878 2824 466
896 2770 943 2824 bie.
981 2770 1129 2839 Eacrrquar
1147 2770 1271 2838 Boluaii,
1296 2770 1376 2825 Miac.
1396 2774 1414 2825 t.
1430 2770 1498 2838 VII,
1513 2786 1542 2838 p.
1558 2778 1608 2826 489
1625 2770 1786 2824 mataras
1809 2786 1872 2824 arra

214 2850 445 3009 mm,
466 2940 753 3011 Rep.13298,·Berpcr
771 2950 843 2997 4459.

772 3178 814 3197 ..
843 3123 1055 3215 episcopo
1083 3123 1312 3198 Mlancnsi.

318 3269 462 3336 Paterno
487 3271 725 3338 benedictionis
749 3273 927 3338 auctoritas
951 3273 1104 3339 devotum
1132 3275 1235 3338 filium
1266 3275 1365 3359 erigit
1392 3275 1425 3338 in
1456 3274 1595 3338 sublime
1626 3296 1665 3338 ac
1696 3275 1767 3338 eius
1795 3295 1870 3338 con-

214 3373 345 3438 trarium
368 3381 517 3441 ereetum
540 3376 648 3442 subito
671 3375 847 3443 crudeliter
870 3377 1028 3442 eradicat.
1068 3376 1166 3443 Unde
1189 3377 1310 3463 Ioseph
1335 3398 1530 3442 accrescens
1554 3377 1640 3441 filius
1664 3384 1872 3463 nuncupatur

214 3482 247 3541 et
268 3475 427 3543 Chanaan
450 3500 523 3543 cum
547 3501 607 3545 sua
630 3481 788 3567 progenie
812 3481 973 3545 subicitur
996 3482 1157 3546 servituti.
1202 3481 1352 3546 Absalon
1375 3502 1504 3567 quoque
1529 3481 1560 3544 in
1584 3500 1707 3566 quercu
1731 3502 1870 3567 suspen·

216 3578 301 3647 ditur
335 3587 369 3646 et
397 3580 552 3649 Salomon
582 3585 710 3671 paterni
741 3586 892 3649 culminis
922 3585 1040 3672 recipit
1069 3584 1232 3650 diadema.
1281 3584 1353 3649 Hee
1382 3590 1416 3649 et
1449 3583 1535 3670 quod
1566 3583 1599 3647 in
1627 3605 1721 3648 sacra
1751 3585 1872 3670 pagina

217 3683 348 3770 legitur:
372 3684 523 3751 ‘Honora
537 3694 663 3775 patrem
680 3694 771 3753 tuum
789 3695 821 3753 et
837 3696 975 3754 matrem
992 3696 1092 3769 tuam,
1115 3694 1151 3753 ut
1167 3690 1212 3753 sis
1229 3690 1388 3775 longevus
1413 3709 1513 3774 super
1535 3685 1678 3768 terram’,
1702 3689 1729 3752 si
1752 3688 2027 3753 nobilisaxouaonr.

218 3787 261 3853 vir
290 3795 389 3855 natus
418 3790 578 3856 carissimi
608 3793 642 3856 in
670 3791 801 3859 (ih‘risto
831 3793 889 3857 filii
922 3793 1026 3858 nostri
1051 3843 1089 3858 ..
1119 3793 1255 3856 illustris
1286 3793 1371 3878 regis
1399 3791 1550 3868 Boemie‚
1580 3797 1678 3877 prout
1708 3791 1871 3872 convenit,

218 3888 388 3978 diligenter
404 3893 602 3976 attenderet,
619 3895 725 3981 ipsum
743 3917 853 3981 regem
871 3903 999 3982 patrem
1017 3916 1111 3960 suum
1128 3902 1296 3982 tamquam
1309 3897 1407 3977 filius,
1422 3894 1684 3960 benedictionem
1699 3901 1870 3981 paternam

217 3991 423 4062 hereditared
455 3999 605 4084 cupiens,
642 3995 907 4065 honoraremus
936 3999 979 4064 ab
1010 3999 1082 4064 eius
1114 3999 1240 4064 offensa
1270 3999 1401 4085 penitus
1433 3999 1625 4065 abstineret.
1675 3997 1741 4064 Sed
1773 3997 1870 4076 idem,

215 4098 419 4182 quorundam
449 4101 608 4167 baronum
636 4105 728 4189 regni
751 4103 904 4184 Boamic,
933 4105 986 4189 qui
1018 4103 1103 4168 bona
1124 4105 1216 4190 pacis
1240 4103 1379 4168 odemnt
1402 4109 1435 4167 et
1459 4103 1491 4165 in
1515 4103 1610 4166 malis
1634 4101 1871 4167 discordiarum

113 4206 138 4241 ⁰
215 4204 380 4284 exultant,
413 4205 531 4272 ductus
559 4209 679 4293 iniquis
708 4209 975 4294 persuasionibus
999 4214 1032 4271 et
1055 4207 1226 4285 seductus,
1255 4227 1417 4271 unacum
1441 4207 1535 4293 ipsis,
1567 4205 1651 4270 sicut
1674 4205 1871 4291 accepimus,

209 4307 395 4375 crudeliter
416 4309 598 4397 predictum
622 4332 734 4397 regem
754 4312 964 4398 persequitur
980 4318 1013 4376 et
1029 4311 1139 4375 hostili
1156 4311 1385 4397 perseeutione
1402 4311 1574 4396 impugnat
1590 4309 1622 4373 in
1638 4307 1871 4373 detrimentum

206 4426 358 4494 persone
389 4434 427 4479 ac
457 4421 564 4480 status
594 4416 697 4502 ipsius
729 4416 829 4500 regis,
865 4437 939 4480 cum
969 4415 1115 4480 Corrado
1148 4421 1225 4479 nato
1256 4415 1310 4480 Fr.
1340 4414 1503 4499 quondam
1533 4412 1755 4499 imperatoris,
1789 4411 1873 4477 duee

203 4509 367 4582 Bawarie
400 4524 434 4583 et
467 4519 541 4583 aliis
576 4519 718 4584 ecclesie
752 4518 1019 4604 persecutoribus
1054 4517 1149 4583 ledus
1181 4519 1325 4583 amicitie
1357 4539 1395 4582 ae
1426 4517 1593 4582 societatis
1623 4515 1875 4601 dampnabiliter

202 4616 409 4696 inhiando²;
432 4621 466 4685 in
489 4621 606 4709 quibus
631 4623 781 4687 omnibus
799 4671 807 4689 .
823 4673 831 4688 .
849 4623 995 4709 episcopi
1011 4622 1189 4707 Pragensis
1214 4629 1247 4686 et
1270 4621 1473 4707 quarundam
1496 4620 1635 4685 aliarum
1658 4640 1873 4705 personarum

205 4724 518 4791 ecclesiasticarum
547 4726 694 4792 eiusdem
725 4727 817 4811 regui
845 4725 964 4790 dicitur
995 4748 1069 4791 esse
1099 4747 1225 4790 manus.
1270 4724 1321 4791 Ne
1351 4725 1450 4810 igitur
1474 4730 1601 4788 tantum
1625 4723 1762 4802 malum,
1792 4723 1820 4786 si
1844 4723 1874 4787 ci

204 4828 384 4894 obviatum
407 4830 602 4911 maluerit,
627 4832 818 4911 invalescat,
843 4831 1043 4912 mandamus,
1073 4831 1226 4917 quatinus
1250 4836 1362 4895 natum
1386 4835 1420 4895 et
1441 4829 1582 4893 barones
1607 4826 1751 4906 eosdem,
1774 4833 1810 4890 ut
1833 4826 1874 4890 ab

201 4928 388 5018 iniquitate
412 4933 599 5000 huiusmodi
621 4936 753 5022 penitus
775 4934 973 4999 desistentes
996 4935 1038 4999 ad
1062 4935 1271 5000 devotionem
1293 4933 1414 5020 prelati
1438 4932 1541 5017 regis,
1572 4952 1592 4995 a
1615 4951 1679 5015 qua
1701 4930 1772 4994 sino
1796 4936 1875 4995 uota

203 5033 351 5102 infamia
374 5057 413 5103 ae
435 5039 616 5103 animarum
639 5039 795 5125 periculis
819 5061 883 5103 non
907 5045 1046 5124 possunt
1062 5038 1229 5117 recedere,
1253 5037 1439 5115 redeuntes,
1464 5036 1506 5114 ei,
1529 5040 1566 5098 ut
1581 5038 1744 5110 tenentur,
1767 5034 1873 5097 inten-

207 5139 310 5222 dant,
344 5143 502 5208 attentius
533 5163 667 5208 moneas
696 5150 729 5207 et
752 5141 895 5208 inducas.
941 5140 1036 5215 Quod
1059 5143 1086 5205 si
1110 5141 1242 5205 monitis
1267 5141 1331 5206 tuis
1355 5140 1566 5226 acquiescere
1590 5158 1654 5202 non
1678 5137 1874 5216 curaverint,

113 5372 140 5416 ω
323 5405 347 5469 ⁸)
365 5407 467 5457 Fontar‘r
480 5405 513 5456 B.
599 5405 625 5472 b)
643 5406 756 5471 sequitur
773 5407 801 5456 iu
814 5405 845 5455 u.
864 5424 879 5456 a
898 5421 950 5470 qua
968 5405 1017 5455 suit
1032 5405 1134 5469 mancas
1152 5403 1290 5470 suppositis
1308 5403 1425 5454 deletum.
1514 5399 1537 5467 ο)
1555 5401 1647 5452 boeda
1664 5397 1725 5464 [sol.
1738 5396 1784 5465 41]
1798 5399 1829 5449 de
1843 5397 1874 5448 R.

218 5488 246 5552 ιι)
263 5492 402 5545 hereditate
420 5491 467 5550 Rs
484 5493 518 5559 cf.
538 5493 617 5544 Heba.
631 5491 700 5556 XII,
718 5498 756 5544 17.
862 5492 885 5554 ⁰)
903 5493 1029 5542 bonorare
1048 5489 1078 5539 B.

323 5629 351 5696 1)
369 5626 651 5696 Fonteiae-Plumae
667 5644 700 5682 aa
716 5644 766 5683 occ.
784 5629 832 5682 cie.
847 5624 994 5682 Cbarlerei.
1081 5625 1108 5691 2)
1129 5623 1170 5690 Cf.
1189 5641 1217 5678 a.
1229 5631 1286 5681 553.

321 5722 388 5777 Res.
407 5723 491 5779 Pour.
510 5723 544 5778 11.
1634 5715 1670 5768 65
