4790 6340
889 441 1088 500 EPISTOLAE
1105 443 1294 500 sunncvnn.
1331 445 1406 501 1247.
1913 450 1972 512 321

329 609 358 670 et
379 607 504 674 clericos
531 612 660 678 Frisicc
690 614 896 681 craterense
925 617 1056 684 diocesis
1087 583 1231 703 quintam
1262 618 1323 683 sibi
1354 621 1470 684 solvere
1502 619 1687 702 decerpentes
1718 617 1974 702 prerrmlpnvcrit,

324 710 487 790 poticam·
508 718 538 778 ct
559 716 718 782 observari
734 717 850 803 faciat.
1630 725 1723 803 1247,
1749 722 1814 788 Oct.
1839 726 1889 787 17.

435 833 499 888 Iam.
520 835 568 888 IV
584 837 647 905 ch.
672 838 726 894 Vol
745 839 770 902 1,
789 845 854 904 478,
874 838 935 896 Lib.
954 841 984 909 V,
1002 848 1060 898 358.

435 919 532 991 Berper
548 927 625 980 3408.

634 1071 836 1146 Gerardc
864 1075 915 1148 dc
942 1076 1050 1150 Pois
1077 1076 1399 1150 archidiacono
1427 1076 1676 1150 Leodiensi.

435 1215 487 1280 Ex
515 1227 607 1305 parte
634 1223 830 1287 venerabilis
858 1224 966 1288 fratris
996 1225 1097 1290 nostri
1121 1277 1153 1293 ..
1177 1226 1416 1312 archiepiscopi
1446 1225 1649 1290 coloniensis
1680 1225 1741 1288 fuit
1772 1225 1973 1311 propositum

331 1339 439 1384 coram
462 1321 565 1403 nobis,
589 1323 675 1410 quod
699 1347 771 1390 eum
795 1327 824 1391 ei
849 1329 995 1412 quintam
1019 1329 1314 1394 ecelesiasticorum
1338 1337 1555 1416 proventuum
1578 1328 1744 1414 provincie
1769 1326 1973 1392 Colonieneis

332 1429 420 1486 certo
450 1429 595 1511 tempore
626 1427 814 1494 duxerimus
847 1431 1120 1513 concedendam,
1145 1485 1152 1499 .
1173 1484 1180 1500 .
1202 1435 1369 1520 preposito
1400 1434 1537 1498 ecclesie
1560 1431 1736 1497 Tillensis²
1763 1439 1797 1497 et
1824 1432 1975 1516 collega·

332 1525 435 1611 ipsius
465 1529 593 1594 eidemb
624 1553 724 1618 super
751 1533 811 1598 hoc
841 1536 873 1599 in
897 1535 1100 1602 Traiectensi
1130 1536 1252 1602 diocesi
1285 1537 1510 1601 nichilominus
1538 1536 1768 1601 executoribus
1797 1534 1972 1621 deputatis,

331 1629 430 1694 iidem
454 1642 648 1704 executores
672 1638 704 1700 iu
728 1637 885 1722 quosdam
908 1639 1046 1704 abbates
1071 1646 1104 1703 at
1126 1640 1208 1705 alios
1231 1640 1379 1714 clericos,
1403 1649 1468 1703 tam
1491 1640 1653 1704 seculares
1671 1660 1768 1724 quam
1793 1639 1972 1724 regulares,

331 1732 454 1798 Friscie
478 1736 624 1820 predicte
648 1739 804 1820 dloceeie,
828 1763 886 1827 pro
910 1765 949 1808 eo
972 1743 1058 1828 quod
1082 1744 1229 1829 quintam
1253 1745 1358 1830 ipsam
1381 1744 1489 1808 eidem
1512 1743 1755 1830 archiepiscopo
1780 1743 1906 1806 solvere
1931 1742 1971 1805 de

331 1837 400 1901 suis
423 1841 631 1924 proventibus
655 1845 884 1910 ecclesiasticis
908 1847 1142 1911 contumaciter
1164 1847 1382 1933 denegabant,
1407 1847 1754 1912 excommunicationis
1779 1845 1971 1924 senteutiam

332 1941 485 2026 exigente
508 1945 630 2011 iustitia
652 1951 909 2034 promulgarunt.
955 1952 1064 2027 Quare
1087 1951 1255 2036 predictus
1278 1950 1544 2038 archiepiscopus
1567 1949 1745 2036 postulavit
1767 1971 1787 2012 a
1810 1947 1915 2024 uobis,
1937 1953 1973 2011 ut

258 2097 260 2104 Α
333 2044 470 2111 eandem
494 2052 689 2115 seutentiam
712 2054 894 2119 faceremus
919 2056 1017 2121 robur
1047 2055 1192 2121 debitum
1215 2055 1379 2120 firmitatis
1408 2055 1540 2120 habere.
1586 2053 1746 2128 Quocirca
1770 2050 1973 2128 mandamus,

332 2150 482 2233 quatinus
506 2157 702 2219 seutentiam
726 2157 830 2242 ipsam
854 2179 912 2245 per
934 2160 1016 2236 loca,
1040 2160 1073 2222 in
1097 2158 1213 2244 quibus
1238 2158 1394 2245 expedire
1411 2157 1540 2237 videris,
1564 2165 1678 2242 perte
1702 2163 1735 2221 et
1758 2155 1842 2220 alios
1865 2153 1972 2239 publi-

273 2325 275 2330 ,
332 2263 430 2315 cans⁰
465 2256 600 2340 pulsatis
635 2261 800 2344 campanis
841 2269 873 2325 ct
908 2261 1052 2326 candelis
1086 2262 1233 2327 accensis
1268 2261 1383 2327 diebus
1421 2261 1590 2326 dominicis
1625 2267 1658 2324 et
1698 2259 1840 2338 festivis,
1870 2256 1973 2321 facias

331 2355 470 2421 eandem
494 2362 706 2443 sententiam,
740 2363 826 2428 sient
853 2364 1091 2430 rationabiliter
1114 2370 1164 2430 est
1187 2367 1329 2452 prolata,
1355 2385 1458 2451 usque
1488 2364 1530 2429 ad
1553 2363 1808 2429 satisfactionem
1839 2359 1972 2445 condig-

332 2479 406 2523 nam
429 2461 661 2529 inviolabiliter
683 2467 867 2544 observari;
892 2469 1145 2534 contradictores
1169 2477 1231 2536 etc.

434 2578 510 2647 Det.
533 2581 694 2669 Lugduni,
717 2585 800 2652 XVI
822 2586 896 2653 Kal.
919 2587 1003 2656 Nov.
1026 2610 1111 2654 anuo
1126 2589 1172 2654 V⁰
1187 2589 1212 2658 ³.

1111 3027 1199 3102 446.

254 3163 280 3204 ²⁰
410 3131 414 3140 ¹
435 3135 653 3230 Irrnoeeams
667 3168 689 3231 I
695 3167 725 3230 V
736 3191 827 3250 papa
848 3169 1024 3256 [Herrrr'co]
1045 3171 1184 3256 episeopo
1205 3171 1434 3253 Bamlrerperrsi
1455 3190 1551 3251 usquc
1572 3169 1615 3232 ad
1637 3165 1859 3246 beneplacitam
1882 3181 1972 3226 scam

324 3266 577 3345 procurationem
605 3269 747 3336 ecclesiae
782 3270 973 3339 Chicmeacis
1007 3276 1182 3353 committit,
1207 3276 1297 3340 caius
1327 3273 1461 3359 episcopi
1487 3273 1668 3348 cessimrcm,
1691 3269 1761 3334 licet
1782 3266 1887 3330 eudem
1908 3283 1973 3328 non

330 3370 471 3446 macera,
494 3371 531 3434 m
552 3372 657 3437 odium
679 3379 783 3440 tamea
799 3395 953 3460 personae
975 3378 1043 3442 eius
1064 3382 1168 3444 rotam
1190 3379 1343 3444 habuerit.
1627 3376 1721 3451 1247,
1746 3369 1809 3436 Oct.
1835 3368 1885 3433 19.

434 3490 497 3544 Ina.
516 3491 566 3545 IV
580 3491 645 3561 aa.
663 3493 719 3550 Vol.
739 3495 840 3564 I,473,·
858 3495 915 3551 Le.
935 3495 1030 3565 V,311.

436 3577 536 3648 Bcrpcr
552 3585 622 3636 3361.

835 3769 873 3787 ..
903 3715 1114 3807 episcopo
1141 3711 1476 3805 Bambergensi.

327 3889 330 3906 ·
435 3858 518 3932 Quia
540 3881 599 3946 per
621 3862 769 3926 inimicos
792 3861 857 3927 Dei
888 3871 921 3928 et
943 3864 1083 3928 ecclesie
1106 3863 1201 3929 bonis
1223 3864 1288 3927 tuis
1310 3863 1378 3927 fere
1402 3860 1553 3926 omnibus
1577 3859 1755 3923 dinosceris
1779 3856 1938 3943 spoliatus
1950 3853 1973 3931 ⁴,

330 3959 377 4024 ita
410 3961 496 4045 quod
532 3983 596 4027 non
636 3964 753 4046 habes,
791 3965 877 4032 unde
915 3967 1020 4053 possis
1055 3965 1189 4031 comode
1218 3965 1435 4044 substentari,
1469 3983 1527 4028 nos
1556 3977 1654 4049 super
1680 3961 1740 4025 hoc
1771 3959 1831 4025 tibi
1854 3956 1974 4022 affectu

331 4069 468 4148 paterno
491 4067 704 4152 compatimur
731 4090 769 4133 ac
795 4070 987 4155 provisionis
1015 4070 1185 4135 dexteram
1213 4068 1246 4133 iu
1275 4067 1388 4134 tantel
1410 4066 1615 4132 necessitatis
1640 4064 1775 4130 articulo
1799 4061 1973 4148 aperimus.

333 4166 415 4231 Cum
437 4168 537 4254 igitur
560 4220 592 4236 ..
616 4169 778 4255 quondam
802 4173 973 4260 episcopus
996 4171 1162 4238 Kimcnsis
1192 4194 1250 4260 pro
1278 4193 1337 4238 sua
1359 4170 1509 4236 Kimcnsi
1536 4169 1673 4234 ecclesie
1698 4167 1835 4234 cesserit
1857 4164 1970 4228 voiun-

256 4284 282 4324 ³⁰
333 4277 412 4349 tate,
435 4293 505 4354 nos,
528 4271 606 4337 licet
628 4275 811 4340 huiusmodi
835 4277 942 4342 cessio
966 4298 1031 4340 nou
1054 4277 1205 4357 tenuerit,
1228 4278 1262 4341 iu
1286 4276 1395 4341 odium
1411 4281 1520 4340 tamen
1544 4293 1683 4360 persone
1708 4291 1765 4335 sue
1789 4267 1973 4333 cessionem

332 4375 470 4440 eandem
505 4383 610 4441 ratam
645 4385 678 4442 et
713 4388 838 4464 gratam
876 4381 1068 4461 habentee⁵‚
1102 4381 1363 4467 procurationem
1401 4380 1504 4465 ipsius
1537 4377 1679 4442 ecclesie
1713 4374 1771 4440 tibi
1799 4391 1903 4456 usque
1931 4367 1973 4433 ad

331 4486 442 4544 nostre
464 4480 640 4545 voluntatis
664 4481 904 4569 beneplacitum
927 4485 1078 4550 duximus
1101 4483 1384 4564 committendam,
1407 4482 1538 4570 plenam
1566 4479 1626 4545 tibi
1648 4473 1973 4542 amministrationem

303 4605 305 4610 ·
333 4583 404 4648 eius
424 4589 494 4659 tarn
516 4584 548 4649 in
573 4586 795 4670 spiritualibus
823 4609 920 4673 quam
953 4589 986 4652 in
1015 4588 1250 4675 temporalibus
1288 4585 1515 4653 concedentes.
1575 4580 1737 4656 Quocirca
1772 4576 1972 4654 mandamus,

334 4689 485 4773 quatinus
517 4710 614 4775 geres
644 4690 785 4757 fideliter
818 4714 856 4758 ac
888 4693 1028 4758 sollicite
1055 4713 1165 4757 euram
1196 4693 1286 4772 eius,
1320 4691 1428 4756 omnia
1453 4689 1606 4768 facienes,
1637 4705 1700 4772 que
1724 4681 1765 4747 ad
1787 4678 1973 4745 huiusmodi

257 4804 282 4844 ³⁵
334 4792 570 4876 procurationis
594 4799 627 4858 et
650 4795 948 4860 amministrationis
973 4794 1115 4859 officium
1136 4795 1266 4860 noveris
1290 4792 1457 4881 expedire,
1481 4788 1733 4857 contradictores
1757 4792 1818 4852 etc.

435 4914 511 4980 Dat.
534 4914 697 5000 Lugduni,
720 4916 823 4982 XIIII
845 4917 919 4984 Kal.
941 4917 1116 4984 Novembr.
1139 4937 1223 4981 anuo
1240 4917 1319 4981 V⁰⁶.

1791 5065 1866 5075 ‘—

432 5168 459 5240 ⁵⁵)
477 5177 575 5245 college
592 5177 640 5242 R.,·
650 5180 766 5246 fortasse
784 5179 890 5246 collegis
907 5179 1040 5246 lcpemdrrm
1057 5187 1101 5230 est.
1189 5175 1216 5244 l‘l
1234 5176 1329 5229 eisdem
1347 5175 1380 5226 a.
1467 5173 1490 5238 ⁰)
1507 5173 1669 5241 publicantes
1687 5171 1720 5222 B.
1807 5165 1834 5232 d)
1853 5171 1923 5218 tanto
1941 5163 1973 5213 Β·

332 5260 356 5328 0)
373 5263 489 5314 iaciendo
506 5263 538 5314 Β.

437 5382 464 5450 1)
483 5379 521 5448 Os.
538 5399 566 5436 a.
584 5389 622 5438 66.
726 5385 754 5449 2)
775 5383 834 5438 mer
848 5383 885 5438 od
902 5383 984 5438 wear
997 5385 1106 5453 ttamen.
1210 5383 1238 5449 3)
1258 5379 1314 5435 Suo
1342 5377 1394 5433 Oct.
1413 5384 1447 5434 23
1468 5393 1546 5447 papa
1568 5375 1651 5431 elder
1679 5372 1801 5429 Gerordo
1826 5366 1973 5434 mandavit,

255 5476 282 5516 ⁴⁰
332 5485 367 5522 ae
379 5469 547 5537 permitteret,
565 5475 596 5524 at
612 5470 827 5539 archiepiscopus,
845 5472 993 5539 capitatam
1009 5476 1033 5525 ct
1049 5469 1134 5524 clerae
1152 5467 1313 5523 manem
1330 5465 1367 5520 ud
1387 5465 1482 5534 olimae
1499 5463 1587 5520 debita
1604 5461 1774 5532 resolvenda
1795 5461 1974 5528 ‘'wilerm-

334 5559 388 5620 tar,
407 5553 461 5608 aiei
477 5554 530 5623 ipsi
546 5556 701 5611 cerraitlsset
718 5573 749 5610 ea
764 5557 845 5624 faisse
861 5573 985 5612 conmrea
1002 5557 1034 5610 im
1051 5555 1193 5609 radhatem
1210 5553 1327 5608 eccleciae
1346 5551 1521 5615 manaem
1540 5550 1674 5617 Potthast,
1694 5547 1758 5618 Περ.
1777 5555 1891 5616 12730a;
1907 5565 1975 5617 praue

334 5640 672 5710 commoneamur.
760 5643 787 5708 4)
808 5641 1233 5710 muraenularum.
1319 5639 1347 5700 5)
1368 5635 1627 5704 oflerramte.
1712 5634 1974 5703 &Dememora-

334 5727 437 5810 ratr'oae
446 5727 519 5792 suda
527 5745 602 5796 papa
614 5729 663 5781 sab
675 5729 762 5782 erden
773 5727 813 5782 aa
826 5727 980 5796 Philippum
987 5733 1186 5797 procuratorem
1197 5723 1315 5779 edeam
1326 5721 1530 5791 Sclebarpcssts
1542 5727 1566 5776 et
1577 5722 1609 5774 br
1626 5719 1735 5776 eandem
1755 5720 1863 5774 modam
1879 5721 1975 5774 darem

438 5821 501 5876 ltro.
520 5821 603 5876 Pom.
621 5821 655 5876 II.
1738 5816 1772 5869 41
