4784 6334
433 450 495 519 444
988 439 1035 501 EX
1055 437 1272 502 Innocentis
1291 437 1329 499 IV
1348 436 1530 501 ehorsluo

429 627 577 713 partibus
600 625 666 690 illis
691 623 871 711 apostolico
894 621 980 687 sedis
1001 624 1123 707 legato,
1146 622 1265 688 uostris
1288 621 1476 688 dederimus
1491 620 1631 686 litteris·
1646 620 1679 686 in
1694 617 1888 701 mandarint
1912 627 1949 685 ut
1963 617 2082 687 dilecto

429 731 495 796 filio
524 730 670 796 Honrico
702 729 742 794 de
772 725 1043 793 oeroldosekeb²
1073 727 1285 806 Basilicnsia,
1319 725 1576 811 Argentineusis
1607 733 1640 791 et
1669 724 1834 812 Spirensis
1868 724 2080 790 ecclesiarum

430 834 602 914 canonico,
632 833 744 918 nepoti
766 830 878 896 dilecti
901 831 958 896 filii
982 879 1015 897 ..
1040 831 1137 896 electi
1163 831 1343 917 Spirensis,
1375 830 1576 916 inpartibus
1599 829 1804 896 Thcutonis⁰
1827 827 1867 895 de
1891 829 2081 917 episcopatu

430 939 538 1023 aliquo
561 935 756 1022 provideret,
780 933 895 1000 ecdem
917 935 1039 1019 legato,
1062 942 1236 1020 antequam
1261 934 1293 998 id
1316 933 1419 1014 fieret,
1443 933 1485 998 ad
1507 941 1652 998 nostram
1675 934 1874 1020 presentiam
1891 932 2048 999 redeunte
2058 933 2080 1013 ³,

430 1039 518 1106 idern
541 1039 717 1105 eanonicus
739 1039 865 1103 nullum
890 1045 942 1103 est
964 1037 1004 1103 dc
1026 1045 1141 1102 nostra
1159 1039 1266 1122 gratia
1282 1038 1452 1103 comodum
1470 1044 1653 1103 assecutus.
1687 1037 1847 1103 Volentes
1864 1038 1975 1124 igitur,
1995 1040 2080 1124 quod
2148 1059 2160 1096 ε

431 1165 531 1230 super
553 1144 615 1208 hoc
639 1142 726 1206 eirea
748 1142 855 1228 ipsum
879 1142 1070 1228 incepimus,
1094 1141 1274 1229 perducere
1298 1141 1339 1205 ad
1363 1142 1524 1220 ellectum,
1555 1140 1755 1221 mandamus,
1782 1142 1936 1226 quatinus
1959 1141 2080 1208 dietum

431 1247 622 1312 canonicum
649 1246 682 1309 in
706 1245 815 1331 alique
837 1245 979 1310 ccclesia
1002 1244 1182 1309 cathedrali
1206 1243 1247 1308 de
1271 1245 1418 1330 partibus
1441 1245 1521 1320 illis,
1551 1244 1726 1310 Basiliensi
1757 1247 1931 1331 excepta‘,
1963 1247 1990 1310 si
2018 1268 2082 1332 qua

431 1350 476 1414 ibi
503 1355 600 1414 vacat
627 1348 668 1414 ad
697 1368 833 1435 presens
863 1349 916 1413 vel
947 1369 1044 1434 quam
1073 1348 1212 1434 primurn
1245 1349 1286 1412 ad
1321 1347 1352 1412 id
1386 1347 1543 1414 obtulerit
1577 1370 1613 1413 se
1646 1348 1800 1428 facultas,
1836 1348 1892 1413 ubi
1926 1350 2082 1437 expedire

431 1452 593 1534 videritis,
622 1452 799 1538 proficiatis
826 1453 1022 1518 auctoritate
1051 1459 1163 1516 nostra
1191 1452 1223 1516 in
1252 1452 1442 1538 episcopum
1474 1457 1508 1516 et
1534 1458 1698 1537 pastorem
1722 1451 1814 1516 iuxta
1836 1452 1981 1538 priorum
2004 1473 2081 1519 con-

431 1557 602 1623 tinentiam
625 1556 821 1636 litterarum,
852 1554 1013 1620 facientes
1037 1555 1068 1620 ei
1090 1579 1111 1620 a
1132 1555 1270 1621 subditis
1293 1556 1396 1640 ipsius
1420 1555 1578 1635 ecclesie,
1609 1554 1649 1620 de
1674 1575 1737 1640 qua
1761 1555 1824 1619 sibi
1845 1554 2081 1640 providendum
2136 1575 2162 1612 ιο

432 1659 608 1738 duxeritis,
637 1659 859 1724 obedientiam
883 1665 917 1722 et
939 1659 1156 1724 reverentiam
1178 1659 1323 1723 debitam
1347 1657 1514 1736 exhiberi,
1537 1695 1577 1706 -
1602 1677 1665 1722 non
1688 1658 1897 1723 obstantibus
1920 1658 2082 1745 aliquibus

432 1762 643 1847 indulgentiis
671 1764 724 1827 vel
752 1763 824 1827 aliis
854 1762 1134 1850 quibuscumqued
1162 1764 1281 1828 litteris
1314 1783 1373 1848 per
1401 1783 1621 1848 quoscumque
1652 1761 1693 1826 ab
1724 1761 1905 1848 apostolica
1928 1763 2006 1828 sede
2029 1765 2082 1828 vel

431 1866 550 1950 legatis
573 1865 675 1952 ipsius
698 1866 841 1931 obtentis
864 1874 922 1931 aut
945 1867 1045 1931 etiarn
1068 1867 1268 1948 obtinendis,
1292 1889 1351 1954 per
1373 1887 1454 1952 quas
1477 1867 1580 1952 ipsius
1604 1866 1752 1931 canonici
1775 1867 1918 1951 provisio
1932 1867 2084 1953 impediri

432 1969 541 2034 valeat
569 1970 620 2034 vel
650 1968 787 2050 differri,
809 1994 867 2046 -;
895 1969 1150 2035 contradictores
1174 1976 1236 2034 ete.
1282 1967 1378 2042 Quod
1402 1970 1429 2032 si
1452 1990 1518 2033 non
1541 1968 1636 2032 ambo
1659 1975 1723 2032 etc.
1746 1970 1830 2033 alter
1852 1976 1997 2034 vestrum
2021 1977 2082 2037 etc.

540 2089 617 2156 Dat.
640 2088 803 2173 Lugduni,
829 2089 894 2154 XV
916 2088 991 2154 Kal.
1016 2089 1172 2170 Ianuarii,
1196 2109 1281 2154 anno
1295 2088 1371 2153 vla

1214 2613 1302 2688 644.

537 2725 757 2818 Innocentius
779 2751 835 2819 IV
850 2773 939 2836 papa
960 2751 1118 2838 [chrioo
1139 2754 1222 2840 III]
1242 2754 1334 2820 aleno
1355 2753 1522 2820 monensi
1544 2752 1699 2836 indnlpet‚
1728 2757 1765 2818 at
1785 2774 1855 2820 cunr
1869 2775 1934 2836 pro
1955 2754 2087 2838 neqoliis

431 2856 574 2922 aalma
600 2857 700 2922 multu
726 2859 881 2923 sustineat
906 2877 1003 2924 onera
1035 2877 1256 2938 expensorum,
1285 2861 1457 2939 proventus
1486 2858 1624 2923 omnium
1657 2857 1873 2940 bnnfincvnm
1903 2857 2087 2923 monnarii·

431 2979 551 3037 cmnm,
581 2979 660 3040 qnae
686 2960 781 3047 infra
806 2961 1058 3044 quinquennium
1082 2962 1119 3025 in
1141 2961 1308 3028 hamensi
1336 2962 1459 3026 civitate
1487 2961 1535 3026 oei
1556 2961 1670 3025 diocesi
1691 2981 1803 3026 vacare
1825 2961 2000 3044 cmtipnit,
2028 2980 2086 3042 per

433 3063 596 3128 trienninm
617 3063 751 3128 retinere
770 3063 879 3146 possit.
1740 3065 1833 3144 1248,
1855 3062 1930 3129 Dec.
1945 3065 1999 3128 22.

536 3181 602 3242 Inn-
616 3182 637 3236 1
641 3183 668 3238 V
676 3183 740 3252 Rop.
754 3183 814 3239 Lab.
831 3184 878 3254 VI,
889 3184 910 3252 f.
921 3192 961 3253 16,
973 3201 1002 3240 n.
1012 3191 1068 3240 262.
1099 3183 1247 3252 Euenrplov
1259 3183 1378 3252 Bolani,
1400 3183 1475 3238 llsrsc.
1489 3189 1505 3238 t.
1522 3183 1585 3248 VII,
1600 3199 1629 3252 p.
1642 3191 1694 3240 440
1710 3184 1872 3239 nundinaris
1888 3199 1948 3236 urm
1961 3182 2085 3252 Rama.

537 3267 668 3336 Pontou,
688 3269 751 3338 Ray.
765 3275 858 3338 13131,-
877 3272 975 3339 Barna
991 3275 1063 3326 rior.

1003 3489 1042 3507 ..
1072 3433 1218 3506 electo
1245 3431 1519 3506 Leodiensi⁵.

531 3580 745 3647 Promcrente
758 3588 844 3646 tama
857 3589 912 3648 tue
926 3582 1107 3648 devotionis
1121 3582 1308 3650 constantia
1319 3603 1415 3668 quam
1427 3581 1505 3647 fidei
1517 3583 1658 3669 puritate
1672 3583 1853 3646 constantis
1866 3587 1898 3648 tc
1910 3583 2086 3670 specialem

431 3685 517 3748 inter
538 3683 676 3749 devotos
700 3685 839 3749 ecclesie
861 3687 1017 3772 reputari,
1041 3685 1176 3771 dignum
1199 3686 1269 3751 lore
1293 3685 1504 3771 providimus,
1528 3692 1565 3748 ut
1587 3691 1620 3749 te
1643 3686 1675 3749 in
1699 3686 1850 3750 omnibus
1867 3686 1978 3751 favore
1993 3686 2086 3752 berri-

432 3788 507 3852 vclo
531 3793 778 3873 prosequentes,
802 3790 1016 3874 petitionibus
1038 3791 1114 3872 tuis,
1138 3797 1295 3876 quantum
1312 3811 1385 3854 cum
1402 3788 1475 3853 Deo
1490 3810 1677 3876 possumus,
1701 3790 1880 3856 liberaliter
1894 3811 2086 3856 annuamus.

432 3888 481 3954 Te
505 3888 635 3976 quidem
658 3892 844 3958 insinuante
872 3892 1060 3975 didicimus,
1088 3901 1123 3961 et
1150 3894 1264 3981 utique
1291 3892 1369 3959 fidei
1398 3898 1453 3958 tue
1481 3915 1582 3980 opera
1611 3894 1698 3958 clara
1728 3893 1882 3980 probant,
1913 3893 1998 3979 quod
2028 3915 2087 3980 pro

432 3993 575 4078 negotiis
611 3994 751 4060 ecclesie
784 3997 949 4082 generalis
984 4003 1139 4084 tanquam
1173 3998 1283 4064 nobile
1317 3997 1500 4063 membrum
1541 3997 1643 4084 ipsius
1682 3996 1824 4064 fideliter
1863 4005 1898 4063 et
1935 4003 2089 4084 potenter

432 4096 602 4176 laborans,
635 4097 739 4162 multa
772 4099 917 4166 sustines
944 4121 1046 4166 onera
1074 4123 1306 4188 expansarum.
1355 4099 1400 4164 Et
1427 4101 1504 4186 quia
1533 4100 1680 4166 redditus
1711 4103 1921 4188 episcopatus
1953 4101 2000 4166 tui
2032 4101 2088 4165 vix

434 4198 600 4264 sufficiunt
627 4199 668 4264 ad
697 4200 885 4268 huiusmodi
915 4205 1049 4289 negotia
1076 4204 1286 4290 exequenda,
1318 4205 1491 4290 postulasti
1514 4227 1534 4270 a
1556 4205 1653 4269 nobis
1682 4205 1741 4269 tibi
1772 4205 1910 4270 alieuius
1933 4204 2087 4290 specialis

434 4304 540 4390 gratie
563 4303 709 4371 remedio
731 4307 910 4375 subreniri.
948 4308 994 4373 Ut
1015 4309 1116 4395 igitur
1138 4311 1200 4376 hec
1223 4331 1287 4397 que
1310 4309 1502 4374 incumbunt
1524 4310 1658 4394 negotia
1686 4309 1785 4373 finam
1815 4308 1978 4393 accipiant
2007 4327 2085 4373 con-

433 4407 627 4473 sumationis
651 4407 787 4495 optate‘,
810 4433 890 4494 nos,
919 4417 985 4476 tam
1008 4433 1146 4497 persone
1170 4419 1226 4479 tue
1251 4434 1347 4500 quam
1370 4413 1450 4500 ipsis
1473 4413 1614 4498 negotiis
1638 4411 1811 4498 providere
1835 4411 1999 4494 volentes,
2029 4410 2087 4475 tibi

433 4510 627 4576 auctoritate
651 4515 831 4599 apostoliea
853 4513 1073 4601 indulgemus,
1096 4522 1133 4582 ut
1156 4517 1300 4582 omnium
1325 4517 1625 4582 ecclesiasticorum
1647 4514 1882 4581 beneficiorum
1897 4520 2086 4599 proventus,

434 4615 534 4680 etiam
559 4635 670 4680 curam
694 4616 875 4682 animarum
898 4617 1100 4701 habentium,
1124 4640 1186 4706 quc
1210 4620 1295 4685 inira
1318 4620 1575 4706 quinquennium
1597 4620 1630 4683 in
1654 4627 1711 4684 tua
1734 4617 1866 4682 civitate
1890 4616 1941 4679 vel
1964 4614 2086 4680 diocesi

433 4739 552 4784 vacare
576 4718 761 4804 contigerit,
785 4721 890 4806 possis
911 4742 972 4806 per
993 4723 1161 4788 biennium
1184 4744 1243 4810 pro
1266 4723 1331 4786 tuis
1347 4722 1598 4788 necessitatibus
1615 4707 1780 4787 retinere⁸
1795 4757 1837 4767 —
1854 4741 1918 4784 non
1934 4719 2086 4784 obstante

434 4821 546 4907 aliquo
570 4822 744 4904 contrario,
768 4842 827 4908 per
849 4823 936 4910 quod
958 4832 1071 4911 posset
1093 4825 1280 4891 huiusmodi
1304 4826 1411 4912 gratia
1433 4825 1595 4914 impediri,
1617 4849 1674 4902 -;
1698 4825 1827 4912 proviso
1850 4822 1938 4908 quod
1960 4828 2086 4888 tautum
2140 4845 2168 4883 aa

435 4945 479 4988 ex
502 4924 582 5009 ipsis
605 4925 817 5010 proventibus
841 4934 1036 5010 reservetur,
1060 4927 1145 5014 quod
1168 4930 1274 5016 possit
1295 4929 1426 4994 interim
1448 4950 1509 5018 per
1531 4949 1690 5016 personas
1714 4926 1850 4994 idoneas
1873 4929 1906 4992 iu
1928 4926 2087 5004 ecclesiia,

434 5028 467 5091 in
484 5026 602 5111 quibus
618 5027 778 5093 habentur
790 5027 976 5095 huiusmodi
989 5029 1160 5114 beneficia,
1177 5032 1348 5099 deserviri.
1383 5033 1474 5098 Nulli
1491 5054 1572 5118 crgo
1584 5039 1648 5098 cto.
1659 5037 1771 5097 nostre
1791 5031 2012 5097 concessionis
2023 5035 2086 5095 etc.

542 5146 619 5214 Dat.
642 5147 808 5234 Lugduni,
830 5149 881 5214 XI
903 5150 979 5216 Kal.
1003 5151 1156 5235 Ianuarii,
1180 5152 1355 5220 annoV10.

1484 5311 1572 5320 -—---—o-
1781 5311 1884 5318 4----
1899 5309 1983 5318 .---ι

537 5405 562 5472 ⁸)
581 5407 718 5460 litteris-
730 5410 806 5462 utin
824 5412 878 5464 loeo
895 5427 965 5463 raro.
1058 5408 1084 5478 b)
1102 5413 1139 5464 ito
1152 5413 1185 5466 Β.
1282 5412 1306 5479 ⁰)
1325 5415 1370 5466 tta
1388 5433 1406 5467 u
1424 5422 1538 5467 corrado
1556 5421 1580 5465 et
1596 5415 1681 5466 minus
1697 5415 1843 5482 perrffirua.
1938 5409 1963 5476 a)
1981 5411 2086 5478 quibus-

434 5509 484 5557 que
504 5491 535 5545 R.
640 5493 664 5560 ⁰)
681 5503 737 5548 tam
755 5497 823 5549 deest
841 5497 886 5560 lt.,·
902 5499 937 5565 cf.
954 5515 981 5551 n.
994 5501 1034 5550 86.
1139 5497 1266 5568 Ooptute
1285 5499 1318 5552 R.
2141 5511 2170 5551 aa

537 5627 563 5694 1)
582 5627 638 5681 Sub
655 5630 709 5685 Iul.
724 5639 770 5698 lo,⁸
787 5631 882 5700 Bnycr
894 5639 972 5700 411&
990 5633 1117 5701 Poenae
1137 5635 1201 5704 Ray.
1214 5641 1304 5690 13493.
1391 5637 1419 5702 2)
1434 5635 1475 5702 Cf.
1487 5652 1516 5704 p.
1529 5643 1587 5706 348,
1607 5641 1659 5691 not.
1674 5645 1695 5691 l.
1786 5639 1814 5705 3)
1828 5635 1870 5704 Cf.
1879 5653 1909 5704 p.
1921 5641 1978 5702 439,
1996 5639 2051 5691 not.
2065 5644 2086 5689 1.

432 5714 459 5780 4)
482 5711 520 5778 (ts.
538 5731 566 5769 n.
581 5723 639 5769 580.
727 5719 755 5786 o)
774 5717 816 5772 De
832 5718 878 5771 noc
895 5720 928 5786 cs.
943 5727 1045 5788 14444,
1063 5727 1119 5775 nor.
1136 5731 1147 5775 r
1165 5729 1188 5775 et
1206 5721 1438 5790 Helian-Ficta,
1458 5724 1474 5777 l.
1486 5739 1507 5777 c.
1525 5730 1594 5778 roes
1612 5729 1636 5778 et
1653 5729 1726 5778 4939.
1814 5725 1841 5790 6)
1862 5721 1901 5790 Os.
1918 5739 1945 5776 n.
1963 5729 2023 5776 oie.
