4328 6232
832 335 1033 394 aelswius
1051 335 1242 393 subacuta.
1278 337 1354 393 1246.

1052 674 1139 748 ast.

372 786 589 879 Irraaataa
603 814 661 880 IV
674 834 763 899 papa
780 817 929 899 potestati
953 819 981 879 ct
1004 815 1160 880 marceant
1178 813 1471 879 Mediolaneasibav
1497 816 1661 896 confisamt
1686 814 1827 880 baasam
1852 835 1927 899 por-

259 923 405 1000 pctaam,
428 919 479 981 aai
499 918 649 999 qaoalcm
671 918 708 982 dc
730 918 853 983 ctoritate
874 938 948 998 saa,
970 918 1171 983 malesardos
1192 922 1325 994 vocatos,
1349 919 1405 999 qai
1427 917 1592 982 Fara-ao
1614 919 1770 1000 quondam
1791 920 1927 1003 impara-

263 1023 329 1085 tori
350 1022 553 1100 adhaereant,
577 1022 805 1106 aqrpaatcriat.
1588 1023 1681 1099 1246,
1704 1021 1768 1088 Iat.
1785 1024 1838 1087 20.

373 1141 774 1211 aa.1v'Re9.t’ot.1‚ers;
796 1140 857 1195 aa.
874 1141 927 1210 IV,
947 1151 986 1198 41.
1021 1143 1067 1197 Ad
1088 1144 1221 1212 amplat
1241 1143 1340 1196 Petra
1364 1141 1532 1196 maasiam
1550 1147 1657 1210 practer
1677 1143 1718 1211 id,
1744 1142 1815 1210 qrcod
1833 1143 1928 1211 Βῆριν

199 1237 211 1273 'a
264 1226 359 1293 edidit,
377 1228 561 1297 omagium
580 1227 641 1282 (bd.
657 1226 787 1295 Vatiae,
806 1227 834 1281 J.
847 1235 885 1296 55,
903 1228 974 1296 qaod
993 1228 1022 1290 V,
1038 1228 1078 1283 (tl.
1093 1228 1129 1283 Ε,
1147 1228 1338 1282 Winloelmaaa
1355 1228 1431 1283 aobia
1444 1226 1583 1296 praebuit,⁸
1598 1229 1630 1294 qi
1648 1236 1743 1283 55150.

373 1315 475 1382 Beroea
487 1321 559 1370 tato.
620 1333 625 1343 ·

550 1535 589 1551 ..
618 1479 846 1570 potestati
874 1484 916 1553 et
943 1479 1179 1554 communi
1206 1480 1641 1555 Mediolanensium.

379 1626 476 1703 Oum,
507 1629 591 1693 sicut
618 1629 842 1694 intimantibus
869 1629 963 1693 vobis
993 1631 1197 1716 accepimus,
1227 1651 1285 1693 vos
1313 1630 1471 1716 quosdam
1500 1632 1695 1717 pestilentes
1725 1629 1767 1695 de
1791 1629 1928 1694 civitate

270 1738 393 1810 vestra,
423 1732 476 1816 qui
500 1732 702 1797 malexardi¹
726 1734 905 1818 vulgariter
927 1735 1123 1821 nuncupati,
1155 1735 1231 1798 olim
1255 1735 1407 1799 concitati
1432 1735 1547 1821 spiritu
1571 1733 1733 1799 diabolico
1756 1732 1926 1798 Friderico

202 1850 223 1885 ¹⁰
270 1833 434 1920 quondam
458 1835 646 1922 imperatori
670 1842 704 1900 ot
726 1836 961 1902 adherentibus
986 1839 1015 1902 oi
1039 1845 1109 1903 arte
1126 1836 1303 1923 proditoria
1320 1836 1533 1918 adherebant,
1558 1837 1599 1901 ad
1616 1836 1765 1901 eiusdem
1783 1836 1927 1901 civitatis

270 1939 498 2002 exterminium
521 1937 743 2015 intendentes,
767 1939 808 2003 ad
832 1960 947 2003 sonum
973 1956 1141 2026 campane,
1164 1946 1261 2024 prout
1285 1941 1382 2004 moris
1406 1950 1467 2021 est,
1494 1948 1670 2005 convocato
1696 1947 1730 2003 et
1745 1938 1926 2003 communi·

271 2052 341 2106 cato
365 2043 511 2117 consilio,
536 2041 775 2107 deliberatione
799 2042 945 2127 provida,
973 2042 1067 2107 bonis
1092 2044 1276 2108 confiscatis
1302 2065 1425 2123 eorum,
1449 2044 1558 2108 banno
1581 2050 1742 2131 perpetuo
1766 2041 1927 2106 duxeritis

272 2146 519 2233 supponendas:
558 2168 632 2223 nos,
666 2148 785 2211 vestris
815 2146 1108 2232 supplicationibus
1139 2147 1302 2225 inclinati,
1340 2147 1416 2232 quia
1449 2146 1583 2232 dignum
1615 2153 1681 2221 est,
1716 2153 1751 2210 ut
1777 2145 1926 2210 infideles

274 2258 438 2336 reportent
465 2251 506 2316 de
537 2250 729 2316 infidelitate
758 2253 931 2331 iacturam,
963 2252 1049 2337 quod
1073 2273 1132 2337 per
1155 2273 1213 2317 vos
1237 2252 1417 2338 superbae
1442 2251 1576 2338 provide
1599 2252 1721 2316 iactum
1746 2259 1797 2315 est
1820 2256 1925 2313 ratum

220 2364 238 2400 ¹³·
275 2354 446 2429 babentes,
478 2354 509 2418 id
538 2356 734 2419 auctoritate
767 2356 945 2440 apostoliea
974 2354 1201 2419 confirmamus
1229 2362 1262 2417 et
1290 2355 1452 2439 presentis
1484 2355 1595 2441 scripti
1626 2353 1807 2440 patrocinio
1837 2375 1925 2417 eom-

277 2458 445 2523 munimus.
491 2456 581 2521 Nulli
606 2479 684 2543 ergo
709 2466 771 2522 etc.
795 2467 906 2524 nostre
930 2458 1185 2523 confirmationis
1209 2465 1271 2523 etc.

378 2578 453 2645 Dat.
477 2576 638 2662 Lugduni,
663 2577 746 2643 XlII
769 2577 844 2643 Kal.
868 2580 1021 2663 Augusti,
1046 2592 1136 2643 anna
1157 2577 1235 2644 llll.

891 2894 1301 2903 ——-—-———

1055 3188 1141 3264 232.

376 3300 591 3393 Ivrnaeaaoe
606 3326 665 3392 11⁷
670 3349 760 3412 papa
781 3329 969 3414 [Gestoiao]
990 3329 1098 3394 abbiate?
1119 3329 1196 3395 Loci
1218 3328 1330 3395 Sancti
1351 3328 1518 3393 Barousai
1543 3329 1777 3395 Castroracensis
1798 3329 1929 3395 diocesis

285 3429 414 3508 marlot,
450 3435 485 3494 at
521 3432 699 3495 vicesimam
732 3433 870 3496 caratam
899 3439 1107 3513 procreaturae
1139 3434 1414 3499 ecclesiasticorum
1445 3438 1547 3497 terrac
1576 3433 1729 3518 [Hatrici
1750 3433 1809 3517 11]
1840 3433 1929 3497 dtais

232 3540 249 3572 ²⁰
285 3530 470 3599 Brabaatiac
487 3556 548 3615 aar
570 3524 744 3600 tricasium
766 3537 828 3601 sibi
849 3538 1011 3618 ussataari
1031 3539 1140 3619 faciat,
1163 3539 1200 3601 da
1223 3538 1371 3602 irrotulata
1387 3538 1555 3618 (apastolico
1571 3539 1604 3601 ia
1620 3538 1794 3601 arisidium
1813 3536 1929 3601 Terrae

286 3634 408 3703 &adae
434 3639 680 3707 coacrcrtaadam.
709 3678 748 3688 -
777 3640 864 3705 Idam
893 3642 922 3704 ci
950 3641 987 3704 do
1013 3642 1158 3707 vitesiam
1181 3641 1376 3718 Leodieasis,
1408 3640 1645 3707 Crcrrecraooasis
1667 3644 1695 3703 ct
1720 3639 1929 3705 Traicotcaeis

286 3738 431 3806 civitatum
452 3747 482 3805 at
503 3742 669 3808 diocesiam
691 3744 872 3811 mandatur.
1475 3748 1567 3822 1246,
1592 3743 1657 3810 lul.
1672 3746 1715 3808 21
1737 3747 1767 3807 et
1788 3746 1841 3808 20.

374 3861 436 3915 Ian.
450 3861 498 3916 IV
513 3862 577 3932 Req.
595 3862 648 3917 Vol.
663 3864 690 3931 I,
702 3870 762 3940 3113
780 3863 839 3919 [aa.
855 3864 905 3931 IV,
925 3870 958 3919 23
976 3870 999 3918 ct
1017 3873 1054 3919 rt.

374 3947 472 4016 Rapo
483 3955 549 4004 aare
566 3955 590 4002 a
608 3956 684 4004 sorr.

1088 4070 1114 4133 Ι.

232 4212 249 4248 ²³
395 4252 433 4271 ..
462 4199 626 4273 abbati
654 4198 762 4271 Loci
790 4197 953 4272 Sancti
981 4198 1211 4272 Beruardi
1241 4196 1588 4270 Cisterciensis
1616 4196 1802 4268 ordinis

775 4319 1137 4394 Cameracensis
1165 4318 1421 4391 diocesis⁸².

379 4465 430 4531 De
454 4467 750 4555 circumspectione
775 4477 832 4533 tua
855 4471 985 4554 plenam
1009 4472 1042 4535 in
1064 4470 1204 4535 Domino
1234 4469 1386 4534 fiduciam
1419 4468 1624 4537 obtinentes,
1654 4466 1846 4531 discretioni
1875 4474 1930 4531 tue

280 4570 473 4651 presentium
501 4573 696 4638 auctoritate
724 4573 934 4653 mandamus,
964 4576 1115 4661 quatinus
1140 4575 1328 4640 vicesimam
1356 4579 1575 4658 proventuum
1605 4569 1772 4636 omniumb
1797 4591 1931 4656 posses·

280 4672 397 4737 sionnm
427 4682 461 4738 et
489 4673 645 4739 bonorum
675 4677 717 4742 ab
747 4678 898 4742 ecclesiis
928 4685 962 4742 et
990 4680 1141 4764 personis
1170 4677 1420 4751 ecclesiasticis,
1450 4684 1518 4740 tam
1547 4675 1710 4762 exemptis
1740 4695 1836 4759 quam
1868 4695 1931 4737 non

224 4782 242 4821 Ι)
279 4779 445 4864 exemptis,
468 4784 555 4844 terre
578 4779 689 4845 dilecti
713 4781 770 4844 filii
794 4781 912 4845 nobilis
934 4783 994 4845 viri
1013 4831 1020 4845 .
1037 4833 1044 4847 .
1060 4783 1151 4847 ducis
1169 4782 1403 4866 Ιιοῐὶιοτίιιςίθε
1420 4788 1453 4845 et
1469 4778 1647 4844 Brabantie
1671 4799 1732 4865 per
1754 4776 1932 4842 triennium

277 4879 329 4943 tibi
352 4882 456 4946 facias
480 4883 642 4968 assignari
666 4891 699 4949 et
728 4885 952 4970 consignatam
982 4886 1014 4949 in
1043 4886 1116 4950 loco
1145 4894 1222 4972 apto
1250 4885 1383 4971 deponi,
1416 4883 1672 4950 convertendam
1700 4881 1742 4946 de
1773 4878 1929 4944 mandato

275 4991 380 5050 nostro
410 4987 443 5049 in
477 4987 655 5052 subsidium
682 4988 784 5054 Terre
814 4988 950 5059 Sancte:
986 4990 1242 5057 contradictores
1273 4997 1351 5065 etc.;
1387 4989 1602 5075 quantitatem
1638 4987 1709 5052 eius
1743 4983 1837 5050 nobie
1867 4982 1932 5046 tuis

275 5087 387 5154 litteris
419 5089 562 5155 fideliter
595 5093 828 5178 rescripturus;
860 5133 898 5141 -
930 5116 993 5159 non
1024 5096 1177 5161 obstante
1208 5094 1430 5179 indulgentia.
1468 5094 1495 5157 si
1525 5113 1590 5178 qua
1617 5097 1669 5156 est
1697 5087 1862 5174 aliquibus
1891 5086 1933 5149 ab

383 5246 589 5255 ——--—...·
597 5250 871 5260 -..-.——--—--—.-..
881 5255 887 5259 ..
1618 5250 1640 5255 .-
1650 5249 1658 5255 -
1668 5245 1824 5255 W—

376 5352 400 5411 ‘l
420 5350 508 5403 Eidem
527 5351 566 5414 ll5
584 5354 618 5418 af.
633 5371 662 5419 p.
678 5358 733 5417 172,
750 5364 801 5406 root.
819 5361 837 5405 1.
943 5353 968 5417 b)
987 5373 1053 5407 omn.
1073 5373 1144 5423 prov.
1158 5356 1189 5406 B.
1296 5353 1319 5418 c)
1339 5354 1376 5403 ita
1391 5351 1419 5402 R.

200 5501 222 5539 r.
376 5487 401 5549 l)
421 5485 459 5551 (lfi
479 5485 622 5557 Damnat,
649 5488 735 5543 aaa.
752 5495 777 5542 ct
797 5487 849 5544 SS.
868 5496 886 5545 t.
906 5490 1023 5558 XVIII,
1045 5508 1074 5560 p.
1091 5499 1148 5556 486,
1175 5498 1230 5557 565,
1253 5497 1307 5557 aad,
1329 5496 1384 5556 tea,
1409 5494 1464 5542 819.
1501 5486 1578 5554 θυαε
1599 5483 1633 5536 sit
1655 5484 1728 5537 aetio
1749 5482 1832 5535 bitias
1855 5480 1933 5548 curbi,

273 5571 416 5637 naeinam
438 5574 470 5625 ia
485 5575 609 5629 mamam
626 5576 688 5630 locis
705 5576 746 5630 cit
765 5576 882 5645 aradam
900 5578 937 5631 od
949 5583 1055 5646 partem
1076 5577 1247 5645 Gtrelliaam,
1272 5592 1343 5644 qaae
1361 5591 1374 5628 c
1391 5574 1492 5628 ciritate
1509 5587 1561 5625 aaa
1585 5570 1695 5638 captatae
1719 5575 1762 5624 cet.
1841 5568 1869 5636 2)
1890 5566 1932 5635 Gt.

272 5676 300 5712 κ.
311 5664 361 5714 229
377 5663 400 5712 a
417 5665 475 5715 230.

1673 5753 1729 5808 ῃ.
