4328 6232
224 1310 232 1343 t

214 1955 230 1990 lt

206 2543 222 2578 lt

215 4623 231 4659 h

831 345 1032 402 talenceac
1049 346 1238 403 SELECTAS
1276 349 1352 405 1246.

1050 736 1134 810 176.

363 854 583 947 Ismenen
599 877 657 943 lv
668 898 759 959 papa
776 877 992 961 mesen,
1014 876 1156 944 meuse
1177 879 1353 959 opem
1375 880 1536 945 aaaron
1558 885 1587 946 o
1608 882 1744 947 rectem
1759 886 1917 952 marnae

265 984 493 1062 remansae,
514 983 657 1050 ccclesiae
678 981 840 1059 indevotis,
862 982 1010 1064 inionpit,
1032 985 1068 1045 et
1090 1001 1160 1046 com
1183 982 1370 1048 Foidericos
1391 983 1549 1066 quondam
1570 986 1741 1069 imperator
1760 988 1917 1072 depositm

266 1087 406 1151 etmulti
427 1087 470 1151 ab
491 1087 560 1152 ciue
581 1087 678 1151 utere
700 1085 844 1150 addocti
865 1085 939 1162 sint,
961 1084 1006 1148 ad
1026 1084 1185 1150 ecclesiam
1207 1085 1370 1150 reterens
1392 1107 1461 1149 cum
1483 1088 1568 1151 omni
1589 1089 1704 1153 virtute
1725 1089 1915 1173 impmpneot,

266 1190 398 1254 maiore
411 1211 483 1254 curn
496 1193 532 1253 ut
547 1210 677 1273 requam
691 1188 822 1255 Siciliae
836 1188 874 1253 de
888 1189 956 1253 eius
971 1189 1118 1252 nonnitus
1132 1193 1272 1266 cruatur,
1296 1190 1526 1274 S[tcplronom]
1542 1191 1628 1255 tituli
1638 1192 1774 1258 Sanctae
1785 1193 1916 1261 Marino

270 1292 497 1358 Transtiberino
506 1293 724 1378 presbytcmm
739 1295 768 1356 et
779 1285 1015 1378 R[oyncrium]
1026 1294 1163 1359 Sanctae
1174 1292 1305 1358 Mariae
1320 1293 1356 1356 iri
1373 1292 1533 1360 cometem
1548 1293 1716 1358 diaconem
1729 1296 1916 1376 mrdiueles,

268 1396 452 1480 apostolicae
472 1396 556 1462 sedis
577 1397 701 1479 locatos,
723 1395 802 1461 illuc
823 1394 1035 1460 destinaverit.
1476 1400 1570 1474 1246,
1592 1396 1674 1481 Apo.
1690 1403 1830 1464 oceania

364 1516 429 1569 Im.
442 1516 490 1570 IV
505 1514 568 1583 Rea.
586 1514 681 1582 VotI,
698 1520 847 1581 eos-304;
865 1514 926 1569 Lst.
940 1514 1002 1582 ΙΙΙ,
1019 1530 1075 1569 cur.
1091 1523 1126 1570 16.

364 1603 463 1672 Bcrqer
475 1608 546 1657 1981.

504 1815 856 1905 PotestatihuS,
884 1814 1106 1890 consiliis
1134 1823 1178 1891 ct
1205 1815 1397 1910 populis
1425 1814 1674 1890 civitatum

397 1942 441 2012 et
474 1937 685 2011 locorum
719 1958 802 2030 per
832 1936 1173 2012 Anconitanam
1211 1936 1462 2011 marchiam
1498 1939 1783 2014 constitutis

733 2058 951 2151 spiritum
979 2059 1172 2133 consilii
1200 2058 1442 2134 sanioris¹.

366 2209 433 2274 Pcr
455 2207 614 2273 industrie
637 2207 780 2275 humane
804 2208 986 2274 subsidium
1009 2209 1086 2273 olim
1109 2208 1282 2295 provenire
1306 2230 1371 2273 non
1393 2209 1509 2296 potuit,
1539 2216 1584 2291 ut,
1618 2210 1732 2296 perfidi
1755 2210 1914 2275 Fridcrici

261 2313 367 2398 gladic
391 2312 511 2379 restria
533 2311 742 2377 incumbente
766 2313 962 2394 cervicibus,
991 2312 1032 2378 ad
1056 2312 1217 2398 gremium
1240 2312 1351 2377 matris
1375 2313 1517 2378 ecclesie
1542 2333 1615 2378 cum
1639 2312 1753 2378 debita
1775 2315 1914 2401 possetis

263 2415 438 2481 devotione
468 2415 585 2481 redire.
635 2416 731 2481 Nunc
761 2422 872 2482 autem
902 2417 1002 2502 plena
1032 2416 1210 2481 virtutibus
1242 2416 1295 2481 dei
1325 2417 1430 2482 nostri
1460 2417 1612 2498 dextere,
1644 2418 1845 2504 triumphare
1873 2417 1914 2484 de

263 2520 415 2607 superbis
439 2526 473 2585 et
494 2520 602 2607 impiis
626 2527 798 2600 consueta,
828 2519 1015 2586 diademate
1039 2519 1168 2606 imperii
1193 2519 1324 2585 ablato·
1346 2520 1387 2585 de
1411 2521 1519 2608 capite
1542 2521 1681 2586 hominis
1705 2521 1859 2586 scelerati
1882 2527 1915 2586 et

260 2623 369 2688 multis
393 2624 589 2689 miraculose
614 2623 783 2689 subductis
806 2622 847 2688 ab
873 2623 943 2688 cius
966 2623 1081 2702 latere,
1105 2622 1161 2707 qui
1185 2643 1250 2687 una
1266 2644 1341 2687 cum
1357 2623 1428 2710 ipso
1445 2623 1646 2688 conabantur
1660 2623 1725 2688 Dei
1741 2624 1913 2689 ecclesiam

260 2727 469 2803 conculcare,
498 2727 585 2793 viam
609 2747 742 2813 parasse
767 2726 954 2807 dinoscitur,
986 2732 1022 2791 ut
1043 2726 1241 2791 universitas
1265 2732 1376 2791 vestra
1398 2727 1510 2791 multis
1533 2727 1654 2792 effecta
1675 2726 1857 2814 dispendiis
1881 2734 1915 2794 et

258 2831 368 2895 saucia
384 2830 591 2895 detrimentis
608 2828 777 2896 adsedem
794 2826 1019 2915 apostolicam,
1044 2828 1114 2893 eius
1131 2827 1281 2894 dulcibus
1297 2829 1437 2895 fovenda
1453 2831 1694 2916 complexibus,
1720 2838 1914 2897 revertatur.

258 2933 427 3020 Rogemus
464 2933 575 3020 itaque
606 2932 835 3000 devotioneml’
864 2939 1007 2998 vestram
1038 2939 1072 2998 et
1101 2932 1312 2998 obsecramus
1342 2933 1374 2998 in
1405 2933 1534 2999 domino
1563 2934 1641 3000 Iesu
1670 2934 1814 3015 Christo,
1853 2935 1913 2999 sub

199 3088 207 3100 .
259 3036 370 3103 debito
406 3035 576 3103 fidelitatis
612 3035 789 3102 districtius
818 3035 912 3100 vobis
947 3036 1159 3123 precipiendo
1193 3036 1388 3102 mandantes
1424 3058 1463 3102 ac
1498 3037 1531 3101 in
1565 3038 1789 3103 remissionem
1821 3038 1914 3102 vobis

258 3141 504 3229 peccaminum⁰
526 3141 746 3226 iniungentes,
775 3140 929 3226 quatinus
953 3139 1114 3205 libertatis
1137 3140 1268 3226 gaudia,
1292 3160 1355 3226 que
1380 3139 1473 3205 vobis
1497 3162 1635 3226 parasse
1659 3140 1850 3218 dinoscitur,
1873 3141 1914 3210 dc

258 3245 376 3311 restris
400 3246 551 3310 manibus
573 3245 720 3330 effugere
744 3265 810 3308 non
834 3243 993 3324 sinentes,
1017 3242 1058 3307 ad
1075 3242 1136 3309 hoc
1152 3244 1349 3309 unanimiter
1364 3245 1525 3330 promptis
1546 3245 1716 3330 exurgatis
1732 3244 1913 3323 affectibus,

258 3347 343 3436 quod
365 3347 543 3415 redeuntes
565 3348 608 3413 ed
631 3353 785 3428 matrem,
813 3347 940 3412 hostem
965 3347 1029 3411 Dei
1054 3352 1087 3411 et
1109 3346 1272 3412 catholice
1299 3347 1376 3412 fidei
1408 3353 1680 3434 contemptorem,
1712 3349 1766 3433 qui
1789 3369 1848 3412 vos
1872 3347 1913 3412 ab

258 3452 313 3518 illa
335 3449 615 3539 dampnabiliter(¹
638 3449 781 3516 reddidit
802 3451 939 3530 alienos,
970 3451 1059 3515 omni
1082 3451 1202 3516 virtute
1224 3470 1290 3535 qua
1312 3451 1471 3537 poteritis,
1500 3450 1612 3516 confisi
1636 3450 1676 3515 dc
1700 3450 1810 3517 divine
1835 3451 1912 3516 sub-

260 3555 422 3621 ventionis
445 3555 585 3636 auxilio,
618 3554 831 3641 impugnetis,
863 3553 1006 3618 maxime
1034 3573 1107 3618 eum
1137 3574 1212 3631 nos,
1244 3561 1281 3616 ut
1310 3553 1413 3640 ipsius
1437 3554 1502 3619 cito
1526 3553 1729 3641 deprimetur
1750 3554 1914 3641 impietas,

260 3670 351 3725 eum·
374 3660 494 3746 angelo
516 3657 651 3724 Domini
672 3663 908 3746 persequente,
937 3655 992 3721 ac'
1019 3670 1159 3742 regnum
1181 3655 1293 3722 Sicilie
1322 3656 1364 3721 de
1393 3657 1498 3743 ipsius
1521 3658 1673 3723 menibus
1697 3664 1839 3738 eruetur,
1872 3656 1914 3722 de

260 3763 378 3850 legetis
400 3762 652 3850 sollempnibus,
679 3761 817 3849 prestita
839 3753 1070 3825 nichilominus
1095 3760 1248 3846 oportuni
1270 3760 1510 3826 subventiones
1532 3760 1686 3842 subsidii,
1720 3762 1848 3827 scilicet
1871 3759 1913 3826 de

261 3866 388 3932 dilectis
410 3866 486 3931 liliis
509 3867 630 3931 nostris
654 3865 687 3932 S.
710 3864 797 3930 tituli
821 3863 942 3929 Sancte
958 3863 1063 3929 Marie
1079 3863 1320 3928 Transtiberim
1344 3863 1538 3950 presbytero
1563 3872 1597 3929 et
1612 3865 1653 3931 R.
1671 3864 1791 3930 Sancte
1807 3863 1912 3929 Maria

261 3972 291 4037 in
307 3969 477 4036 cosmidin
500 3970 638 4037 diacono
660 3968 892 4050 cardinalibus,
916 3967 1105 4033 duxerimus
1128 3967 1377 4054 providendum,
1401 3990 1460 4055 spe
1484 3967 1579 4033 nobis
1595 3969 1763 4055 proposita
1778 3973 1825 4047 ut,
1849 3987 1913 4053 quo

263 4075 389 4160 plenius
412 4074 505 4161 ipsos
520 4074 585 4140 Dei
608 4075 771 4162 capientia
786 4073 944 4138 virtutum
967 4070 1151 4158 insignibus
1175 4071 1308 4138 dotasse
1332 4073 1519 4153 dinoscitur,
1544 4094 1583 4137 eo
1607 4072 1734 4137 facilius
1757 4092 1821 4157 que
1838 4076 1914 4134 sunt

263 4178 374 4244 salutis
398 4185 433 4244 et
454 4179 561 4265 gratie
584 4189 770 4264 operentur.
811 4176 965 4243 Ceterum
989 4197 1106 4263 preces
1130 4183 1257 4241 nostras
1281 4177 1393 4242 taliter
1415 4177 1593 4263 adimpleat
1608 4180 1717 4240 vestre
1732 4175 1913 4253 sinceritas,

262 4289 294 4347 ut
315 4303 392 4348 cnm
417 4282 482 4347 iam
500 4281 620 4346 nullius
636 4281 859 4346 excusationis
874 4279 1071 4367 pretendere
1087 4281 1221 4366 possitis
1238 4278 1461 4344 umbraculum
1478 4279 1531 4343 vel
1547 4276 1729 4343 formidinis
1746 4297 1913 4341 assumam

264 4387 493 4465 velamentum,
517 4392 629 4451 nostro
646 4384 782 4449 infixum
798 4384 922 4450 existet
936 4384 1078 4464 effectui,
1097 4389 1134 4459 ut
1149 4384 1228 4448 facti
1244 4381 1491 4470 precedentium
1507 4381 1677 4468 culparum
1692 4381 1911 4459 immemores,

264 4509 317 4554 vos
338 4508 501 4577 processu
523 4489 679 4575 temporie
701 4486 814 4552 levore
837 4508 1076 4574 prosequamur
1099 4493 1133 4552 et
1155 4486 1261 4572 gratia
1284 4492 1450 4571 tamquam
1473 4485 1558 4548 filios
1582 4482 1723 4548 ecclesie
1739 4482 1913 4568 speciales.

365 4607 406 4674 In
436 4607 578 4675 eundem
610 4607 742 4674 modum
772 4607 1006 4694 potestatibus,
1037 4606 1182 4671 consiliis
1213 4612 1246 4671 et
1273 4605 1405 4691 populis
1434 4604 1603 4670 civitatum
1632 4610 1665 4668 et
1686 4603 1832 4668 locomm
1855 4624 1914 4688 per

265 4712 414 4779 ducatum
438 4711 565 4800 Spoleti
588 4711 774 4778 constitutis
797 4710 948 4797 spiritum
972 4708 1100 4774 consilii
1124 4709 1273 4775 sanioris.

369 4817 409 4882 In
433 4816 575 4883 eundem
599 4815 731 4881 modum
754 4816 987 4901 potestatibus,
1011 4813 1222 4879 consulibush
1246 4820 1280 4879 et
1301 4813 1433 4899 populis
1457 4811 1626 4877 civitatum
1642 4816 1677 4876 et
1691 4810 1836 4875 locorum
1854 4831 1914 4896 per

268 4921 492 5004 patrimonium
514 4920 604 4985 beati
626 4920 717 4985 Petri
739 4919 773 4984 in
796 4919 918 4984 Tuscia
941 4918 1128 4982 constitutis
1153 4917 1301 5003 spiritum
1326 4917 1450 4982 consilii
1473 4916 1621 4982 sanioris.

362 5215 387 5279 ὓ)
406 5215 458 5267 abl.
476 5216 536 5282 imp.
549 5214 582 5265 Β.
671 5215 696 5280 b)
714 5216 752 5267 ite
763 5214 804 5280 R,
819 5215 865 5275 B.,·
888 5216 957 5266 aliae
975 5232 1053 5281 pepe
1073 5215 1301 5266 ecconsmenicatcc
1324 5230 1378 5263 reon
1396 5213 1433 5263 ite
1450 5212 1549 5276 alloqui
1565 5212 1676 5274 solebat,
1699 5209 1745 5261 ced
1761 5210 1837 5261 cerlo
1856 5211 1911 5261 uni·

218 5299 235 5336 ⁰
269 5303 419 5365 nemimem
436 5301 515 5353 etiam
531 5303 634 5353 mlum
652 5303 786 5354 sinceritas
799 5303 843 5354 lire
858 5305 890 5354 31
903 5301 1017 5368 positam
1035 5319 1052 5350 a
1064 5302 1159 5367 ferere
1176 5307 1297 5350 consueta
1314 5298 1428 5349 &coedit
1498 5296 1521 5362 c)
1535 5306 1679 5348 vestrorum
1691 5302 1854 5363 peccatorum
1867 5294 1900 5347 B.
1905 5313 1914 5355 ,·

268 5389 298 5455 es.
303 5407 332 5456 p.
342 5393 397 5452 131,
413 5396 465 5440 not.
481 5387 506 5440 l.
574 5383 601 5452 (Ι)
619 5388 704 5455 danp.
722 5389 764 5441 ab.
780 5389 808 5439 il.
820 5387 854 5438 B.
914 5387 938 5451 ο)
957 5404 1017 5440 curn
1037 5415 1068 5424 —
1088 5393 1258 5455 prosequente
1270 5383 1303 5436 B.
1365 5382 1434 5450 (με
1452 5382 1565 5436 dccccli.
1627 5384 1652 5448 e)
1670 5383 1868 5436 subventionem
1880 5381 1912 5434 R.

269 5468 291 5538 ¹¹)
304 5475 417 5527 enndliis
433 5473 467 5526 B.

363 5611 391 5673 1)
410 5605 450 5673 (t.
463 5612 562 5679 μεθ,
578 5613 633 5663 not.
646 5616 667 5665 1.
