4328 6232
763 338 810 393 EX
830 338 1049 394 INNOCEN'I'll
1067 337 1104 392 lV
1124 337 1303 394 arelauno

441 610 479 626 ..
509 553 656 628 electo
683 552 985 642 Ferrarieusi,
1013 552 1269 646 apostolice
1296 550 1423 626 sedis
1449 550 1621 642 legate.

309 703 392 768 Cum
409 702 589 768 venerabili
610 704 704 768 fratri
726 711 836 768 nostro
862 754 888 768 ..
912 704 1070 769 Gureensi
1091 705 1246 789 episcopo
1272 710 1305 768 et
1327 701 1455 767 dilectis
1471 701 1546 765 filiis
1572 746 1601 765 ..
1620 697 1859 783 Ratisponensi

201 814 234 872 et
257 856 285 870 ..
310 807 501 872 Secowensi
525 807 639 871 electis
663 808 783 871 nostris
809 808 928 871 litteris
945 808 1165 891 iniungamus,
1190 814 1225 870 ut
1240 807 1409 870 universos
1428 802 1568 869 ecclesie
1585 800 1859 884 Salseburgensis

203 912 427 995 sull'raganeos
451 917 484 975 et
508 911 630 974 clerum
654 917 687 974 et
708 913 864 998 populum
891 918 956 974 taur
981 911 1123 974 civitatis
1148 931 1244 996 quam
1267 910 1408 974 diocesis
1432 906 1705 991 salseburgensis
1728 924 1859 970 necnon

201 1014 346 1090 comites,
365 1012 508 1077 barones
529 1019 720 1098 ceterosque
736 1014 864 1079 nobiles
888 1015 1029 1078 ecclesie
1047 1013 1194 1099 predicte
1212 1014 1371 1078 vassallos
1392 1019 1426 1077 ct
1447 1010 1593 1076 eiusdem
1614 1007 1861 1073 ministeriales.

201 1116 287 1201 quod
302 1116 458 1181 dilectum
475 1116 574 1180 filium
593 1116 822 1182 Burchardum
839 1116 1136 1201 Salseburgensem
1158 1118 1299 1181 electum
1324 1124 1476 1201 tanquam
1495 1121 1620 1201 patrem
1645 1120 1678 1176 et
1694 1118 1858 1198 pastorem

201 1222 383 1285 animarum
417 1241 547 1285 suarum
584 1219 701 1285 devote
735 1221 916 1307 suscipiant
946 1221 1082 1304 eiusque
1117 1221 1240 1286 monita
1276 1227 1309 1285 et
1339 1218 1493 1285 nrandata
1528 1217 1675 1283 salubria
1705 1215 1859 1281 studeant

202 1325 382 1389 efficaciter
405 1323 601 1410 adimplere,
633 1326 828 1389 auctoritate
857 1330 968 1388 nostra
992 1325 1212 1410 appellatione
1236 1332 1361 1389 remota
1386 1323 1616 1410 compellant&
1647 1321 1802 1385 volumus
1826 1330 1858 1384 ct

201 1430 404 1515 presentium
434 1428 493 1493 tibi
524 1428 720 1492 auctoritate
744 1426 952 1507 mandamus,
984 1427 1136 1510 quatinus
1159 1426 1324 1514 predictos
1349 1427 1552 1513 episcopum,
1576 1423 1856 1509 Ratisponensem

205 1540 238 1597 et
262 1531 494 1597 Secowensem
518 1531 652 1611 electos,
677 1532 702 1594 si
727 1551 864 1596 necesse
887 1530 995 1607 fuerit,
1019 1530 1060 1594 ad
1080 1529 1308 1616 exequendum
1332 1537 1478 1595 nostrum
1501 1529 1534 1592 in
1558 1528 1619 1593 hae
1644 1536 1740 1614 parte
1763 1548 1855 1590 man-

204 1636 314 1701 datum
328 1636 507 1700 monitione
517 1637 679 1720 premissa
691 1635 885 1702 auctoritate
899 1633 1015 1699 eadem
1033 1633 1163 1698 sublato
1176 1635 1407 1720 appellationis
1419 1631 1654 1719 impedimento
1666 1631 1856 1717 compellas.

309 1756 386 1822 Dat.
410 1757 572 1841 Lugduni,
596 1757 627 1820 V
650 1756 724 1821 Kal.
748 1757 868 1833 Martii,
892 1776 977 1819 anno
1001 1755 1146 1839 quarto¹.

986 2264 1073 2338 aar.

306 2395 524 2488 Irrrrocentins
547 2422 605 2487 IV
622 2443 713 2505 popm
741 2422 917 2487 Heariesnn
947 2442 1047 2504 repent
1074 2422 1172 2507 Cypri
1194 2444 1215 2485 a
1238 2423 1412 2486 inronrento
1435 2420 1582 2501 praelibet,
1609 2439 1671 2500 qao
1692 2417 1856 2483 Fridcrieo

202 2525 359 2606 qarorrelam
382 2527 565 2607 imperatori
592 2530 746 2604 tenemur,
769 2527 915 2604 obsolvit,
938 2547 1066 2608 ensisque
1094 2547 1163 2590 cunr
1184 2545 1278 2609 regno
1303 2525 1401 2608 Operi
1422 2525 1480 2590 snb
1497 2525 1686 2605 protectione
1707 2539 1769 2585 sno
1790 2539 1855 2583 sas-

201 2627 286 2708 cipit,
308 2627 483 2706 decernens,
506 2634 541 2693 nt
563 2628 600 2693 de
622 2633 719 2693 cetero
740 2628 807 2693 sedi
824 2630 1010 2712 apostolicae
1032 2633 1155 2695 tarrtrnn
1177 2629 1285 2694 subsit.

1504 2733 1598 2807 1247,
1620 2728 1724 2795 Mart.
1741 2732 1771 2795 5.

306 2834 369 2888 Inn.
383 2834 433 2887 IV
450 2835 512 2902 Ray.
531 2834 623 2904 VoLI,
641 2842 706 2901 3665
728 2835 788 2890 Lib.
803 2836 823 2888 1
828 2838 853 2902 V,
872 2844 928 2890 445.
975 2835 1075 2889 Pertrii
1097 2837 1230 2904 encrnplor
1250 2835 1410 2890 eorurrlimns
1437 2852 1498 2889 enar
1525 2832 1589 2887 Mas
1604 2832 1710 2899 Lesb-ic,
1734 2832 1805 2888 Hier.
1827 2832 1857 2886 dc

203 2919 308 2990 Gagae
326 2925 344 2973 r.
357 2919 401 2988 ΙΙ,
415 2937 444 2987 p.
458 2928 490 2975 ss
507 2920 579 2990 [MJ.

308 3006 441 3076 Pontos,
462 3008 634 3078 Rep.12433;
651 3010 751 3078 Berpcr
766 3016 837 3082 sarr.

677 3187 871 3260 Henrieo
905 3187 1080 3261 illustri
1114 3188 1203 3280 regi
1241 3186 1377 3278 Cipri.

309 3334 362 3399 Ad
386 3337 545 3420 gremium
570 3337 682 3400 matris
707 3337 866 3414 ecclesie,
895 3336 955 3400 sub
979 3337 1070 3401 cuius
1101 3335 1216 3400 umbra
1240 3337 1434 3420 quiescitur,
1460 3335 1534 3405 tibi,
1567 3335 1659 3399 cuius
1688 3354 1784 3399 mena
1815 3355 1858 3398 ex

202 3437 361 3504 Friderici
386 3440 550 3524 quondam
574 3440 780 3526 imperatoris
811 3441 888 3503 olim
919 3440 1042 3504 infecta
1070 3441 1223 3524 contagio
1251 3440 1400 3519 fluctuat,
1433 3460 1519 3503 nunc
1547 3437 1647 3502 velud
1674 3436 1858 3503 devotionis

205 3542 270 3606 filio
295 3542 461 3608 humiliter
487 3544 668 3609 recurrenti
695 3543 837 3609 libenter
865 3544 1078 3623 occurrimus,
1102 3551 1136 3609 et
1158 3550 1195 3608 ut
1218 3543 1359 3607 hominis
1387 3541 1580 3629 utriusque²
1601 3541 1713 3628 quiete
1734 3541 1858 3627 perimi

203 3647 329 3727 valeas,
364 3647 536 3712 affectione
558 3655 696 3732 paterna
717 3648 873 3713 libentius
897 3667 1121 3734 procuramus.
1169 3645 1222 3710 Ex
1245 3653 1338 3732 parte
1367 3644 1526 3731 siquidem
1556 3652 1615 3710 tua
1637 3646 1725 3709 lecta
1747 3666 1857 3710 coram

202 3747 297 3812 nobis
320 3751 435 3834 petitio
460 3750 679 3831 continebatl’,
710 3750 796 3834 quod
824 3751 900 3814 olim
928 3750 1034 3814 eidem
1063 3749 1230 3815 Friderico
1261 3751 1433 3836 prestitisti
1461 3749 1629 3815 fidelitatis
1656 3754 1690 3813 et
1713 3749 1857 3835 homagii

202 3851 457 3929 iuramentum³;
490 3853 576 3919 unde
606 3854 756 3918 timorem
780 3853 910 3917 Domini
943 3855 1067 3939 pariter
1096 3859 1129 3918 et
1159 3874 1304 3918 amorem
1337 3852 1370 3916 in
1403 3853 1511 3916 auimo
1540 3857 1595 3915 tuo
1623 3852 1729 3937 figens
1761 3861 1795 3918 et
1817 3853 1858 3917 ab

204 3957 291 4020 omni
323 3956 470 4022 ciusdem
492 3956 528 4020 F.
558 3957 694 4044 cupiens
724 3958 975 4044 participatione
1009 3958 1152 4042 seiungi,
1183 3956 1225 4020 ad
1254 3957 1366 4022 sedem
1394 3956 1627 4042 apostolicam,
1650 3958 1702 4021 cui
1733 3964 1859 4022 tantum

204 4060 343 4125 subesse
368 4060 551 4139 desideras,
575 4061 742 4126 humiliter
765 4061 952 4147 confugisti,
977 4061 1083 4125 eidem
1107 4082 1179 4124 cum
1203 4061 1358 4125 instantia
1382 4060 1580 4146 supplicans,
1603 4065 1640 4124 ut
1661 4066 1706 4140 te,
1729 4082 1750 4124 a
1772 4062 1858 4126 inra-

203 4169 313 4229 mento
329 4163 514 4229 huiusmodi
531 4164 727 4246 absolutum,
752 4172 785 4231 et
809 4187 945 4250 regnum
970 4172 1060 4228 tuum
1085 4164 1146 4228 sub
1171 4186 1232 4229 sua
1247 4165 1451 4251 protectione
1468 4164 1634 4250 suscipere
1655 4161 1858 4250 dignaretur.

204 4268 287 4333 (lum
310 4268 409 4354 igitur
432 4267 518 4333 idem
534 4269 582 4348 Il,
606 4269 659 4353 qui
684 4269 724 4334 de
747 4275 884 4356 patrono
909 4268 1047 4333 ecclesie
1066 4275 1259 4354 persecutor
1287 4269 1422 4332 effectus
1446 4267 1542 4332 etde
1565 4267 1633 4332 lilio
1649 4267 1857 4352 degenerans

201 4373 233 4435 in
257 4373 462 4458 privignum,
486 4379 624 4436 matrem
649 4374 839 4451 ecclesiam,
871 4393 933 4456 que
957 4373 1062 4457 ipsum
1091 4394 1110 4436 a
1135 4371 1305 4436 cunabulis
1335 4371 1417 4436 aluit
1446 4381 1480 4436 et
1509 4391 1609 4457 super
1631 4392 1746 4438 onmes
1770 4374 1857 4439 orbis

200 4477 365 4561 principes
390 4476 559 4555 exaltavit,
583 4476 759 4541 ancillare⁰
782 4475 859 4539 totis
884 4475 1007 4539 viribus
1032 4475 1146 4540 nititur
1169 4480 1204 4540 et
1226 4495 1344 4539 nomen
1363 4473 1484 4538 Christi
1504 4483 1639 4560 portans
1663 4476 1697 4540 in
1719 4477 1857 4542 vanum*

201 4579 395 4644 catholicam
418 4578 515 4644 tidem
539 4579 718 4665 impugnat,
742 4579 775 4642 in
798 4588 905 4641 sacro⁰
927 4577 1141 4662 Lugdunensi
1165 4578 1303 4643 coneilio
1333 4577 1469 4642 anobis
1492 4577 1549 4657 sit,
1577 4577 1762 4645 deliberato
1786 4582 1856 4647 cxi-

201 4682 356 4746 stentium
372 4683 449 4747 inibi
464 4683 607 4747 omnium
620 4683 818 4769 prelatorum
833 4682 978 4763 consilio,
992 4682 1139 4768 imperio,
1157 4674 1266 4767 regnis
1280 4683 1432 4768 oninique
1447 4683 1511 4746 alia
1525 4681 1685 4768 dignitate
1698 4685 1855 4770 privatin,

310 4843 418 4850 ———
432 4844 467 4849 .-.
479 4844 523 4849 .-.
569 4845 572 4848 .
612 4843 653 4848 .-..-
665 4843 749 4848 .--—
762 4841 972 4848 -.—.-.—.---
986 4842 1002 4847 ..
1014 4840 1123 4846 .-..---....
1154 4840 1269 4848 ——
1287 4842 1377 4848 ..-..-.
1393 4842 1699 4849 -———-----—----—
1712 4842 1754 4850 -

304 4942 329 5007 ⁸)
353 4945 490 5011 compellat
511 4944 543 4995 Il.
668 4943 693 5010 ¹¹)
716 4946 838 5012 petitione
862 4946 1030 5012 cognovimus
1054 4942 1104 5003 Ma
1125 4944 1153 4994 in
1177 4942 1208 4993 B.
1231 4962 1271 5010 pe.
1294 4962 1332 4996 rc.
1351 4945 1450 5010 hydor.
1577 4946 1600 5010 ο)
1620 4945 1673 5007 Μ.,·
1690 4947 1808 4999 anullare
1827 4946 1855 4997 R

199 5027 224 5093 ιῙ)
243 5046 353 5081 vacuum
372 5029 424 5090 Me
444 5031 477 5097 cs.
495 5029 581 5081 Esod.
599 5036 642 5093 20,
656 5036 676 5081 7.
787 5036 810 5095 θ)
829 5039 916 5082 sarrcto
936 5030 987 5083 Ma·
1006 5033 1039 5095 ef.
1058 5048 1084 5081 n.
1104 5032 1158 5080 124.

304 5183 330 5250 1)
350 5181 492 5250 Philippnn
515 5199 573 5236 raon
598 5183 681 5236 mullo
700 5188 761 5250 ptest
782 5181 916 5250 legationis
936 5197 1044 5234 rrrnncrc
1067 5181 1147 5249 tirrrgi
1171 5180 1258 5246 rlceiit,
1281 5200 1345 5235 raam
1367 5183 1490 5250 candae
1507 5183 1555 5236 aab
1571 5184 1647 5237 razdo
1663 5184 1744 5254 iegati
1759 5186 1784 5239 si
1797 5191 1856 5254 prust

198 5271 270 5323 leorae
287 5267 400 5322 clr'rnctos
420 5285 476 5322 non
500 5273 592 5322 astam
617 5274 641 5321 et
662 5268 711 5322 snb
732 5269 814 5322 Mart.
834 5278 863 5322 14
886 5269 942 5321 iarn
961 5268 1058 5321 Petras
1079 5267 1107 5321 S.
1128 5268 1234 5336 Gangis?
1257 5268 1293 5321 orl
1317 5268 1409 5323 Velarn
1425 5270 1546 5322 ,decrerim
1566 5269 1635 5323 dinc.
1658 5271 1734 5325 carrd.
1758 5273 1857 5341 laamas

199 5361 317 5410 meatur.
354 5355 416 5424 Qua
433 5354 464 5408 ἀι
482 5360 721 5409 miserescamus
738 5355 780 5422 at,
799 5355 936 5421 mamus,
955 5353 999 5407 aad
1015 5354 1164 5407 antandron
1180 5370 1232 5408 esse
1248 5355 1325 5408 nobis
1343 5355 1446 5409 eadelm
1464 5354 1619 5409 Gonradanr
1634 5357 1859 5427 malkpimopsua

201 5440 379 5495 &leaenae
392 5447 453 5509 post
470 5447 577 5496 norton
589 5439 702 5495 Hernici·
715 5439 806 5508 Respo
823 5440 889 5509 repis
902 5439 999 5510 [Febr.
1014 5440 1058 5510 16]
1071 5439 1238 5508 Inrqdrrrram
1250 5441 1398 5509 mosenum
1416 5458 1478 5508 esse,
1496 5440 1567 5495 ands
1586 5440 1670 5498 Mart.
1682 5450 1715 5498 23
1730 5441 1859 5499 raim:

199 5524 357 5594 Corsicana
381 5527 447 5596 Rea.
466 5528 544 5583 Oonr.
568 5545 591 5583 o.
613 5526 691 5582 Hosl.
714 5526 746 5580 in
769 5527 842 5581 Ana
866 5525 892 5580 d
913 5526 972 5580 hist.
998 5526 1053 5579 Ver.
1070 5527 1090 5592 f.
1108 5525 1133 5580 d.
1160 5526 1297 5580 Niederrh.
1316 5526 1382 5593 Hefl
1393 5534 1433 5596 36,
1448 5535 1531 5596 pm,
1550 5545 1576 5581 ra
1590 5534 1643 5585 Μ
1743 5530 1774 5597 2)
1791 5528 1858 5585 sal

200 5609 391 5666 Christiania
408 5613 483 5681 repis.
586 5616 615 5682 3)
633 5613 668 5667 A.
688 5618 764 5677 1228,-
787 5611 984 5683 Winlrelnann,
1004 5613 1108 5668 Μὶν.
1127 5612 1167 5680 H,
1185 5617 1201 5666 t.
1216 5613 1239 5681 l,
1253 5629 1282 5681 p.
1295 5619 1352 5668 294.
