4784 6334
450 389 513 453 435
1009 377 1551 437 axmuocanrnrvnmrsrno

452 557 637 623 substantia
663 555 732 622 nil·
754 555 915 624 subsistit.
958 555 1056 622 Unde
1079 555 1261 641 respiciens
1283 553 1444 618 Dominus
1466 558 1532 616 tam
1555 572 1690 637 gravem
1713 558 1847 638 tamque
1871 551 2031 618 diutinam
2055 555 2106 619 sni

451 660 661 726 afflictionem
691 660 804 747 populi
834 667 868 726 et
894 668 1001 725 motus
1031 660 1135 724 multa
1162 655 1386 722 misericordia
1415 676 1514 742 super
1542 677 1636 734 eum,
1666 655 1856 720 insultantis
1883 657 2016 743 superbi
2045 679 2103 722 ex-

451 764 634 830 tollentiam
656 762 789 828 deicere
813 783 853 826 ac
876 761 1039 848 tyrampni
1061 760 1201 826 furentis
1225 760 1322 824 ferire
1344 759 1448 824 voluit
1471 757 1646 824 feritatem.
1692 759 1803 833 Quare
1826 760 1859 822 in
1888 760 2010 846 ipsum,
2039 763 2104 846 qui,

452 889 526 932 curn
554 868 588 932 in
616 866 742 936 honore
772 873 878 946 esset,
907 865 1011 929 noluit
1038 862 1257 948 intelligeret,
1287 869 1323 926 ut
1352 863 1438 927 bene
1466 869 1596 946 ageret,
1629 860 1687 927 sed
1717 863 1924 946 iniquitatem
1952 865 2104 930 continue

451 970 616 1036 meditans
638 969 753 1056 peiora
775 989 907 1054 semper
929 973 1084 1055 operatus
1108 967 1228 1042 extitit,
1257 966 1390 1050 dignum
1415 971 1449 1030 et
1472 964 1604 1046 iustum,
1635 965 1845 1050 exigentibus
1874 966 2105 1033 nichilominus
2170 997 2182 1034 a

453 1095 550 1160 quam
580 1073 692 1138 multis
721 1072 795 1136 aliis
824 1071 1027 1158 gravissimis
1055 1071 1162 1156 culpis
1191 1069 1275 1144 suis,
1305 1089 1387 1153 qnas
1410 1067 1452 1133 ad
1475 1088 1613 1153 presens
1636 1067 1767 1133 silentio
1788 1069 2025 1156 relinquemus,
2055 1079 2106 1136 est

451 1177 609 1242 iudicium
633 1177 819 1242 iaculatum.
865 1174 931 1240 Sed
954 1181 1045 1240 certe
1066 1173 1225 1254 nondum,
1256 1173 1334 1237 licet
1362 1171 1491 1236 forsan⁰
1518 1173 1703 1252 tremuerit,
1732 1195 1753 1238 a
1776 1173 1874 1237 solita
1899 1175 2105 1260 malignitate

453 1281 595 1367 quievit;
623 1281 701 1366 quin
723 1281 841 1365 potius,
864 1285 1019 1364 tanquam
1043 1279 1076 1342 in
1100 1275 1296 1363 profundum
1319 1276 1479 1340 malorum
1503 1274 1685 1354 demersus,
1708 1274 1889 1361 desperans
1912 1277 2050 1343 ulterius
2072 1286 2106 1344 et

454 1389 706 1470 contempnens,
736 1384 769 1448 in
796 1389 980 1447 extremum
1003 1381 1227 1468 precipitium,
1258 1379 1491 1444 committendo
1515 1380 1720 1444 incessanter
1741 1378 1907 1444 deteriora
1928 1383 2105 1468 prioribus,

453 1495 543 1554 totus
566 1488 645 1554 abit.
678 1487 802 1552 Verum
824 1487 902 1571 quia
923 1485 1135 1571 principalius
1159 1483 1201 1548 ad
1216 1505 1276 1549 nos
1292 1489 1421 1570 spectat
1437 1482 1478 1547 de
1495 1482 1612 1568 prefati
1629 1483 1836 1568 reparatione
1853 1486 1946 1570 regni
1963 1487 2103 1553 sollicite

455 1593 610 1678 cogitare,
633 1611 706 1656 cum
730 1595 851 1676 quanto
876 1590 1051 1676 specialius
1074 1588 1115 1652 ad
1138 1589 1351 1674 apostolicam
1377 1586 1490 1652 sedem
1513 1587 1656 1672 pertinet
1679 1607 1717 1650 ac
1741 1587 1803 1651 sibi
1824 1587 1937 1652 existit
1960 1591 2107 1672 vicinius,

454 1701 545 1760 tanto
570 1695 673 1781 ipsius
697 1693 858 1781 profectui
883 1699 916 1758 et
940 1693 1040 1758 saluti
1063 1693 1277 1758 affectuosius
1300 1690 1470 1756 intendere
1493 1697 1674 1768 teneamur,
1698 1699 1836 1776 pensato
1852 1701 1987 1776 attente,
2010 1695 2107 1781 quod,

454 1799 518 1864 nisi
540 1797 690 1876 ecclesia,
719 1817 792 1860 cum
815 1796 856 1860 sit
878 1804 991 1876 mater,
1015 1797 1114 1883 plena
1137 1817 1197 1860 sua
1219 1795 1370 1860 libertate
1393 1815 1432 1859 ac
1455 1796 1652 1860 anctoritate
1675 1795 1709 1858 iu
1734 1816 1835 1880 regno
1858 1797 1930 1882 ipso
1954 1799 2108 1883 gandeat,

455 1900 664 1988 adoptatam
687 1899 768 1964 illud
791 1900 930 1965 letitiam
953 1920 1122 1986 resurgere
1147 1901 1201 1964 vix
1223 1900 1355 1978 valebit,
1379 1907 1413 1964 et
1435 1901 1465 1964 si
1487 1899 1633 1984 perfecte
1656 1898 1729 1984 ipsa
1751 1906 1961 1982 restauretur,
1985 1903 2107 1968 ibidem

454 2006 543 2071 illius
566 2005 756 2072 reformatio
790 2004 918 2070 facilius
950 2013 983 2072 et
1014 2005 1153 2070 celerius
1185 2005 1414 2088 subsequetur,
1447 2001 1646 2088 providimus
1674 2001 1743 2067 fore
1773 2004 1862 2068 clero
1892 2011 1927 2068 et
1957 2007 2106 2071 ecclesiis

455 2109 602 2178 eiusdem
625 2111 732 2196 regni,
760 2118 797 2175 ut
819 2108 859 2172 ad
883 2109 1006 2174 bonum
1029 2113 1064 2174 et
1085 2108 1225 2172 liberum
1254 2111 1375 2171 statum
1404 2106 1554 2171 adiutore
1577 2105 1717 2170 Domino
1745 2107 1952 2188 reducantur,
1982 2111 2046 2174 cito
2076 2118 2110 2175 et
2135 2175 2137 2180 ,

455 2212 634 2280 efficaciter
665 2210 935 2292 succurrendum,
972 2212 1144 2299 presertim
1176 2212 1253 2296 quia
1283 2216 1395 2274 nostra
1426 2211 1585 2276 interesse
1615 2209 1795 2275 dinoscitur
1824 2210 1865 2274 de
1896 2233 1998 2297 regno
2028 2213 2109 2299 ipso,

455 2337 528 2382 oum
551 2315 594 2380 sit
617 2317 761 2404 speciale
785 2315 872 2382 sedis
895 2315 1043 2381 eiusdem
1075 2324 1109 2382 et
1137 2336 1215 2400 rege
1244 2335 1330 2379 nuuc
1360 2321 1488 2393 carcat,
1518 2321 1699 2378 memorato
1722 2312 1759 2380 F.
1785 2315 2025 2380 sententialiter
2053 2317 2109 2381 illo

454 2420 592 2508 privato,
617 2419 720 2486 libere
743 2419 905 2486 ordinare.

564 2523 651 2588 Hinc
674 2531 736 2604 est,
760 2522 846 2610 quod
869 2543 927 2588 nos
950 2521 991 2588 de
1007 2523 1145 2587 fratrum
1161 2527 1347 2586 nostrorum
1365 2520 1502 2584 consilio
1519 2519 1756 2585 deliberatione
1772 2521 1946 2607 prehabita
1960 2521 2109 2608 diligenti

456 2625 705 2692 constitutiones
729 2647 842 2691 omncs
867 2647 927 2690 seu
950 2631 1083 2704 statuta,
1108 2624 1341 2700 ordinationes,
1365 2623 1610 2709 dispositiones,
1634 2623 1797 2689 iussiones
1813 2631 1847 2689 et
1862 2625 2016 2692 universa
2032 2627 2112 2692 talia

455 2729 490 2794 in
514 2727 765 2815 derogationem
788 2729 841 2794 vel
869 2728 1084 2815 preiudioinm
1114 2728 1293 2808 libertatis,
1325 2727 1553 2801 immunitatis,
1583 2727 1787 2793 auctoritatis
1817 2735 1851 2793 at
1877 2728 2112 2796 iurisdictionis

457 2832 680 2898 ecclesiastice
702 2839 760 2897 aut
782 2852 1049 2919 quorumcunque
1072 2833 1190 2897 iurium
1220 2832 1516 2898 ecclesiasticorum
1541 2851 1561 2894 a
1584 2830 1730 2918 predicto
1753 2831 1931 2897 Frederico
1959 2839 2035 2900 ante
2058 2834 2113 2899 vel

456 2941 533 3022 post
556 2935 797 3022 depositionem
822 2936 923 3022 ipsius
947 2936 1044 3016 edita,
1068 2957 1211 3001 necnon
1228 2943 1262 3000 et
1276 2935 1440 3020 quaslibet
1455 2934 1719 3014 consuetudines,
1743 2941 1858 3000 contra
1871 2937 1934 3001 heo
1947 2938 1981 3001 in
1997 2935 2111 3002 eodem

457 3059 559 3125 regno
583 3039 624 3105 ab
649 3038 721 3124 ipso
745 3038 798 3103 vel
822 3040 891 3104 suis
915 3038 1203 3126 predecessoribus
1228 3039 1349 3126 Syoilie
1374 3040 1507 3126 regibus
1531 3037 1749 3120 introductas,
1779 3040 1886 3104 irritas
1915 3041 2047 3104 omuino
2076 3047 2111 3106 et

455 3163 578 3208 vacuas
600 3142 828 3222 decernentes,
856 3142 995 3227 singulis
1018 3143 1121 3229 ipsius
1145 3144 1238 3229 regni
1263 3143 1426 3223 ecclesiis,
1454 3150 1520 3207 tam
1545 3143 1749 3208 secularibus
1773 3164 1870 3229 quam
1893 3143 2112 3229 regularibus,

457 3245 701 3312 cathedralibus
725 3253 759 3312 et
782 3246 870 3326 aliis,
903 3268 963 3312 nec
987 3267 1051 3312 non
1075 3253 1108 3310 et
1131 3246 1280 3311 domibus
1310 3246 1475 3332 religiosis
1505 3246 1672 3326 civitates,
1703 3251 1824 3326 castra,
1854 3248 1968 3328 villas,
1998 3253 2113 3328 terras,

458 3349 583 3438 predia,
611 3349 853 3436 possessiones,
886 3350 1045 3430 homines,
1071 3351 1240 3430 vassallos,
1268 3350 1418 3415 affidatos
1441 3370 1479 3414 ao
1502 3356 1614 3415 cetera
1636 3350 1723 3415 bona
1745 3357 1779 3414 et
1801 3351 1883 3432 iura,
1914 3351 2031 3436 quibus
2055 3373 2113 3416 eas

456 3455 543 3520 idem
570 3453 608 3520 F.
637 3456 690 3520 vel
720 3475 779 3542 per
810 3455 1038 3540 inquisitiones
1069 3463 1126 3520 aut
1154 3456 1386 3520 concessiones
1418 3475 1476 3518 seu
1503 3453 1711 3519 venditiones
1739 3454 1792 3517 vel
1823 3455 2013 3519 concambia
2043 3456 2113 3520 sive

457 3579 650 3645 quocunque
673 3558 737 3622 alio
766 3556 863 3624 modo
892 3557 1057 3640 destituit,
1089 3559 1235 3646 plenarie
1267 3558 1484 3638 restituimus,
1516 3558 1644 3643 integre
1676 3557 1717 3623 ab
1747 3557 1826 3643 ipsis
1859 3579 1932 3622 cum
1964 3559 2111 3624 omnibus

457 3663 664 3749 pertinentiis
688 3669 721 3726 ot
743 3662 867 3728 iuribus
887 3664 954 3727 suis
971 3663 1012 3728 de
1029 3669 1139 3728 cetero
1155 3661 1367 3748 possidenda;
1392 3661 1612 3726 concedentes
1629 3660 1754 3727 eisdem
1771 3668 1805 3726 et
1820 3662 1954 3748 prelatis
1970 3663 2112 3748 ipsarum

458 3764 633 3852 reparandi
656 3772 689 3830 et
712 3765 960 3830 rehediffioandi
984 3765 1025 3831 dc
1049 3788 1134 3831 novo
1159 3767 1319 3843 civitates,
1349 3769 1464 3845 terras,
1493 3765 1588 3830 villas
1612 3771 1645 3830 et
1668 3772 1776 3829 castra
1798 3786 1867 3844 sua,
1896 3763 1937 3830 de
1960 3764 2113 3830 mandato

459 3868 608 3934 eiusdem
631 3868 667 3936 F.
692 3868 724 3934 in
754 3877 846 3956 parte
874 3869 928 3934 vel
957 3875 1025 3934 toto
1056 3869 1164 3934 diruta
1192 3891 1251 3934 sen
1279 3867 1460 3946 destructa,
1492 3875 1525 3932 ct
1551 3867 1694 3933 faciendi
1723 3867 1906 3934 inhabitata
1936 3869 2114 3934 rehabitari

457 3970 593 4036 liberam
616 3977 827 4059 potestatem.

568 4075 650 4141 Post
672 4076 734 4142 hec
758 4075 983 4161 inrefragabili
1006 4076 1239 4142 constitutione
1265 4077 1438 4155 sancimus,
1463 4082 1499 4140 ut
1516 4075 1549 4139 in
1566 4073 1820 4158 cathedralibus,
1844 4075 2113 4142 conventualibus

460 4185 494 4244 et
516 4178 701 4263 collegiatis
731 4179 881 4246 ecclesiis
911 4180 989 4245 dicti
1022 4183 1130 4267 regni,
1161 4182 1289 4268 qnando
1318 4181 1517 4262 vacaverint,
1549 4181 1729 4246 electiones
1757 4181 1860 4246 libere
1890 4203 1928 4246 ac
1958 4183 2114 4247 canonice

460 4282 676 4364 celebrentur,
706 4304 767 4348 nec
791 4283 934 4370 eligendi
958 4285 1107 4362 licentia,
1138 4287 1164 4349 si
1188 4307 1246 4351 rex
1270 4287 1300 4350 in
1325 4286 1443 4351 eodem
1466 4305 1568 4370 regno
1593 4285 1705 4362 fuerit,
1735 4283 1775 4348 ab
1805 4285 1876 4370 ipso
1907 4286 2113 4371 aliquatenus

458 4387 652 4471 postuletur,
678 4387 842 4451 contraria
863 4409 962 4474 super
983 4387 1044 4453 hoo
1069 4389 1316 4468 consuetudine,
1341 4410 1414 4453 cnm
1438 4389 1586 4474 profecto
1610 4389 1643 4452 in
1666 4409 1799 4454 enorme
1823 4389 1984 4454 libertatis
2008 4390 2113 4456 eccle·

460 4489 592 4556 siastice
620 4488 819 4555 redundaret
846 4490 1067 4577 dispendium,
1097 4512 1162 4557 non
1185 4491 1354 4568 obstante;
1384 4513 1444 4557 nec
1467 4493 1567 4557 etiarn
1590 4500 1664 4578 post
1686 4493 1776 4578 ipsas
1800 4492 1981 4558 electiones
2003 4493 2112 4578 regius

460 4593 646 4679 requiratur
668 4595 861 4670 assensus¹;
892 4595 1096 4680 provisiones
1120 4602 1153 4658 et
1176 4595 1407 4660 concessiones
1433 4615 1490 4660 seu
1514 4596 1704 4661 collationes
1728 4615 1840 4660 omues
1865 4594 1905 4660 de
1928 4596 2112 4682 prelatnris,

460 4696 693 4782 dignitatibus,
724 4698 969 4784 personatibus,
998 4699 1163 4778 ecclesiis,
1194 4697 1372 4783 prebendis
1400 4706 1434 4764 et
1463 4699 1534 4764 aliis
1562 4699 1729 4764 benefieiis
1758 4698 1994 4764 ecclesiasticis
2021 4698 2115 4785 regni

460 4798 595 4885 prefati,
627 4821 687 4886 per
716 4801 904 4866 iamdictam
928 4801 965 4866 F.
990 4802 1043 4866 vel
1071 4802 1141 4866 eius
1171 4802 1326 4867 mandato
1356 4823 1412 4868 scu
1441 4824 1500 4888 per
1530 4824 1605 4867 suos
1636 4802 1810 4882 officiales,
1841 4801 2034 4867 vacantibus
2062 4803 2114 4867 vel

461 4923 526 4968 non
550 4904 744 4968 vacantibus
772 4905 921 4970 ecclesiis
945 4905 1093 4971 eiusdem
1117 4907 1225 4991 regni,
1255 4915 1380 4972 temere
1404 4913 1628 4992 presumptas,
1658 4907 1741 4971 etsi
1765 4927 1845 4992 quas
1869 4905 1923 4970 in‘l
1946 4911 2114 4992 posterum

462 5006 538 5070 vel⁰
562 5027 620 5092 per
645 5007 769 5092 regiam
793 5017 850 5075 aut
873 5030 1099 5096 quamcunque
1123 5016 1320 5096 potestatem
1347 5011 1446 5076 aliam
1476 5011 1657 5074 secularem
1687 5009 1727 5074 de
1756 5011 1837 5097 ipsis
1865 5009 2010 5095 presumi
2037 5029 2114 5074 con-

462 5109 582 5194 tigerit,
606 5110 731 5182 inanes,
755 5113 842 5178 inmo
866 5114 972 5179 nullas
994 5115 1125 5200 penitus
1148 5115 1350 5182 nuntiantes.

786 5281 938 5290 --—-—-—
947 5285 1121 5292 ----..-..
1137 5283 1510 5292 *wm-

559 5401 949 5540 1⁸3)litt.ncorr.cafucls.
1049 5405 1074 5472 1))
1097 5409 1254 5490 intelligerop
1272 5407 1304 5459 Il.
1403 5409 1427 5476 ο)
1446 5414 1540 5463 forsam
1559 5409 1590 5460 ff.
1695 5407 1720 5474 d)
1738 5411 1765 5460 in
1783 5419 1913 5478 posterum
1929 5411 1957 5462 ia
1974 5410 2029 5462 loco
2045 5427 2117 5463 rosc.

463 5489 486 5554 Ι)
511 5497 591 5542 ut.

568 5643 594 5714 l)
616 5639 689 5694 Talis
706 5655 830 5696 caenas
846 5639 878 5698 dc
895 5640 954 5698 tare
971 5641 1125 5714 comeant
1143 5641 1301 5714 Pristensem
1316 5645 1349 5716 cf.
1363 5645 1593 5714 Rama-stae,
1611 5647 1628 5702 l.
1641 5662 1662 5703 o.
1680 5664 1707 5700 a.
1722 5653 1777 5704 663.

2164 3069 2190 3111 95

2168 5139 2194 5180 ld
