4790 6340
855 431 1054 488 amsuchan
1071 431 1260 488 SELEGTAE.
1296 434 1372 488 124⁷.
1873 440 1936 504 293

294 606 456 674 discordie
481 609 567 674 inter
590 609 764 674 ecclesiam
788 614 822 673 et
843 608 1054 674 Fredericum
1077 605 1238 693 quondam
1254 607 1485 694 imperatorem
1506 615 1679 674 teneantur
1701 631 1721 675 a
1743 610 1936 696 quibusdam

295 713 421 778 civibus
444 712 710 779 Ferrariensibus
740 718 897 798 occupate
909 715 929 794 ¹,
959 711 1000 777 de
1029 711 1146 797 quibus
1168 712 1402 776 monasterium
1431 712 1540 798 ipsum
1567 733 1588 776 a
1615 713 1761 802 predicte
1791 721 1936 800 tempore

296 817 396 881 nichil
420 818 568 903 percepit
595 836 656 882 nec
684 816 794 882 valeat
815 817 986 902 percipere
1013 834 1056 880 ex
1086 815 1227 896 eisdem,
1255 815 1380 880 fruetus
1403 817 1644 902 possessionum
1666 818 1828 905 ipsarum,
1856 839 1936 905 quos

296 917 423 1007 eripere
445 941 545 1007 posse
568 920 674 985 credis
698 920 737 984 de
754 920 905 984 manibus
928 920 1037 984 taliter
1056 918 1272 1000 detentorum,
1296 917 1355 982 tibi
1379 918 1419 984 de
1434 917 1637 1004 benignitate
1654 920 1741 986 sedis
1757 922 1936 1009 apostolico

298 1023 476 1089 concedere
500 1045 697 1090 curaremus.
741 1023 809 1088 Nos
833 1024 943 1108 igitur,
966 1023 1031 1088 tuis
1048 1023 1339 1109 supplicationibus
1362 1023 1520 1104 inclinati,
1543 1023 1669 1088 fructus
1689 1024 1853 1111 predictos
1876 1023 1936 1090 tibi

295 1128 489 1194 auctoritate
512 1127 715 1214 presentium
745 1127 898 1192 duximus
922 1126 1163 1208 concedendos,
1192 1126 1316 1192 tamdiu
1345 1148 1365 1192 a
1391 1133 1425 1193 te
1448 1127 1691 1215 percipiendos,
1721 1128 1825 1194 donec
1853 1149 1936 1214 pace

294 1231 496 1318 inpartibus
518 1231 581 1296 illis
597 1230 695 1297 dante
711 1231 852 1296 Domino
876 1230 1053 1295 reformata
1075 1231 1109 1294 in
1132 1231 1275 1296 ecclesia
1297 1237 1355 1295 tna
1377 1251 1493 1296 securo
1515 1229 1635 1316 poteris
1659 1231 1873 1296 commorari²
1896 1268 1936 1278 —

293 1356 359 1400 non
375 1335 525 1401 obstante
540 1335 715 1400 donatione
732 1333 878 1420 qualibet
900 1334 988 1398 iacta
1004 1333 1154 1398 simulate
1170 1333 1211 1398 de
1227 1334 1385 1399 fructibus
1402 1333 1608 1420 supradictis.
1637 1333 1797 1401 Nolumus
1812 1339 1935 1414 tamen,

295 1440 381 1526 quod
408 1460 468 1526 per
495 1440 738 1506 concessionem
764 1438 949 1505 huiusmodi
977 1437 1130 1503 iamdicto
1165 1439 1359 1504 monasterio
1391 1460 1489 1525 super
1521 1438 1585 1504 hiis
1617 1439 1880 1526 possessionibus
1901 1439 1936 1503 in

296 1551 464 1631 posterum
486 1543 703 1630 preludieium
726 1543 859 1630 aliquod
881 1548 1066 1628 generetur.
1111 1541 1202 1608 Nulli
1226 1564 1303 1628 ergo
1326 1550 1389 1609 etc.
1412 1549 1523 1609 nostre
1547 1543 1766 1609 concessionis
1790 1549 1851 1608 etc.

405 1665 481 1730 Dat.
504 1664 668 1750 Lugduni,
691 1663 757 1728 VII
781 1663 855 1730 Kal.
879 1664 964 1745 Iulii,
987 1684 1072 1728 anno
1096 1669 1221 1748 quarto.

915 1937 1324 1951 —n--n-r—-a———n

1075 2187 1163 2262 lot.

399 2284 616 2377 Innocentius
637 2308 693 2374 IV
707 2330 796 2394 papa
816 2309 1045 2395 [Theoderico]
1067 2311 1294 2394 archiepiscopo
1315 2316 1345 2377 et
1366 2313 1502 2394 capitato
1517 2309 1756 2376 Ravennatrbns
1778 2311 1941 2392 confirmat

295 2415 535 2480 declarationem
560 2414 679 2496 factam
701 2435 723 2476 a
744 2413 902 2479 duodecim
922 2414 1002 2478 airis
1023 2414 1059 2476 in
1081 2413 1143 2490 lite,
1166 2434 1245 2495 qnae
1266 2416 1350 2480 inter
1370 2417 1455 2500 ipsas
1476 2436 1515 2479 ca
1533 2419 1625 2496 parte
1646 2433 1713 2478 nna
1733 2417 1764 2478 et
1784 2414 1938 2478 Aaronem

295 2519 504 2584 marchionem
524 2517 687 2582 Estensern
709 2537 748 2580 ea
770 2515 871 2580 attera
893 2535 987 2596 snper
1009 2515 1143 2598 qaedam
1159 2515 1258 2600 fendo
1277 2519 1385 2598 faerit.
1598 2517 1853 2596 1247,1an.25.

398 2636 464 2691 Ian.
482 2635 533 2690 IV
547 2635 612 2704 Rea.
637 2634 691 2689 Vct
711 2635 736 2703 I,
755 2641 821 2702 40&
837 2634 896 2690 Inb.
910 2634 931 2688 I
935 2633 965 2702 V,
982 2641 1038 2690 867.
1075 2635 1237 2704 Eannplar,
1255 2637 1325 2704 qnod
1344 2639 1444 2708 Bcrqcr
1460 2637 1551 2705 edidit,
1575 2653 1635 2691 essm
1653 2635 1770 2706 Mentis
1787 2634 1899 2690 emuniit
1915 2638 1939 2686 et

294 2739 327 2776 ea
345 2723 382 2776 eie
398 2722 527 2791 supplerit
548 2721 576 2775 V.
588 2720 626 2776 Gt.
637 2723 672 2776 A.
685 2721 765 2774 Man.

399 2810 502 2878 Bcrqer
519 2815 589 2863 2865.

560 3025 599 3046 ..
627 2969 981 3061 archiepiscopo
1009 2974 1054 3041 et
1081 2968 1287 3061 capitulo
1314 2971 1681 3046 Ravennatihua

403 3121 570 3208 Experto
595 3126 704 3184 vestra
733 3119 794 3184 fuit
815 3120 1017 3206 propositum
1041 3140 1150 3184 coram
1173 3121 1281 3202 nobis,
1315 3121 1401 3206 quod
1432 3144 1505 3187 oum
1528 3143 1587 3188 vos
1611 3121 1745 3188 feudum
1766 3097 1939 3207 quoddam,

299 3224 384 3310 quod
406 3223 567 3309 quondam
587 3223 765 3288 Ubertinus
790 3221 830 3288 de
853 3221 1011 3288 Ravenna
1034 3223 1138 3287 tenuit
1161 3225 1203 3288 ab
1228 3225 1369 3290 ecclesia
1384 3224 1578 3307 Ravennati,
1601 3224 1704 3290 nobili
1725 3224 1794 3288 viro
1817 3223 1940 3288 Aesoni

294 3326 473 3392 marchioni
495 3325 654 3391 Estensi³
679 3347 752 3391 cum
776 3324 899 3390 eisdem
922 3326 1028 3412 pactis
1053 3333 1086 3391 et
1109 3327 1366 3409 conditionibus,
1390 3329 1507 3415 quibus
1531 3328 1636 3395 dictus
1658 3328 1836 3394 Ubertinus
1859 3326 1940 3394 illud

296 3437 464 3513 tenuerat,
497 3429 538 3496 de
566 3429 718 3494 mandato
750 3435 862 3494 nostro
893 3429 1054 3494 duxeritis
1077 3429 1340 3512 concedendum,
1368 3433 1517 3515 tandem,
1546 3434 1633 3498 inter
1662 3453 1720 3496 vos
1744 3436 1779 3498 et
1800 3430 1939 3495 eundem

296 3534 439 3598 nobilem
464 3555 562 3621 super
584 3535 663 3621 ipsis
685 3534 789 3621 pactis
812 3540 846 3598 et
868 3533 1108 3598 conditionibus
1132 3535 1391 3600 dubitationibus
1414 3558 1453 3601 ac
1477 3537 1685 3602 contentione
1709 3535 1867 3616 subortis,
1898 3531 1939 3598 ad

298 3636 552 3703 declarationem
582 3637 821 3703 dubitationum
849 3637 1033 3703 huiusmodi
1056 3637 1229 3704 duodecim
1258 3641 1319 3704 viri
1347 3641 1488 3726 antiqui,
1519 3639 1582 3706 lide
1612 3640 1715 3726 digni,
1746 3637 1940 3724 apartibus

298 3743 510 3835 communiter
532 3742 664 3808 luerunt
687 3743 793 3824 electi,
816 3743 974 3828 promisso
999 3743 1073 3807 hinc
1096 3743 1171 3808 inde
1195 3746 1330 3830 prestito
1354 3746 1551 3826 iuramento,
1577 3744 1663 3830 quod
1685 3764 1796 3809 eorum
1818 3741 1939 3806 dictum

297 3867 395 3934 super
416 3846 478 3911 hcc
508 3847 575 3912 sire
598 3845 851 3912 declarationem
873 3867 949 3933 pars
971 3853 1108 3933 utraque
1136 3848 1368 3913 inviolabiliter
1390 3850 1593 3924 observaret;
1621 3848 1676 3933 qui
1698 3848 1839 3934 equitate
1863 3865 1939 3910 sua·

296 3949 394 4016 dente
424 3950 642 4017 dubitationes
665 3952 843 4037 premissas
873 3951 1110 4016 rationabiliter
1132 3951 1350 4019 declararunt.
1403 3951 1509 4026 Quam
1542 3952 1796 4018 declarationem
1825 3955 1936 4036 partes

297 4055 510 4119 communiter
531 4060 752 4143 acceptarunt,
776 4061 873 4140 prout
896 4055 956 4120 heo
980 4056 1087 4122 omnia
1109 4056 1142 4120 in
1165 4057 1305 4142 publicis
1328 4057 1553 4123 instrumentis
1576 4078 1674 4143 super
1696 4056 1758 4121 hoc
1782 4054 1939 4120 conlectis

297 4160 417 4225 dicitur
437 4159 566 4246 plenius
591 4160 758 4224 contineri.
802 4159 872 4222 Nos
902 4159 1013 4244 igitur,
1038 4161 1155 4224 vestris
1180 4161 1472 4248 supplicationibus
1495 4162 1657 4244 inclinati,
1685 4159 1940 4226 declarationem

297 4262 498 4344 huiusmodi,
528 4264 613 4328 sicut
643 4262 878 4327 rationabiliter
908 4262 995 4326 lecta
1026 4270 1077 4328 est
1108 4270 1140 4329 et
1168 4265 1209 4329 ab
1239 4270 1376 4350 unaque
1399 4271 1492 4352 parte
1522 4270 1636 4351 sponte
1659 4271 1806 4350 recepta,
1834 4268 1939 4326 ratam

296 4367 468 4448 habentes,
492 4387 565 4432 eam
588 4367 781 4431 auctoritate
804 4367 984 4453 apostolica
1016 4367 1242 4432 confirmamus
1267 4374 1299 4432 et
1322 4368 1486 4454 presentis
1510 4368 1622 4454 scripti
1645 4367 1827 4453 patrocinio
1851 4387 1937 4430 com-

297 4472 472 4538 munimus.
515 4470 605 4535 Nulli
628 4492 706 4556 ergo
730 4477 791 4535 eto.
815 4476 925 4535 nostre
950 4471 1204 4536 confirmationis
1229 4477 1290 4536 etc.
1337 4469 1372 4534 si
1395 4472 1466 4556 quis
1490 4477 1552 4537 etc.

406 4591 482 4658 Dat.
506 4590 669 4677 Lugduni,
692 4589 759 4654 VII
782 4589 857 4656 Kal.
880 4589 965 4674 Iulii,
989 4611 1073 4656 anno
1097 4591 1245 4676 quarto⁴.

299 4853 357 4906 eina
373 4852 410 4906 ad
422 4867 524 4922 papam
536 4852 644 4906 mnsam
661 4867 704 4918 ap.
716 4849 1005 4913 Hrrillard-Brtbottas,
1022 4849 1039 4902 l.
1052 4865 1073 4902 c.
1086 4854 1105 4903 t.
1124 4847 1170 4914 VI,
1182 4863 1211 4914 p.
1223 4853 1272 4902 378
1283 4852 1306 4900 a
1317 4847 1409 4901 melina
1426 4863 1470 4918 ap.
1487 4847 1631 4916 Fantnsar',
1646 4845 1939 4916 transcampana.

299 4940 340 4995 at.
356 4939 484 5008 Tamen,
502 4945 520 4994 r.
533 4939 556 5008 1,
570 4955 598 5007 p.
612 4945 672 5006 rao,
693 4955 722 4992 n.
735 4944 780 4992 113
796 4937 828 4990 tn
846 4938 933 4991 ‘Mon
951 4942 996 4991 aa.
1014 4935 1083 4990 detta
1096 4935 1245 5004 Bonnam,
1266 4933 1322 4990 Sa.
1335 4935 1389 5004 II’,
1408 4939 1433 4990 a
1449 4933 1567 4990 aaran
1584 4935 1640 4990 aas
1656 4933 1717 4988 oid.
1730 4949 1759 5003 p.
1771 4941 1827 5002 ras,
1845 4950 1874 4988 n.
1887 4939 1939 4988 rra.

298 5027 353 5082 &ab
371 5045 396 5080 a.
415 5033 488 5094 1146,
509 5025 579 5079 Mai.
598 5033 612 5078 1
630 5041 704 5092 papa
724 5029 878 5092 potetatem
899 5028 922 5076 et
945 5023 1085 5078 consilinm
1103 5022 1286 5076 Bononienaes
1306 5022 1422 5090 manat,
1446 5027 1480 5075 nt
1500 5021 1537 5076 ad
1553 5020 1720 5088 desendmda
1741 5021 1805 5074 inra
1822 5020 1940 5075 metator

299 5114 466 5170 &nammis
483 5112 684 5181 archispiscopo,
702 5128 762 5166 arm
779 5111 813 5164 ab
829 5127 858 5164 oc
874 5110 1077 5180 requirerentur,
1096 5110 1231 5164 auxilinm
1249 5107 1439 5178 impenderent3
1457 5108 1585 5177 Pottbaat,
1606 5107 1672 5178 Nep.
1691 5107 1939 5175 12090;cs.12159.

298 5201 353 5255 &ab
370 5219 395 5255 a.
409 5206 482 5269 1116,
502 5199 566 5253 Dec.
579 5205 609 5252 13
619 5197 741 5268 [Iacobo]
753 5198 872 5266 metopo
888 5197 1053 5252 Romana
1070 5196 1122 5266 [ad
1134 5211 1224 5265 preca
1240 5195 1426 5264 armiarnaoopi
1441 5195 1473 5249 in
1489 5211 1527 5264 cp.
1545 5195 1586 5250 a't
1604 5193 1730 5264 directa]
1746 5191 1890 5261 maman,
1908 5197 1940 5246 nt

298 5287 329 5354 ei,
348 5286 426 5340 arins
443 5285 630 5354 nrffrayancas
647 5291 716 5353 mast,
733 5284 866 5351 fidelitatis
883 5284 1062 5338 innocentum
1080 5283 1220 5342 sarram
1247 5281 1380 5348 Ponant,
1404 5281 1469 5351 Ray.
1488 5287 1580 5349 12371,·
1600 5297 1668 5350 qrrae
1689 5297 1728 5350 ep.
1751 5281 1782 5334 in
1802 5279 1865 5348 Rea.
1883 5297 1941 5334 non

220 5383 247 5422 ⁴⁰
298 5377 398 5426 alant.
417 5402 449 5412 —
467 5372 510 5426 De
527 5371 614 5425 eodan
631 5371 741 5440 archiep.
760 5371 794 5438 cs.
813 5372 893 5425 marn
910 5370 1139 5438 Btibrner-Ntctcr,
1159 5371 1175 5424 1.
1193 5386 1214 5425 e.
1233 5377 1306 5426 1878.
1411 5370 1437 5435 1)
1455 5367 1551 5421 Etiam
1572 5383 1707 5422 commanos
1725 5365 1901 5422 Ferrariam
1917 5372 1940 5421 et

296 5459 414 5514 manatio
436 5458 556 5514 Eamne
576 5459 749 5527 mammonas
774 5458 890 5512 melosae
912 5457 1092 5526 Raramrnatis,
1117 5457 1241 5526 inprimis
1268 5462 1384 5510 marnas
1407 5454 1551 5524 Ararene,
1576 5459 1781 5524 menatenam
1802 5455 1833 5520 ‘t‘-
1856 5470 1939 5522 snpra

222 5597 226 5610 ,
292 5563 321 5615 p.
340 5551 393 5614 215,
411 5550 464 5598 not.
483 5553 499 5598 4
517 5549 539 5598 at
559 5561 597 5612 cp.
617 5543 728 5614 ardricp.
746 5545 787 5598 cit.
891 5545 918 5612 2)
939 5543 1036 5598 (licitas
1055 5543 1200 5598 Ravanraa
1217 5560 1243 5596 a.
1264 5548 1345 5609 1248,
1371 5539 1593 5594 Maiorianum
1614 5539 1649 5594 ab
1665 5541 1819 5608 niceam
1840 5539 1940 5610 datad,-

296 5630 532 5700 Bdlsmcr-Ficter,
551 5631 568 5685 t.
586 5647 606 5684 c.
626 5619 723 5685 3698’a.
844 5631 871 5698 3)
890 5627 935 5684 Dc
952 5629 999 5683 boc
1015 5631 1045 5698 σί
1064 5636 1118 5686 not.
1138 5640 1158 5684 1.
1286 5631 1312 5695 4)
1331 5625 1434 5682 notan
1450 5625 1492 5680 die
1502 5642 1577 5694 papa
1594 5625 1687 5680 nmen
1704 5627 1831 5682 libertates
1848 5633 1873 5682 ct
1890 5628 1939 5682 ins-

296 5719 438 5776 naniam
454 5733 518 5770 snas
535 5717 711 5784 confirmant,-
730 5717 827 5786 Berycr
844 5723 918 5771 2866.
1041 5745 1043 5750 ,
