4328 6232
354 327 393 394 70
904 320 952 381 lix
970 319 1190 423 innocuum
1207 319 1246 378 IV
1264 314 1447 379 atalarico

350 501 502 585 Dionysii
523 499 714 578 Lcodiaasis,
737 501 853 564 rectore
874 498 1018 564 asceam
1040 499 1077 564 dc
1099 497 1268 564 Horsmale
1289 496 1473 562 Iaeadimrsis
1493 486 1632 577 (tmesis,
1653 498 1690 561 at
1711 516 1780 563 cam
1802 494 1862 564 boc
1881 495 2012 562 ecclam

351 607 432 671 duas
454 605 655 687 praemolles
681 604 751 670 sinc
774 624 852 668 curu
873 604 1071 682 oalammm,
1098 623 1180 686 quos
1201 623 1233 667 se
1256 602 1402 668 mamae
1423 601 1569 683 00000000
1592 620 1656 665 ease
1671 606 1847 683 00000000,
1876 601 2013 666 ratim

352 709 459 788 possit.
1642 705 1736 784 1245,
1758 704 1853 771 Febr.
1871 706 1922 769 15.

456 810 521 864 Ina.
535 809 582 864 IV
598 810 660 879 Rap.
678 809 769 875 VotL
789 816 849 873 160,·
866 806 926 862 La.
940 808 981 876 Π,
998 814 1054 863 364.

456 897 556 965 Berper
568 904 641 952 1097.

808 1045 847 1064 ..
875 988 1234 1081 archiepiscopo
1262 985 1554 1061 Coloniensi.

461 1123 588 1188 Meritis
611 1121 787 1187 laudabilis
812 1121 1071 1187 conversationis
1094 1120 1208 1184 etrite
1232 1107 1372 1184 dilectus
1388 1120 1474 1183 filius
1490 1117 1655 1184 Henricus
1672 1120 1850 1187 canonicus
1868 1123 2012 1188 ecclesie

354 1229 459 1292 sancti
481 1227 623 1291 Dionisii
647 1226 857 1307 Leodiensis,
891 1232 999 1291 rector
1026 1225 1166 1290 ecclesie
1195 1222 1236 1289 de
1264 1223 1468 1288 Horsmale²
1491 1222 1685 1289 Leodiensis
1716 1223 1875 1306 diocesis,
1904 1226 2011 1291 iuvari

354 1330 483 1412 dieitur,
511 1338 547 1395 ut
569 1331 630 1394 sibi
654 1352 673 1394 a
696 1330 791 1395 nobis
814 1330 966 1416 specialis
991 1329 1097 1414 gratia
1120 1326 1330 1393 concedatur.
1374 1327 1463 1391 Hine
1487 1334 1548 1406 est,
1573 1327 1660 1413 quod
1684 1349 1745 1393 nos
1767 1328 1889 1394 iutuitu
1912 1332 2013 1394 meri-

353 1441 461 1499 torum
500 1433 686 1499 huiusmodi
721 1440 754 1498 et
791 1434 928 1499 obtentu
969 1432 1136 1497 carissime
1171 1432 1205 1495 in
1239 1430 1371 1496 Christo
1405 1431 1472 1496 filie
1508 1437 1620 1496 nostra
1649 1431 1692 1496 M.
1723 1430 1836 1498 relicte
1872 1431 2012 1497 Octonis

354 1537 517 1622 quondam
533 1537 754 1602 Romanorum
777 1537 1017 1625 imperatoris2‚
1041 1558 1104 1623 que
1128 1536 1236 1622 ipsum
1260 1534 1301 1601 de
1325 1556 1418 1600 sacro
1442 1535 1532 1601 fonte
1555 1535 1687 1600 levasse
1704 1535 1823 1601 dieitur
1838 1543 1872 1602 et
1887 1537 2013 1602 babere

355 1641 511 1705 dilectum
534 1663 593 1727 pro
617 1641 801 1707 devotionis
825 1663 883 1707 sue
906 1643 1031 1707 meritis
1054 1640 1258 1727 perhibetur,
1280 1647 1316 1704 ut
1339 1661 1413 1703 cum
1436 1640 1518 1725 ipso,
1541 1638 1716 1725 quodcum
1734 1640 1850 1705 eadem
1867 1641 2014 1706 eeclesia

355 1765 465 1808 curam
489 1745 671 1809 animarum
694 1744 838 1811 habente
854 1746 935 1810 duas
950 1743 1134 1831 prebendas
1150 1744 1221 1809 sine
1238 1764 1325 1825 cura,
1350 1764 1431 1827 quas
1448 1765 1484 1808 se
1501 1744 1659 1808 canonice
1675 1742 1828 1830 proponit
1843 1743 2014 1830 adeptum,

355 1847 459 1912 libere
488 1848 630 1913 retinere
657 1850 825 1936 possit-
848 1871 912 1914 non
936 1848 1090 1914 obstante
1115 1847 1348 1913 constitutione
1372 1847 1502 1912 concilii
1525 1847 1690 1932 generalis
1713 1885 1769 1928 -,
1799 1849 1827 1912 si
1851 1847 2013 1935 expedire

355 1950 485 2029 videris,
510 1952 621 2016 valeas
645 1951 847 2039 dispensare,
871 1952 931 2017 tibi
947 1951 1143 2017 auctoritate
1165 1951 1369 2038 presentium
1385 1949 1593 2016 concedimus
1610 1949 1812 2029 facultatem,
1835 1950 1884 2016 ita
1899 1959 2013 2019 tamen
2082 1977 2095 2013 r.

355 2054 442 2140 quod
469 2055 540 2141 ipse
570 2057 602 2121 in
634 2056 784 2144 predicta
812 2056 952 2122 ecclesia
981 2057 1085 2121 sancti
1108 2055 1249 2121 Dionisii
1278 2055 1497 2142 personaliter
1523 2055 1691 2120 deserviat
1719 2061 1753 2119 et
1779 2054 1922 2120 ecclesie
1946 2055 2013 2122 alie

355 2157 474 2223 debitis
497 2180 561 2223 non
585 2159 778 2224 fraudentur
801 2159 967 2246 obsequiis
991 2166 1025 2224 et
1048 2161 1228 2223 animarum
1252 2178 1330 2223 eura
1352 2158 1541 2224 nullatenus
1565 2158 1758 2244 negligatur.

463 2281 540 2345 Dat.
564 2281 728 2367 Lugduni,
752 2281 815 2345 XV
840 2280 914 2345 Kal.
939 2281 1060 2363 Martii,
1084 2303 1168 2347 anno
1193 2281 1350 2347 secundo.

983 2542 1394 2550 ——-———-—-.

1157 2789 1218 2861 99.

462 2881 679 2975 1000000000
695 2908 749 2974 IV
763 2929 854 2994 papa
875 2908 1117 2993 [Theodericum
1133 2908 1192 2993 ΙΙ]
1214 2910 1341 2974 electam
1361 2907 1645 2992 Nuemburpenaem
1666 2933 1688 2975 a
1710 2911 1816 2976 labore
1836 2913 2016 2980 itinerandi

357 3015 401 3080 ad
421 3015 587 3080 concilium
607 3014 751 3094 proximo
768 3011 920 3098 faturum
941 3013 1082 3079 absolvit.
1646 3016 1740 3093 1245,
1761 3014 1857 3084 Febr.
1871 3019 1926 3084 20.

462 3136 525 3189 100.
540 3133 587 3187 IV
600 3133 664 3203 Ray.
683 3133 775 3202 VelL
795 3142 858 3201 ror,-
876 3134 991 3204 10011,
1010 3142 1065 3190 299.

461 3220 561 3290 Barpar
579 3226 652 3275 1042.

867 3371 906 3389 ..
936 3315 1088 3389 electo
1115 3312 1508 3407 Nuemburgensi.

467 3447 562 3512 Licet
584 3453 617 3511 te
640 3468 679 3511 ac
703 3446 784 3512 alios
807 3449 954 3533 prelatos
978 3447 1019 3511 ad
1043 3447 1226 3527 concilium,
1256 3446 1340 3533 quod
1364 3446 1496 3514 favente
1517 3446 1660 3512 Domino
1683 3448 1880 3515 celebraturi
1901 3472 2016 3518 sumus

358 3552 390 3616 in
423 3553 590 3638 proximo,
621 3550 812 3617 duxerimus
843 3551 1047 3631 evocandos,
1075 3551 1226 3616 volentes
1256 3558 1366 3616 tamen
1389 3551 1465 3633 tibi,
1496 3573 1593 3638 quem
1616 3550 1728 3619 lavore
1751 3554 1982 3640 prosequimur
1991 3555 2015 3635 ³,

358 3654 468 3720 iacere
491 3656 630 3740 gratiam
654 3656 832 3741 specialem
855 3677 894 3721 ac
917 3657 982 3720 tuis
1005 3675 1140 3742 parcere
1164 3654 1332 3720 laboribus
1355 3663 1389 3721 et
1411 3656 1579 3742 expensis,
1601 3677 1622 3720 a
1636 3655 1751 3721 labore
1774 3656 1951 3724 itinerandi
1974 3659 2016 3725 ad

358 3765 504 3823 nostram
546 3760 747 3845 presentiam
784 3760 957 3825 occasione
991 3757 1131 3845 predicti
1166 3759 1292 3824 concilii
1326 3760 1521 3824 auctoritate
1557 3760 1760 3846 presentium
1794 3768 1828 3828 te
1861 3760 2015 3828 duximus

359 3860 609 3928 absolvendum.

467 3981 544 4046 Dat.
567 3980 732 4066 Lugduni,
756 3981 788 4046 X
812 3982 887 4048 Kal.
912 3983 1030 4064 Martii,
1055 4003 1139 4048 anno
1162 3980 1207 4046 Π.

1147 4489 1219 4562 100

464 4581 682 4678 [arrecaatias
697 4610 755 4677 IV
766 4633 857 4697 popm
878 4611 1052 4698 [Ladolfo]
1073 4613 1213 4694 episcopo
1234 4612 1483 4679 Moaastcrdensi
1505 4613 1647 4692 recondat,
1674 4618 1711 4678 at
1728 4616 2014 4697 praeruptam

360 4714 559 4797 plorandam
582 4715 733 4781 laicoruua
754 4716 884 4781 Frisios
905 4715 1034 4782 diocesis
1055 4734 1140 4793 arrae,
1163 4717 1219 4796 qai
1240 4716 1389 4781 conraudi
1410 4720 1641 4799 0000000000,
1662 4717 1824 4798 reprimet.

1662 4822 1755 4899 1245,
1777 4821 1881 4889 Mart.
1898 4828 1928 4888 1.

464 4904 527 4957 100.
544 4902 593 4956 lt'
609 4902 672 4971 Ray.
690 4902 744 4956 Vol.
757 4901 783 4969 Ι,
798 4910 856 4966 158,·
874 4903 932 4957 Lab.
946 4903 986 4971 ΙΙ,
1005 4909 1060 4958 302.

464 4989 648 5058 80001005.

841 5139 879 5158 ..
908 5084 1130 5176 episcopo
1157 5084 1534 5160 Monasteriensi.

468 5214 520 5279 Ex
544 5223 637 5301 parte
661 5221 720 5280 tna
739 5214 802 5279 fuit
824 5215 1029 5302 propositum
1052 5237 1162 5281 coram
1179 5216 1285 5289 nobis,
1307 5216 1393 5302 quod
1410 5216 1541 5303 quidam
1558 5217 1632 5282 laici
1647 5215 1773 5283 Friseie
1788 5226 1846 5285 tue
1861 5218 2014 5295 diocesis.

358 5320 413 5404 qui
449 5318 613 5383 uorandi⁴
647 5319 826 5405 vulgariter
859 5326 1099 5405 nuncupantur,
1133 5322 1166 5386 in
1196 5320 1335 5406 singulis
1364 5321 1532 5402 ecclesiis,
1567 5322 1599 5386 in
1633 5321 1750 5407 quibus
1777 5323 1829 5387 ius
1863 5324 2016 5391 obtinent

573 5460 746 5467 --·--—-
957 5461 1549 5470 —-—.....--——-.----—-.-—-——-

465 5543 490 5599 u
513 5542 558 5595 Aa
583 5540 729 5609 Ηιηνιιιι,
752 5541 921 5610 naama,
946 5542 985 5598 aa
1009 5544 1115 5599 aroma
1138 5560 1171 5599 a
1194 5549 1256 5613 κμ.
1280 5542 1421 5599 amaa?
1512 5545 1539 5613 a)
1565 5543 1605 5611 (γ.
1629 5562 1657 5601 ιι.
1675 5552 1716 5601 aa
1805 5538 1905 5619 Μ’.
1924 5554 2017 5607 aaa

357 5628 386 5681 0
407 5625 531 5695 ramas,
549 5626 674 5685 saura:
691 5627 724 5681 a
740 5627 834 5682 0οω
851 5629 884 5697 aa
899 5629 1043 5685 unauna
1061 5630 1161 5687 oasa
1180 5630 1285 5687 oona.
1301 5650 1327 5685 a.
1343 5638 1412 5699 isar,
1433 5630 1486 5686 aa.
1502 5637 1520 5686 a
1534 5631 1653 5703 xxm
1665 5644 1695 5701 a
1705 5632 1801 5689 arr-4
