4328 6232
855 340 1055 398 serstorum
1073 341 1265 399 SELECTAE.
1302 345 1376 399 1247.
1885 351 1947 413 257

315 577 355 596 ..
383 521 429 595 in
457 522 727 616 Alohingen¹
755 528 797 597 et
825 577 864 598 ..
892 522 934 595 in
962 522 1181 598 Ahusen⁸²
1208 523 1449 597 abbatibus
1475 531 1517 597 et
1546 580 1584 597 ..
1613 525 1842 617 preposito
1870 529 1921 602 de

327 642 650 737 Wetenhysen³
678 643 854 718 ordinis
890 645 1034 718 sancti
1075 644 1320 735 Augustini
1359 643 1663 735 Augustensis
1701 646 1907 722 diocesis

400 776 500 857 Cum,
529 777 616 842 siout
641 798 684 841 ex
713 784 806 864 parto
836 776 947 841 dilecti
975 777 1032 840 filii
1062 777 1180 841 nobilis
1204 777 1264 840 viri
1288 775 1331 839 H.
1356 776 1485 839 comitis
1509 778 1643 861 palatini
1668 778 1708 842 de
1731 779 1946 866 Tuwingheu,

295 881 430 946 ecclesie
445 879 594 946 Romane
617 880 736 962 devoti,
759 882 822 946 tuit
836 881 1037 968 propositum
1055 902 1166 945 coram
1189 880 1292 959 nobis,
1317 928 1349 942 ..
1374 879 1484 944 abbati
1508 888 1540 944 et
1564 883 1735 946 conventui
1759 887 1947 949 monasterii

250 998 258 1036 ⁵
296 984 331 1049 de
352 983 545 1050 Blabureu⁴
568 982 692 1050 ordinis
716 985 822 1050 saneti
837 984 1007 1049 Benedicti
1025 984 1285 1049 Constantiensis
1310 984 1451 1047 diocesis
1475 1005 1574 1069 super
1595 987 1779 1071 provisione
1803 988 1945 1073 plurium

296 1087 507 1153 direxerimus
524 1089 647 1174 scripta
660 1096 784 1168 nostra,
800 1090 896 1153 certis
912 1109 1010 1175 super
1034 1089 1095 1152 hoo
1111 1088 1340 1153 executoribus
1357 1087 1537 1173 deputatis:
1562 1109 1632 1166 nos,
1657 1090 1805 1154 volentes
1821 1092 1946 1157 eisdem

298 1189 404 1255 abbati
420 1199 453 1256 et
470 1193 645 1257 conventui
660 1193 796 1257 obtentu
811 1194 929 1280 prefati
945 1194 1073 1258 comitis
1089 1195 1198 1274 faeere
1214 1193 1353 1278 gratiam
1371 1193 1556 1278 specialem,
1573 1194 1776 1271 mandamus,
1793 1198 1946 1280 quatinus

298 1296 524 1361 executoribus
547 1295 689 1378 eisdem,
717 1297 772 1382 qui
800 1318 898 1384 super
928 1297 1111 1362 huiusmodi
1140 1298 1324 1383 provisione
1347 1297 1490 1361 nondum
1514 1305 1758 1383 processerunt,
1790 1320 1832 1363 ex
1855 1308 1947 1386 parto

299 1404 404 1463 nostra
420 1399 596 1465 inhibeatis
613 1421 778 1488 expresse,
801 1409 839 1465 ut
862 1422 960 1486 super
983 1401 1096 1466 eadem
1113 1402 1301 1487 provisione
1325 1400 1364 1465 de
1381 1408 1489 1465 cetero
1512 1422 1576 1464 nou
1597 1401 1791 1487 procedant;
1816 1411 1945 1468 coutra-

248 1513 265 1550 Ν
301 1501 434 1568 dictores
444 1500 520 1570 ‘eta

398 1623 478 1690 Dat.
500 1623 662 1713 Lugduni,
684 1625 789 1692 Nouis
811 1627 901 1709 Maii,
924 1649 1009 1692 anno
1032 1627 1135 1693 1111⁵.

914 1857 1324 1866 —----——-——--

1076 2047 1162 2119 344.

396 2147 615 2246 Innocentius
629 2180 686 2245 IV
701 2203 790 2265 pope
813 2182 907 2246 Petro
929 2182 966 2246 de
989 2181 1154 2246 Sabuudia
1176 2181 1219 2245 orl
1235 2201 1344 2264 preces
1366 2183 1433 2246 eius
1456 2182 1608 2266 indulget,
1631 2189 1665 2247 ul
1690 2185 1724 2247 in
1746 2184 1947 2248 rreutrinmnio

293 2305 361 2351 eura
374 2285 533 2371 [Aeneia]
548 2289 627 2350 neto
639 2286 832 2371 [Ayrrronis]
846 2285 966 2351 clentini
979 2286 1017 2350 de
1032 2285 1218 2350 Fulciniaco
1233 2288 1397 2362 contrecto,
1413 2289 1526 2365 quarto
1546 2285 1830 2369 consanguinitatis
1843 2285 1947 2368 produ

293 2408 357 2452 nori
378 2387 526 2467 obnonta
548 2408 709 2453 remanere
727 2389 836 2469 possit.
1612 2393 1704 2467 1247,
1727 2390 1811 2455 Mei.
1829 2395 1859 2457 7.

397 2507 461 2561 Irus
481 2507 503 2561 1
506 2506 532 2560 V
547 2507 610 2577 Rea.
629 2507 684 2562 Vol.
703 2508 732 2576 I,
755 2515 819 2571 3923
841 2508 901 2562 Inb.
918 2508 969 2575 IV,
991 2515 1041 2562 711.
1077 2506 1228 2575 Ιῆιίεἰοῑαηι
1245 2522 1277 2559 ee
1297 2507 1415 2576 Repertis
1431 2507 1566 2576 descripsit
1589 2509 1619 2563 V.
1633 2509 1673 2564 Ol.
1691 2510 1725 2563 A.
1745 2509 1825 2564 Mau.

396 2598 497 2666 Bereer
507 2604 579 2653 2709.
611 2608 613 2612 '

679 2688 832 2763 Nobili
865 2689 965 2763 viro
997 2683 1163 2763 Petrob
1190 2690 1241 2762 de
1275 2689 1552 2764 Sabaudia⁰⁶.

400 2819 483 2885 Cum
507 2842 653 2886 summus
675 2822 823 2908 pontifex
846 2821 974 2887 collatis
997 2822 1059 2886 sibi
1088 2820 1121 2886 in
1144 2843 1286 2908 persona
1308 2822 1396 2886 beati
1412 2822 1502 2886 Petri
1523 2822 1565 2887 ab
1588 2844 1638 2899 oo,
1662 2825 1716 2908 qui
1733 2831 1846 2889 eterna
1868 2845 1945 2910 pro-

296 2923 439 2988 videntia
467 2925 601 2990 celestia
632 2925 728 2990 simul
762 2933 794 2990 et
821 2933 952 2990 terrena
981 2925 1139 3012 disponit,
1169 2926 1316 2990 clavibus
1345 2927 1437 3011 regni
1465 2926 1595 2990 celestis
1623 2926 1746 3011 ligandi
1776 2926 1944 2991 obtineat‘¹

296 3028 495 3113 pontificium
518 3035 551 3093 et
568 3029 724 3109 solvendi,
740 3051 983 3116 nonnunquam,
1001 3051 1100 3115 supra
1120 3031 1169 3093 ius
1186 3028 1226 3093 de
1242 3029 1309 3094 iure
1326 3030 1529 3115 dispensans,
1545 3032 1751 3095 necessitatis
1768 3029 1943 3108 vinculum,

294 3152 355 3216 quo
376 3131 419 3197 ad
439 3132 542 3218 ipsius
564 3132 643 3197 iuris
666 3132 907 3197 observantiam
931 3134 1039 3197 euneti
1054 3140 1215 3214 tenentur,
1239 3134 1329 3197 laxat
1348 3132 1482 3218 provido
1505 3133 1545 3196 do
1570 3154 1626 3196 suc
1643 3134 1813 3218 potestatis
1838 3132 1943 3219 pleni·

294 3234 404 3299 tudine
433 3235 540 3300 circa⁰
572 3234 743 3321 quosdam,
779 3257 852 3300 oum
882 3256 1001 3320 urgens
1032 3237 1211 3301 necessitas
1242 3236 1345 3320 exigit
1380 3237 1430 3299 vcl
1459 3234 1593 3300 evidens
1620 3236 1761 3316 utilitas,
1796 3236 1940 3299 maxime

295 3337 440 3424 publica,
463 3338 654 3425 persuadet,
679 3340 769 3403 nulla
790 3340 1024 3404 interveniente
1047 3341 1236 3425 acceptione
1261 3340 1405 3404 indebita
1427 3360 1655 3425 personarum,
1687 3341 1763 3424 quia
1796 3361 1861 3402 non
1894 3347 1944 3405 est

298 3441 510 3528 reputandum
533 3442 653 3507 deferri
676 3465 830 3529 persone,
860 3465 933 3509 cum
958 3466 1016 3530 pro
1041 3445 1112 3508 loco
1136 3451 1169 3507 et
1191 3451 1336 3530 tempore
1361 3464 1425 3506 non
1449 3443 1567 3529 privati
1592 3442 1648 3507 sed
1671 3443 1792 3527 publici
1817 3442 1943 3507 comodi

299 3545 414 3629 gratim
445 3552 479 3609 et
507 3547 677 3633 presertim
709 3545 809 3610 divini
838 3546 1098 3612 consideratione
1121 3548 1260 3625 servitii,
1292 3548 1464 3632 quicquam
1496 3547 1593 3611 alicui
1625 3546 1694 3609 sinc
1726 3546 1803 3610 iuris
1827 3545 1944 3610 iniuria

299 3646 491 3734 indulgetur.
536 3648 618 3714 Cum
641 3650 765 3736 itequo,
790 3649 930 3715 sicutte
953 3651 1122 3716 intimante
1145 3651 1347 3736 accepimus,
1371 3658 1406 3714 tu
1429 3671 1503 3714 cnm
1525 3648 1626 3713 nobili
1650 3649 1785 3713 muliere
1810 3698 1843 3714 ..
1867 3655 1945 3713 nata

300 3752 412 3816 nobilis
440 3752 501 3817 viri
533 3803 566 3819 ..
592 3752 715 3817 domini
743 3753 784 3817 de
813 3753 1035 3834 Fulciniacol,
1071 3761 1187 3839 quarto
1215 3753 1273 3818 tibi
1306 3755 1600 3840 consanguinitatis
1628 3753 1731 3838 gradu
1761 3754 1944 3831 coniuncta,

301 3856 533 3921 matrimonium
547 3857 678 3922 duxeris
696 3857 961 3937 contrahendum,
978 3879 1048 3938 nos,
1064 3860 1130 3922 tuis
1144 3858 1436 3944 supplicationibus
1451 3858 1605 3936 inclinati,
1619 3857 1765 3922 volentes
1776 3876 1945 3922 occurrere

302 3961 461 4043 perieulis,
485 3982 549 4046 que
571 3960 646 4024 oriri
665 3968 798 4046 possent
820 3969 856 4026 ut
871 3962 1001 4043 asseris,
1026 3963 1053 4025 si
1070 3963 1276 4046 contingeret
1299 3962 1382 4026 inter
1403 3968 1435 4024 to
1458 3968 1491 4025 et
1514 3961 1649 4026 candem
1672 3961 1813 4026 nobilem
1838 3958 1945 4023 divor-

300 4061 375 4127 tium
406 4063 579 4144 celebrari,
607 4071 643 4127 ut
668 4071 704 4127 tu
731 4071 764 4128 et
786 4063 933 4149 prodicta
956 4065 1075 4129 nobilis
1099 4066 1131 4130 in
1155 4066 1358 4129 matrimonio
1381 4065 1427 4128 sie
1451 4072 1617 4129 contracto
1641 4102 1679 4111 -
1704 4062 1808 4151 gradu
1832 4063 1945 4126 huius-

296 4165 382 4231 modi
414 4188 480 4231 non
513 4167 664 4232 obstante
694 4203 734 4216 -
767 4168 855 4232 licite
884 4190 1051 4234 remanere
1081 4170 1230 4255 possitis,
1264 4169 1459 4233 auctoritato
1488 4168 1687 4252 presentium
1728 4165 1945 4251 indulgemus.

292 4263 384 4335 Nulli
412 4291 490 4356 ergo
515 4279 577 4335 otc.
601 4277 711 4335 nostre
734 4272 952 4337 concessionis
976 4274 1056 4336 ete.⁸

401 4391 479 4456 Dat.
502 4392 666 4477 Lugduni,
689 4393 774 4459 Non.
797 4390 887 4472 Maii,
911 4414 997 4458 anno
1020 4392 1099 4459 IIII.

396 4554 443 4560 ..-
465 4555 496 4560 -.
514 4553 1292 4560 -—.-.—--..-.-—-...-—-—.--...-.—.-.-..-..-—...
1352 4553 1438 4559 ,....,-.
1462 4553 1472 4557 -
1505 4551 1680 4557 ..-ω-Ἀ..-
1712 4551 1750 4556 ..-,
1767 4549 1838 4558 ..—

398 4599 856 4737 ⁸)..iuulching1'ret..inribaeu
874 4655 905 4706 R.
925 4655 1016 4705 ΜΛΝ.
1087 4654 1378 4720 1>)ιιίιο..1ἰιιιο]ἰ.
1456 4655 1479 4717 ⁰)
1499 4654 1628 4705 Saudbdio
1646 4653 1678 4702 n.
1758 4649 1782 4715 d)
1796 4652 1895 4703 obtinet
1913 4651 1945 4702 n.

282 4741 449 4807 nenne.

399 4861 426 4928 1)
444 4859 596 4928 Elcbr'nyen
616 4875 648 4913 ee
668 4865 729 4927 sept.
756 4864 779 4912 et
800 4876 838 4912 or.
859 4860 906 4913 cio.
935 4859 1005 4914 Ulne.
1110 4861 1137 4925 2)
1157 4858 1428 4925 Itone-Aedronem,
1449 4859 1480 4911 in
1503 4859 1632 4912 venerumt.
1659 4857 1689 4912 0.
1706 4859 1741 4912 A.
1764 4857 1945 4912 Heidenlieirn.

279 4945 317 5012 3)
343 4944 531 4999 svmens
553 4961 587 4999 ae
605 4960 643 4998 or.
667 4945 713 4998 eir.
736 4945 814 5010 Ulm,·
835 4945 868 5010 os.
887 4963 913 4998 n.
934 4951 992 5000 188.
1108 4946 1136 5012 4)
1156 4945 1330 4999 Bleubeuren
1352 4959 1385 4998 ee
1406 4960 1457 4998 oce.
1483 4944 1529 4998 cia
1553 4943 1624 4998 Ulm.
1739 4945 1766 5011 5)
1786 4943 1843 4997 Sub
1860 4942 1946 4996 eodem

282 5033 336 5086 die
349 5032 501 5100 promerito
520 5032 642 5086 sedeciae
665 5031 697 5085 de
717 5031 814 5085 Irasulu
833 5031 1040 5086 (hrutontiensis
1061 5032 1169 5086 diocesis
1186 5032 1355 5100 significetui,
1377 5047 1403 5084 ee
1425 5030 1461 5083 ud
1474 5046 1565 5098 precra
1582 5030 1694 5084 eteoclem
1712 5030 1814 5084 marites
1828 5029 1946 5097 paletini

282 5118 388 5174 sidon
406 5119 494 5173 eblreti
509 5125 533 5173 et
544 5118 685 5172 oonmtui
695 5117 843 5186 indulsisse,
862 5125 893 5172 ut
909 5136 990 5186 quum
999 5120 1117 5186 priorem
1134 5119 1253 5187 aliorsum
1269 5119 1301 5171 de
1315 5119 1434 5186 imorum
1446 5117 1556 5170 eeclesiis
1569 5134 1659 5170 lucare
1670 5116 1840 5184 contingeret,
1859 5117 1947 5183 ipsein

287 5207 325 5259 ire
342 5214 412 5260 neue
424 5207 553 5275 proprios
569 5222 652 5274 usque
668 5206 707 5259 ud
718 5207 934 5274 quinorunniurn
950 5207 1061 5261 retinere
1078 5207 1199 5272 tuane,
1218 5205 1292 5273 eique
1308 5205 1452 5272 inundarit,
1471 5221 1505 5257 ae
1521 5220 1563 5257 ear
1580 5221 1660 5273 aupn
1676 5204 1723 5256 lroc
1742 5203 1873 5256 >edumei
1885 5219 1947 5271 per·

287 5292 419 5359 uiuam·
441 5292 583 5346 Wrirtemlr.
611 5291 643 5346 U.
662 5294 694 5346 B.
718 5298 735 5346 t.
750 5293 802 5362 IV,
822 5311 851 5361 p.
871 5301 929 5358 153,
954 5302 1074 5360 n.1091,·
1096 5309 1164 5360 quae
1184 5308 1221 5360 ep.
1246 5293 1277 5344 in
1303 5292 1364 5360 ltep.
1391 5309 1446 5346 non
1467 5297 1546 5345 ecurt
1655 5294 1683 5358 o)
1707 5289 1763 5343 Hic
1783 5289 1868 5353 frater
1890 5295 1947 5343 erat

291 5377 409 5433 Amce
423 5379 525 5433 oomnis
544 5379 707 5447 Suluudiee,
726 5381 774 5448 qui
786 5382 873 5449 paulo
890 5386 953 5435 arete
971 5381 1122 5449 temeratori
1139 5379 1337 5446 reooneiluctua,
1357 5381 1424 5447 Apr.
1442 5387 1472 5433 21
1488 5380 1575 5444 filiam
1597 5394 1675 5430 auum
1694 5376 1844 5430 Berurieern
1864 5375 1946 5427 Mun·

286 5463 369 5529 eido
383 5464 439 5532 filio
454 5465 512 5520 eius
528 5465 717 5535 despondnul:
734 5467 767 5533 cf.
787 5466 1021 5533 Bdbnaer-Fielrer,
1039 5467 1056 5521 l.
1075 5483 1095 5520 e.
1116 5472 1189 5521 3626.
1261 5467 1287 5531 l)
1307 5466 1337 5519 Ε
1352 5482 1412 5520 eren.
1432 5471 1455 5519 et
1471 5465 1574 5538 euna
1595 5463 1761 5518 Gerrecreresia.
1799 5462 1841 5515 De
1859 5461 1948 5516 eorleru

293 5549 330 5616 ς’.
349 5549 484 5620 Pdtlteet,
506 5550 572 5622 ma.
590 5559 684 5622 mod,
701 5561 789 5622 12390,
806 5561 884 5609 1250]
902 5553 948 5625 [es.
963 5570 992 5622 p.
1011 5560 1068 5621 251,
1087 5559 1141 5607 not.
1160 5554 1198 5624 2]‚
1216 5568 1285 5622 praue
1301 5568 1337 5621 ep.
1357 5552 1388 5604 in
1407 5551 1470 5619 ltey.
1489 5568 1546 5604 non
1563 5554 1662 5605 entant
1732 5553 1760 5618 ὃ)
1781 5547 1820 5615 Os.
1838 5547 1946 5602 nmilnn

183 5611 210 5655 ⁸
293 5636 411 5705 tem·
421 5652 461 5707 n
476 5652 507 5695 ι
522 5644 579 5697 m

401 5730 465 5793 h
1707 5732 1743 5788 33

183 4717 199 4754 ὗ
