4328 6232
758 322 806 375 EX
824 321 1049 376 innocensu-
1062 321 1100 375 IV
1118 321 1300 377 sufflaret)

986 620 1074 694 719.

304 731 523 825 Innocentius
543 758 598 823 IV
609 779 700 842 popo
722 757 828 842 fratri
852 759 1009 826 Willelmo
1037 758 1074 823 dc
1095 758 1182 823 bilsa
1212 760 1336 824 ordinis
1357 759 1617 828 Praedicatornm
1643 765 1795 845 mandat,
1825 772 1862 830 nt

198 862 423 943 redemptiones
444 865 474 925 et
494 861 690 926 obventiones
711 865 850 925 ootornm
879 863 1161 944 crucesienatornsn
1192 864 1229 926 in
1256 865 1430 929 snbsidinm
1455 866 1572 932 Terrae
1594 869 1733 935 Sanctae
1759 875 1790 934 et
1818 872 1863 935 od

198 965 254 1030 lroc
275 966 378 1048 lcpato
400 985 455 1030 son
476 966 587 1030 relicta
607 986 665 1046 per
686 985 816 1047 repnnnr
838 965 1056 1030 Alamanniae
1078 967 1204 1049 colligat
1230 971 1260 1030 et
1285 987 1382 1048 nsqae
1411 969 1455 1033 ad
1484 970 1710 1052 beneplacitum
1736 979 1861 1054 aposto

200 1069 295 1132 licam
316 1072 480 1134 conservet.
1401 1131 1403 1135 ,
1500 1076 1594 1152 1249,
1616 1075 1701 1138 Mai.
1719 1080 1771 1142 14.

304 1186 368 1240 Inn.
380 1187 430 1242 IV
443 1187 506 1257 aa.
525 1188 584 1243 Iab.
600 1188 647 1256 VI,
664 1187 739 1256 tlt,
757 1205 785 1242 n.
797 1195 851 1243 618.

304 1272 432 1342 Pottbast,
453 1274 518 1342 Ilm.
536 1281 626 1341 1363&
642 1273 742 1343 Beroer
758 1281 833 1329 4508.

404 1454 565 1526 Fratri
590 1454 830 1526 Willelmo
859 1453 913 1525 de
941 1451 1056 1524 Eika
1083 1451 1267 1524 ordinis
1292 1451 1658 1529 Predicatorum

762 1573 1047 1648 Leodiensis
1074 1572 1299 1647 diocesis

311 1721 474 1788 Gerontes
498 1724 538 1788 de
553 1730 609 1788 tue
626 1723 824 1788 sinceritatis
840 1731 873 1787 et
889 1721 1071 1787 devotionis
1089 1723 1274 1787 constantia
1289 1722 1442 1789 fiduciam
1457 1726 1491 1790 in
1506 1725 1647 1794 Domino
1664 1731 1861 1816 pleniorem,

203 1825 411 1909 mandamus,
443 1829 595 1913 quatinus
625 1828 870 1914 redemptiones
901 1833 936 1891 ct
962 1827 1177 1891 obventiones
1208 1847 1251 1916 ex
1280 1848 1473 1914 quacunque
1504 1851 1604 1895 causa
1625 1836 1860 1919 provenientes

201 1935 349 1993 votorum
373 1933 672 2016 crucesignatorum
696 1933 729 1996 iu
753 1930 933 1995 subsidium
956 1929 1059 1995 Terre
1084 1927 1221 2010 Sancte,
1253 1931 1308 2015 qui
1337 1939 1413 1996 sunt
1441 1953 1607 2020 pauperes
1636 1942 1670 2001 et
1696 1938 1861 2004 inhabiles

202 2032 244 2097 ad
267 2036 554 2117 transfretandum,
577 2057 705 2101 necnon
729 2035 770 2100 ad
793 2036 857 2100 hoc
872 2035 984 2120 legata
999 2054 1058 2121 seu
1075 2033 1192 2098 relicta
1208 2033 1261 2098 vel
1278 2035 1340 2099 elio
1357 2035 1453 2101 mode
1469 2058 1629 2103 concessa
1642 2061 1704 2126 per
1722 2062 1860 2128 regnum

201 2136 410 2204 Alammanie
432 2161 493 2226 per
515 2146 548 2204 te
570 2142 678 2228 ipsum
702 2145 735 2205 et
759 2140 841 2205 alios
864 2138 906 2203 ad
929 2139 991 2202 hoc
1018 2137 1157 2203 idoneos
1185 2137 1325 2204 fideliter
1357 2141 1493 2227 colligas
1522 2148 1556 2207 et
1583 2143 1695 2230 colligi
1725 2145 1859 2227 lacias¹,

201 2242 257 2308 illa
278 2264 384 2329 usque
415 2244 457 2309 ad
488 2250 636 2310 nostrum
662 2244 907 2330 beneplacitum
938 2241 999 2306 sub
1029 2241 1180 2307 custodia
1211 2241 1361 2327 diligenti
1391 2245 1623 2326 conservans²,
1654 2247 1859 2315 absolutior

203 2351 278 2411 vota
302 2348 406 2412 crucis
429 2370 490 2434 per
512 2356 545 2414 te
568 2349 674 2436 ipsum
699 2369 759 2413 seu
782 2368 843 2434 per
865 2346 955 2425 illos,
985 2365 1067 2431 quos
1090 2344 1133 2409 ad
1155 2345 1188 2409 id
1212 2345 1344 2410 duxeris
1368 2347 1590 2435 deputandos,
1619 2350 1858 2417 redimentibus

202 2451 312 2516 taliter
334 2459 410 2518 rota
436 2474 512 2531 sue,
543 2460 577 2518 et
603 2473 760 2518 concessa
787 2452 836 2516 eis
868 2450 926 2515 illa
955 2456 1166 2535 peccatorum
1190 2450 1300 2530 venia,
1330 2472 1393 2537 que
1424 2454 1672 2519 transeuntibus
1699 2457 1734 2520 in
1758 2455 1859 2523 Terre

205 2553 325 2620 Sancte
359 2556 541 2621 subsidium
569 2557 622 2622 rel
656 2557 686 2621 ei
720 2554 989 2620 subvenientibus
1022 2554 1055 2617 in
1091 2555 1239 2639 generali
1274 2555 1410 2620 concilio
1444 2563 1494 2622 est
1522 2577 1695 2639 concessa,
1724 2597 1768 2608 -
1796 2583 1860 2627 non

204 2659 410 2724 obstantibus
440 2661 621 2746 privilegiis
651 2665 707 2725 aut
735 2659 947 2745 indulgentiis
974 2677 1033 2722 seu
1061 2657 1261 2743 quibuslibet
1289 2661 1411 2725 litteris
1440 2682 1461 2725 a
1488 2661 1568 2728 sede
1596 2664 1780 2748 apostolica
1808 2666 1860 2731 vel

204 2763 275 2828 eius
298 2763 415 2849 legatis
439 2764 602 2829 obtentis·
619 2769 676 2828 aut
699 2764 799 2828 etiam
822 2760 1018 2840 obtinendis,
1041 2781 1184 2847 perque
1206 2760 1396 2826 huiusmodi
1418 2764 1568 2829 collectio
1585 2765 1738 2852 impediri
1755 2769 1860 2832 valeat

203 2868 257 2932 vel
285 2866 408 2932 differri
437 2872 472 2931 et
499 2866 539 2932 de
570 2868 689 2954 quibus
722 2866 900 2953 specialem
929 2870 986 2928 aut
1019 2885 1210 2950 expressam
1238 2864 1272 2928 in
1299 2866 1417 2931 litteris
1451 2869 1570 2933 nostris
1603 2875 1756 2955 oporteat
1787 2871 1856 2936 ficri

203 2970 403 3035 mentionem
433 2994 487 3044 -;
523 2970 780 3036 contradictores
810 2975 888 3044 etc.;
925 2966 1078 3053 quioquid
1111 2967 1229 3054 superb
1262 2967 1325 3033 hiis
1360 2968 1494 3035 duxeris
1529 2971 1732 3052 faciendum,
1767 2974 1859 3039 nobis

203 3074 347 3140 fideliter
368 3074 596 3160 rescripturus.

311 3194 388 3261 Det.
410 3192 576 3280 Lugduni,
599 3194 635 3260 II
657 3195 706 3260 Id.
730 3195 820 3275 Maii,
845 3213 931 3258 auno
946 3190 1019 3258 vr.

310 3312 350 3378 In
375 3313 517 3379 eundem
539 3314 671 3379 modum
694 3314 788 3379 tratri
806 3312 946 3377 Iohanni
968 3311 1009 3377 de
1026 3310 1149 3375 Disth⁸
1171 3311 1292 3377 ordinis
1307 3311 1470 3378 Minorum
1486 3311 1683 3378 Leodieusis
1707 3314 1860 3384 diocesis.

989 3799 1076 3875 710.

308 3907 527 4003 Innocentius
554 3937 610 4002 IV
629 3956 718 4019 papa
744 3935 908 4023 fratribus
934 3940 1119 4005 Minoribus
1144 3960 1203 4022 per
1234 3959 1365 4024 regnam
1392 3939 1611 4004 Alamanniae
1642 3938 1794 4015 nmndat,
1827 3940 1862 4002 nt

201 4039 364 4124 ferventer
386 4043 416 4104 et
436 4040 563 4106 ascidae
584 4045 695 4108 contra
716 4040 956 4129 F[ridesicnm]
976 4044 1134 4127 quasdam
1155 4043 1373 4124 imperatorem
1395 4062 1515 4107 enicem
1534 4042 1727 4123 praedicent.

1505 4145 1598 4223 1249,
1620 4143 1705 4209 Mat
1723 4148 1775 4210 14.

308 4262 371 4316 Ina.
384 4261 433 4316 IV
447 4263 512 4333 Rip.
531 4261 593 4317 lab.
612 4263 658 4333 Vt
674 4265 694 4332 t
708 4273 752 4332 45,
770 4282 798 4321 n.
810 4274 864 4321 519.
895 4264 1052 4332 campas,
1071 4263 1143 4332 qnod
1160 4264 1267 4332 Restm,
1286 4263 1346 4319 Alo.
1365 4280 1388 4318 o.
1401 4263 1466 4318 Bos.
1480 4281 1511 4332 p.
1525 4270 1576 4320 rar
1593 4262 1683 4332 sama,
1701 4263 1865 4318 murdim

205 4363 266 4401 cnm
286 4348 410 4418 Repertis.

309 4436 440 4506 Pottlrcst,
460 4436 525 4507 Rea.
538 4442 632 4506 13360,·
650 4437 747 4508 Berysr
763 4445 836 4494 4609.

462 4615 700 4691 Fratribus
726 4616 974 4690 Minoribus
1002 4637 1079 4708 per
1104 4637 1287 4708 regnum
1313 4615 1601 4691 Alammauie.

313 4763 490 4850 Cupientes
513 4770 551 4830 ut
573 4767 742 4850 negotium
766 4767 930 4850 generalis
954 4765 1105 4847 ecclesie,
1129 4765 1215 4852 quod
1238 4766 1428 4831 carissimus
1452 4766 1484 4830 in
1501 4763 1632 4830 Christo
1648 4765 1738 4832 filius
1755 4773 1868 4831 noster

205 4866 259 4931 W.
277 4888 336 4932 rex
350 4867 574 4934 Romanorum
590 4870 727 4934 illustris
749 4871 1006 4956 promovendum
1031 4870 1221 4955 assumpsit,
1246 4870 1409 4934 continuis
1432 4867 1531 4934 dante
1548 4868 1690 4933 Domino
1715 4869 1866 4957 proficiat

309 5109 334 5172 ⁸)
353 5108 472 5161 obtentas
490 5126 557 5161 corr.
575 5110 695 5162 obtentis.
783 5108 808 5175 b)
826 5111 948 5178 quicquid
965 5118 1052 5163 autem
1070 5127 1148 5179 super
1163 5109 1197 5162 B.
1226 5110 1314 5162 Etiam
1331 5114 1434 5179 sonno:
1451 5112 1573 5179 quicquid
1591 5118 1679 5164 autam
1695 5139 1724 5148 -
1739 5113 1866 5165 merium

204 5196 244 5247 bis
262 5196 324 5247 locis
341 5195 445 5261 saeptas
463 5197 582 5249 occurrit.

308 5331 335 5399 l)
355 5329 395 5397 Of.
418 5347 446 5386 n.
465 5338 518 5387 718.
612 5333 641 5400 2)
660 5333 735 5387 Haec
757 5349 796 5403 ep.
818 5351 836 5387 o
860 5333 992 5387 Willdsno
1015 5332 1046 5386 de
1068 5332 1157 5402 Elisa,
1184 5338 1216 5387 nt
1239 5333 1288 5387 abi
1309 5332 1464 5400 moderetur,
1488 5332 1677 5402 marcionistis
1700 5330 1867 5386 mermes·

203 5415 484 5486 monstraridebobot5
506 5417 1166 5488 sodatiidenscirentpoonnmmitooollestam
1185 5419 1866 5490 Widdmompimmbrmtnmimpopanalniue

203 5503 331 5657 {smera
343 5504 500 5645 ἴωαωατίω
526 5520 588 5559 asra
611 5505 775 5562 Insdmes'cm
792 5507 844 5561 IX
864 5522 912 5561 rea
935 5505 1073 5561 Franciac
1099 5507 1131 5561 in
1151 5507 1276 5577 paneas
1300 5506 1506 5561 Transmarinis
1529 5511 1586 5560 tans
1609 5510 1692 5572 ossen·
1717 5505 1751 5572 cs.
1769 5510 1861 5560 nm.
