4328 6232
809 361 1096 465 uxslnnocen'rfl
1114 362 1152 417 IV
1172 361 1353 418 REGISTRO

1021 569 1148 636 XXIX.

357 658 576 751 Innocentius
588 685 608 748 1
615 683 736 764 Vpapa
751 683 993 766 ar·cleicpiscopis
1003 686 1032 747 ct
1043 682 1120 747 aliis
1130 681 1289 766 praculis
1300 682 1440 760 Tusciae,
1455 686 1613 747 terrarum
1625 683 1771 747 cmdsiuc
1783 686 1813 748 ct
1827 683 1915 765 reperi

255 790 387 855 Siciliae
414 787 561 865 inundat,
591 790 627 850 ut
652 786 795 867 quotiens
822 808 844 850 u
867 783 995 870 P[ctro]
1017 785 1177 850 cardinali
1203 785 1303 868 lcpato
1329 785 1475 866 requisiti
1500 783 1637 865 suenni,
1669 785 1817 850 adocias
1838 805 1915 850 erues

253 913 421 975 minaequc
444 893 525 957 bona
542 910 605 972 pro
623 889 830 970 proniovcndo
851 890 972 972 riepotic
994 888 1137 953 oedcsiuc
1158 891 1188 952 ct
1210 887 1336 969 imperii
1357 887 1500 970 atinent.
1565 890 1660 965 1249,
1682 889 1764 969 Api.
1779 892 1835 953 21.

360 1013 422 1066 Irin
439 1012 487 1066 IV
502 1011 568 1080 aa.
586 1010 646 1065 aa.
664 1010 710 1079 VI,
727 1011 748 1076 s.
763 1019 801 1078 71,
820 1026 876 1065 cur.
893 1018 973 1066 n.66.
1006 1009 1174 1064 (huminous
1195 1009 1266 1062 bunc
1286 1009 1425 1078 effluamus
1446 1025 1506 1063 aiu
1523 1024 1562 1077 ep.
1579 1015 1671 1064 n.310
1682 1007 1738 1081 [1],
1763 1024 1835 1077 quae
1856 1024 1916 1063 arn

255 1116 286 1153 ca
303 1098 455 1153 monada.
1411 1139 1413 1143 .

361 1183 492 1251 Potthast,
513 1184 681 1253 Rep.13737;
701 1184 800 1253 Berper
815 1189 886 1236 4727.

394 1403 434 1420 ..
461 1345 814 1437 archiepiscopis
840 1350 884 1419 ct
911 1344 1138 1437 episcopis
1167 1349 1229 1418 el³
1255 1345 1514 1433 abbatibuS,
1548 1345 1779 1437 prioribus

258 1467 454 1560 aliisque
480 1466 673 1558 prelatis
700 1465 1005 1554 eeclesiarum,
1033 1471 1124 1538 tam
1155 1466 1380 1557 exemptis
1406 1487 1536 1558 quam
1562 1486 1651 1538 non
1679 1465 1916 1556 exemptis

344 1609 420 1680 per
444 1587 668 1675 Tusciam,
695 1586 946 1661 marchiam
974 1586 1318 1676 Anconitanam,
1346 1588 1557 1661 ducatum
1585 1586 1759 1678 Spoleti
1787 1591 1832 1660 el

446 1707 767 1782 Patrimonium
796 1707 914 1781 beati
942 1706 1080 1795 Petri,
1109 1706 1413 1800 Campaniam,
1440 1707 1720 1796 Maritimam,

574 1827 833 1902 Romaniam
862 1834 904 1901 et
932 1849 1116 1920 regnum
1143 1827 1300 1902 Sicilie
1328 1827 1601 1901 constitutis,

366 1960 448 2024 Cum
479 1960 632 2025 dilectum
661 1960 765 2024 tilium
799 1967 945 2025 nostrum
977 1959 1014 2024 P.
1039 1958 1152 2024 Sancti
1179 1959 1313 2045 Georgii
1343 1959 1384 2024 ad
1406 1958 1527 2025 Velum
1560 1959 1707 2025 Aureum
1741 1958 1915 2026 ffiaconum

258 2063 474 2143 cardinalem,
515 2063 695 2150 apostolice
731 2062 819 2127 sedis
853 2062 1030 2148 legatumb,
1054 2063 1169 2155 ,virum
1204 2063 1317 2147 utiquc
1350 2062 1487 2127 scientia
1523 2061 1702 2149 preditum,
1741 2063 1916 2128 honestate

258 2166 411 2232 decorum
436 2173 470 2232 et
490 2168 524 2231 in
547 2167 694 2231 consiliis
717 2167 1000 2251 circumspectum,
1024 2165 1067 2230 ad
1090 2174 1201 2251 partes
1218 2165 1326 2243 italie,
1350 2167 1521 2230 commisso
1546 2166 1608 2230 sibi
1623 2167 1724 2253 plene
1740 2167 1916 2252 legationis

258 2273 377 2353 officio,
408 2293 465 2357 pro
489 2271 629 2336 ecclesie
652 2292 690 2335 ac
712 2271 840 2357 imperii
865 2267 1044 2358 [negotio]⁰
1067 2269 1287 2334 destinemus:
1319 2270 1567 2334 universitatem
1590 2277 1735 2334 vestram
1758 2291 1915 2355 rogamus

259 2382 293 2441 et
316 2376 484 2440 hortamur
507 2381 642 2455 attente,
667 2375 860 2440 mandantes
883 2375 1037 2461 quatinus
1063 2374 1221 2439 ecclesias
1237 2383 1364 2439 vestras
1388 2374 1589 2461 earumqued
1611 2374 1699 2440 bona
1721 2396 1782 2463 pro
1799 2375 1915 2441 eodem

258 2479 391 2563 negotio
423 2477 661 2566 promovendo,
692 2479 843 2564 quotiens
873 2500 893 2543 a
923 2479 1050 2564 prefato
1081 2477 1237 2542 cardinali
1266 2478 1413 2562 requisiti
1440 2478 1584 2556 fueritis,
1619 2479 1691 2543 sine
1721 2477 1917 2544 difficultate

260 2582 408 2668 qualibet
445 2583 609 2667 obligetis.
664 2582 873 2647 Presentium
908 2582 1016 2646 enim⁰
1053 2589 1167 2647 tencre
1201 2582 1438 2666 promittimus,
1474 2581 1580 2667 quaes
1612 2603 1670 2647 vos
1710 2589 1745 2647 et
1780 2583 1916 2650 eusdem

259 2688 416 2753 ecclesias
448 2688 578 2751 omnino
609 2686 801 2772 indempnes
832 2685 1035 2751 servabimus
1059 2687 1092 2750 in
1120 2686 1182 2750 hac
1216 2693 1310 2769 parte
1345 2707 1384 2750 ac
1413 2706 1479 2749 una
1506 2685 1760 2751 cumfratribus
1785 2688 1916 2767 nostris,

259 2790 434 2877 quicquid*³
467 2813 540 2854 eum
573 2791 721 2876 predicto
756 2790 913 2854 cardinali
947 2788 1185 2876 disponendum
1220 2811 1279 2854 seu
1314 2789 1528 2855 ordinandum
1567 2790 1746 2868 duxeritis,
1787 2791 1916 2855 firmum

260 2892 452 2958 habebimus
477 2903 511 2958 et
526 2899 707 2979 acceptum,
731 2902 765 2957 et
781 2914 840 2957 nos
857 2893 887 2957 ei
905 2892 1114 2983 promittendi
1129 2893 1192 2957 hoc
1209 2893 1302 2957 vobis
1317 2893 1448 2977 plenam
1466 2893 1686 2958 concessimus
1702 2901 1916 2980 potestatem.

368 2996 446 3061 Dat.
469 3005 636 3084 utsupra.

1032 3117 1140 3182 XXX.

365 3203 583 3296 Innocentius
604 3228 659 3293 IV
672 3251 762 3311 papir
791 3229 905 3293 abacia
932 3230 1076 3308 rescindat,
1104 3217 1149 3293 nt‘
1163 3230 1265 3314 strido
1291 3235 1320 3293 ct
1350 3230 1497 3310 malicia
1528 3231 1735 3295 armassem
1764 3229 1918 3294 irrdccotis

259 3334 414 3417 auferant
435 3337 463 3397 ct
485 3332 522 3397 dc
545 3333 675 3398 consilio
698 3332 822 3416 Pura
844 3333 1021 3397 cardonetis
1043 3333 1137 3415 lopati
1158 3334 1274 3397 devotis
1296 3333 1472 3417 corifcrcnt.
1561 3337 1655 3413 1249,
1677 3333 1761 3414 Apu.
1778 3337 1832 3398 21.

364 3453 428 3506 Ince.
443 3453 464 3506 I
466 3452 490 3506 V
508 3452 570 3521 nep.
589 3451 649 3506 Lib.
665 3451 714 3516 VI,
730 3453 751 3517 f.
767 3459 804 3519 71,
822 3467 877 3505 cler.
895 3470 923 3505 u.
935 3460 974 3506 67.
1009 3453 1174 3507 matutinas
1195 3453 1265 3507 lianc
1287 3453 1422 3520 φὶείοῐαυι
1442 3468 1501 3506 anri
1522 3470 1562 3521 ep.
1580 3460 1671 3509 n.308
1687 3453 1742 3524 [1],
1765 3469 1837 3521 quoe
1857 3471 1917 3508 cun

260 3555 290 3592 ω
308 3538 493 3692 Ἢ,
515 3625 578 3694 lta.
592 3631 691 3692 131311,-
709 3626 806 3694 Repu
824 3632 897 3679 4728.

984 3703 1189 3776 Eisdem.

369 3835 474 3899 Recte
509 3835 777 3899 considerationis
812 3835 965 3898 examine
999 3834 1083 3898 libra
1117 3834 1316 3920 presidentis
1350 3834 1557 3922 appenditur,
1595 3856 1669 3899 cum
1710 3835 1918 3901 subditorum

262 3941 380 4004 merita
403 3939 448 4003 sie
481 3940 566 4003 iusta
596 3938 810 4004 extimatione
838 3945 1028 4023 pensantur,
1061 3945 1096 4002 ut
1126 3927 1318 4003 devotorum
1347 3939 1513 4025 ohsequiis
1541 3938 1712 4004 retributio
1740 3938 1843 4025 digna
1865 3963 1916 4006 re-

264 4043 426 4129 spondeat
449 4048 482 4106 et
505 4042 671 4127 obprobrii
695 4063 781 4127 pena
805 4043 956 4127 perpetui
981 4041 1161 4106 infidelium
1186 4041 1291 4106 collo¹¹
1314 4048 1450 4127 premat.
1498 4042 1552 4106 Sic
1576 4041 1663 4106 enim
1685 4042 1718 4105 in
1748 4043 1918 4109 beneficiis

263 4148 421 4211 bonorum
437 4147 548 4232 plures
565 4146 606 4209 ad
624 4146 779 4210 virtutum
804 4147 919 4210 merita
943 4146 1113 4230 eriguntur
1136 4152 1170 4211 ct
1193 4146 1225 4209 in
1249 4166 1423 4232 pravorum
1445 4145 1540 4232 penis
1564 4146 1683 4210 ceteris
1707 4144 1918 4232 delinquendi

262 4249 399 4315 audacia
421 4248 622 4335 prohibetur.
669 4247 751 4314 Cum
776 4249 896 4333 itaque,
925 4249 1010 4311 sicut
1034 4249 1233 4333 accepimus,
1261 4249 1408 4312 nonnulli
1433 4249 1545 4313 cleriei
1568 4256 1603 4313 et
1623 4249 1699 4313 laici
1722 4249 1743 4313 a
1767 4250 1864 4316 vobis
1886 4260 1920 4317 et

262 4355 379 4419 vestris
403 4354 551 4419 ecclesiis
574 4352 674 4418 feuda
696 4360 730 4416 et
753 4352 977 4417 ecclesiastica
999 4351 1161 4416 beneficia
1177 4352 1364 4417 obtinentes
1380 4352 1571 4418 adheserint
1586 4357 1620 4416 et
1634 4351 1742 4418 adhuc
1758 4355 1919 4421 adherere

262 4464 453 4544 presumant
468 4457 504 4521 F.
521 4457 700 4542 quondam*
717 4457 905 4542 imperatori
923 4464 956 4521 ct
973 4454 1124 4520 Conrado
1148 4464 1224 4521 nato
1249 4457 1331 4532 eius,
1356 4457 1621 4542 persecutoribus
1645 4457 1789 4524 ecclesie
1811 4459 1916 4524 mani·

262 4561 368 4640 lestis,
398 4561 547 4626 volumus
572 4570 605 4625 et
628 4562 832 4647 presentium
855 4560 946 4623 vobis
970 4561 1167 4625 auctoritate
1190 4560 1336 4625 districte
1359 4559 1572 4646 precipiendo
1600 4559 1808 4642 mandamus,
1837 4584 1916 4650 qua·

264 4663 351 4727 tinus
374 4662 475 4727 feuda
497 4671 531 4728 et
552 4664 714 4755 beneficia
737 4663 809 4749 ipsa
833 4664 881 4728 eis
905 4663 1035 4726 aul'errc
1057 4684 1095 4727 aa
1120 4663 1235 4728 eadem
1259 4664 1332 4727 aliis
1355 4663 1518 4741 fidelibus,
1548 4663 1675 4729 devotis
1698 4664 1854 4747 ecclesie,
1877 4665 1917 4732 de

262 4766 425 4830 consilio¹K
458 4767 570 4833 dilecti
599 4768 653 4831 tilii
686 4768 786 4832 nostri
818 4768 854 4831 P.
879 4766 991 4831 Sancti
1015 4766 1151 4852 Georgii
1180 4767 1221 4831 ad
1244 4767 1363 4832 Velum
1393 4768 1541 4832 Aureum
1572 4766 1699 4832 diaconi
1731 4768 1918 4849 cardinalis,

262 4871 441 4955 apostolice
473 4871 560 4935 sedis
588 4872 702 4956 legati,
741 4871 889 4936 conferre
919 4872 1051 4936 curetis.
1103 4870 1258 4957 Alioquin
1289 4870 1395 4936 cidem
1426 4873 1533 4957 legato
1566 4871 1683 4936 litteris
1717 4872 1842 4938 nostris
1869 4875 1917 4939 in·

261 4974 435 5058 iungimus,
457 4982 493 5039 ut
516 4975 586 5060 ipsc
611 4996 710 5062 super
732 4976 793 5040 hoc
817 4975 1006 5041 mandatum
1030 4974 1243 5061 apostolicum
1267 4981 1467 5060 exequatar3
1491 4974 1752 5041 contradictores
1776 4976 1861 5043 etc.¹.

371 5085 446 5152 Dat.
470 5095 506 5151 ut
529 5109 638 5174 supro.

366 5312 389 5375 ⁸)
407 5320 433 5363 ct
450 5314 477 5363 in
495 5331 577 5379 usurp.
596 5330 723 5378 superior.
742 5314 810 5365 deest
827 5315 854 5364 iu
873 5315 961 5365 rutro.
1068 5313 1091 5376 b)
1109 5315 1187 5365 uerba
1204 5332 1245 5381 sp.
1264 5331 1299 5365 se.
1318 5315 1350 5365 le.
1369 5314 1494 5365 (leonini.
1595 5314 1618 5376 c)
1638 5320 1652 5364 1
1661 5331 1669 5369 .’
1685 5316 1791 5382 negotio
1808 5315 1876 5367 decet
1887 5314 1918 5364 R.

262 5396 287 5462 d)
308 5405 333 5458 1,·
351 5416 490 5464 eorumque
508 5399 540 5450 n.
649 5405 672 5464 θ)
692 5406 721 5457 1,·
740 5402 787 5451 tibi
805 5400 836 5451 ll.
946 5399 965 5463 f)
986 5408 1010 5460 1;
1028 5418 1093 5466 quos
1111 5399 1143 5450 R.
1253 5400 1279 5460 Β)
1297 5401 1420 5466 quicquid
1441 5401 1573 5466 repetimus
1590 5407 1614 5451 ct
1626 5400 1733 5465 pariens
1749 5400 1860 5452 ἀοὶοαωι
1876 5407 1918 5451 est·

262 5481 288 5548 ΙΙ)
305 5492 331 5544 1,·
352 5485 428 5536 corda
450 5484 480 5536 ll.
594 5485 611 5549 ἰ)
630 5488 802 5538 Romanorum
821 5486 884 5537 ruo.
898 5493 920 5536 1.
1034 5484 1059 5552 ιι)
1078 5495 1104 5538 et
1121 5487 1282 5554 herisplccito
1299 5486 1362 5537 odd.
1382 5492 1402 5537 1.
1519 5483 1538 5546 ¹)
1556 5485 1635 5538 saba
1652 5487 1852 5539 namucum
1869 5494 1913 5538 cte

262 5570 290 5620 iu
308 5575 322 5620 1
335 5578 397 5636 post
413 5571 509 5623 curetis
527 5573 655 5639 kaurida,
677 5571 722 5622 ati
744 5572 820 5624 eliam
840 5572 869 5622 in
889 5571 1032 5624 autimrtico
1056 5571 1132 5622 truita
1149 5588 1188 5638 ep.
1206 5588 1238 5623 ea
1250 5572 1339 5639 poena
1350 5571 1436 5639 fidere
1454 5571 1590 5623 aeduum.
1624 5569 1757 5624 Fomenta
1774 5574 1802 5625 in
1818 5573 1911 5624 amm

262 5654 334 5706 initio
352 5655 455 5720 mensu,
467 5666 561 5724 poem
577 5665 704 5712 annotutu
720 5665 744 5710 et
761 5659 817 5710 loce
833 5657 904 5722 falso
922 5657 1062 5725 capistrata
1078 5657 1191 5720 videtum
1207 5659 1243 5726 cf.
1260 5675 1288 5710 u.
1298 5661 1332 5712 68
1348 5665 1371 5711 ct
1387 5661 1447 5711 346.
