4328 6232
758 277 803 333 EX
822 276 1039 333 INNOOENTII
1058 277 1096 332 IV
1115 277 1296 335 nuclstno

984 579 1072 653 143.

316 697 516 801 Clatuuu,
551 723 666 805 quibus
697 721 795 787 obbas
822 719 934 786 Suuctt
961 718 1110 803 Prosperi
1137 718 1254 800 chiut
1286 721 1315 781 ot
1346 719 1475 799 quidum
1510 721 1572 785 olii
1598 741 1660 805 per
1686 719 1862 786 Mortuum

199 830 342 894 ecclesius
363 827 527 892 Roruuuue
548 827 836 892 uicecuucctturima
858 848 889 889 o.
906 826 1000 901 1246,
1023 823 1107 907 Sept.
1126 827 1180 900 11,
1206 821 1271 890 Oct.
1291 826 1314 886 2
1335 827 1365 887 ct
1386 827 1429 889 12
1449 824 1494 888 ud
1519 826 1736 908 praesentium
1754 846 1864 909 popae

200 932 300 996 uocott
322 935 406 996 suut.

305 1050 371 1105 qu.
385 1049 435 1103 IV
452 1049 515 1118 Req.
534 1048 628 1117 your,
646 1053 708 1113 3285
726 1047 786 1102 Iob.
800 1047 852 1115 Ν,
872 1055 926 1102 149.

305 1137 401 1204 Berqcr
412 1143 484 1190 2144.

203 1315 374 1390 Citatio
409 1316 536 1389 facta
568 1316 613 1389 in
646 1313 837 1407 publica
864 1312 1129 1387 audientia¹
1157 1369 1195 1388 ..
1224 1313 1416 1387 abbatis
1442 1313 1604 1388 Sancti
1631 1313 1861 1407 Prosperi

629 1435 799 1528 Regini
827 1440 870 1509 et
897 1435 1195 1526 quorundam
1222 1433 1435 1509 aliorum.

310 1585 469 1650 Dominus
503 1585 649 1650 Marinus
690 1591 900 1650 sacrosancte
935 1584 1084 1649 Romane
1124 1583 1264 1649 ecclesie
1298 1584 1592 1650 vicecancellarius
1624 1585 1666 1650 de
1703 1586 1860 1651 mandato

202 1688 325 1752 domini
349 1711 432 1775 pape
448 1689 502 1752 III
524 1688 603 1753 Idus
621 1688 835 1774 Septembris,
859 1687 1067 1773 pontificatus
1091 1686 1238 1752 eiusdem
1254 1686 1376 1750 domini
1391 1708 1478 1773 pape
1494 1679 1578 1752 anno
1595 1688 1655 1769 lv,
1679 1691 1712 1753 in
1729 1691 1859 1776 publica

204 1791 372 1856 audientia
406 1793 518 1857 citavit
549 1792 610 1857 sub
640 1812 727 1877 pena
755 1790 970 1877 depositionis
994 1839 1002 1854 .
1024 1840 1031 1854 .
1055 1790 1209 1855 abbatem
1237 1788 1349 1855 Sancti
1377 1790 1531 1877 Prosperi
1559 1790 1694 1878 Regini,
1720 1844 1729 1860 .
1751 1843 1759 1859 .
1781 1816 1857 1881 pre-

203 1895 346 1981 positum
364 1896 476 1961 Sancti
491 1895 646 1981 Prosperi
670 1894 710 1960 dc
735 1895 868 1960 castello
884 1894 1025 1979 Regino,
1049 1942 1057 1957 .
1074 1941 1082 1957 .
1098 1893 1417 1979 archipresbyterum
1434 1893 1474 1959 de
1492 1893 1709 1982 Oampiliola²
1725 1899 1857 1961 canoni·

204 2019 277 2063 cum
300 1998 481 2083 Reginum,
510 1999 708 2084 Phylippum
738 1997 779 2063 de
805 1997 893 2063 Saxo
923 1998 1242 2084 archipresbyterum
1272 1997 1313 2063 ds
1336 1997 1534 2079 Herberia³,
1565 1998 1792 2066 Guillielmum
1819 2001 1857 2066 de

203 2103 325 2191 Apulia
348 2105 540 2169 canonicum
564 2102 739 2188 Reginum,
764 2102 1135 2188 ..archipresbyterum
1158 2101 1199 2166 de
1223 2101 1397 2182 Munatius,
1422 2103 1797 2190 ..archipresbyterum
1818 2105 1858 2169 de

203 2207 378 2289 Fabrica⁴,
406 2206 585 2292 Hugouem
616 2206 738 2272 dictum
762 2207 854 2293 Papa
882 2206 1204 2292 archipresbyterum
1228 2205 1269 2270 do
1291 2206 1466 2287 Bibiano⁵,
1490 2209 1858 2296 ..archipresbyterum

203 2311 244 2375 de
270 2311 546 2392 concutiunt,
571 2311 947 2397 ..archipresbyterum
977 2310 1017 2375 dc
1039 2309 1191 2390 Bartolo,
1215 2359 1222 2373 .
1247 2358 1254 2374 .
1277 2310 1598 2397 archipresbyterum
1621 2312 1663 2377 de
1687 2313 1856 2380 Sucerial.
1902 2351 1904 2360 .

206 2415 412 2481 ..abbatem
437 2415 477 2481 de
495 2414 648 2481 Oarsnna
664 2416 854 2482 Parmensis
878 2415 1029 2496 diocesis,
1051 2421 1089 2479 ut
1111 2413 1152 2479 ad
1174 2415 1295 2479 festum
1319 2417 1423 2480 sancti
1448 2416 1582 2482 Martini
1606 2417 1758 2504 proximo
1780 2439 1858 2483 ven-

204 2527 311 2584 turum
337 2526 566 2606 representent
590 2543 625 2586 se
649 2543 760 2586 coram
784 2519 870 2584 dicto
893 2519 1023 2583 domino
1047 2539 1143 2605 papa.

313 2640 437 2705 Iterum
462 2641 573 2704 citavit
596 2663 652 2706 eos
676 2643 710 2706 in
731 2642 864 2728 publicu
888 2640 1055 2705 audientia
1075 2639 1123 2703 VI
1146 2637 1260 2703 Nonas
1284 2638 1454 2723 Octobris,
1484 2649 1517 2705 et
1544 2642 1641 2706 tertio
1672 2643 1785 2707 citavit
1807 2663 1860 2706 cos

206 2744 237 2807 in
261 2743 394 2829 publica
416 2743 584 2808 audientia
606 2744 676 2808 IIII
698 2745 776 2810 Idus
799 2743 963 2809 Octobris.

829 2987 1240 2998 ,m

993 3233 1080 3307 ult.

313 3346 532 3441 Inuum
547 3372 604 3439 ru
611 3393 702 3458 papa
722 3371 908 3458 [Patrem]
929 3374 1021 3439 tacu
1042 3374 1256 3452 curamue,
1278 3375 1464 3459 apostoticae
1486 3373 1569 3440 suu
1592 3374 1701 3458 equo,
1723 3375 1864 3455 manos,

205 3481 241 3541 ut
262 3478 525 3559 quotienscunque
545 3479 716 3560 requisitus
725 3477 837 3563 fuerit,
859 3477 1035 3562 [chrr'co]
1045 3481 1226 3563 praeposito
1242 3479 1435 3544 Troiertcusi
1448 3483 1479 3544 ct
1491 3478 1652 3545 Χαπὶεηεί
1666 3498 1763 3561 super
1778 3480 1866 3546 benc·

204 3580 296 3662 fectis,
312 3601 392 3661 quac
404 3581 440 3644 tu
454 3600 549 3663 roquo
562 3580 732 3645 Teutouiuc
745 3580 891 3659 obtineat,
906 3582 1091 3646 auctoritate
1106 3582 1276 3664 apostolico
1289 3584 1431 3649 iustitiae
1445 3585 1698 3668 complementum
1712 3583 1866 3650 uacus.

1505 3688 1600 3767 1246,
1622 3686 1710 3771 Sept.
1724 3688 1778 3752 27.

313 3769 377 3823 rua.
393 3768 443 3825 ry
457 3769 522 3840 aq.
540 3769 594 3826 uo.
607 3770 633 3839 1,
645 3775 707 3835 mu·
725 3769 784 3825 nt.
798 3768 853 3839 IV,
866 3777 919 3825 ιω.

316 3856 416 3926 Berqer
427 3863 499 3913 2109.

450 4044 488 4061 ..
517 3988 663 4061 electo
690 3986 992 4076 Ferrariensi‚
1019 3986 1275 4079 apostolice
1301 3986 1429 4062 sedis
1455 3987 1628 4080 legato,

317 4132 502 4201 Turbamur
524 4136 698 4221 plurimum
723 4143 757 4200 et
778 4156 957 4215 movemur,
987 4156 1059 4199 cum
1088 4135 1189 4220 aliqui
1218 4135 1365 4200 ecclesiis
1394 4142 1428 4199 et
1457 4137 1608 4222 personis
1632 4137 1868 4202 ecelesiasticis

210 4239 381 4304 molestias
412 4239 532 4304 inferre
562 4245 770 4325 presumunt,
802 4238 861 4303 sed
892 4239 1023 4324 gravius
1052 4260 1117 4303 non
1146 4239 1306 4303 immerito
1335 4259 1559 4324 provocamur,
1590 4239 1617 4304 si
1646 4239 1806 4306 officiales
1834 4246 1868 4305 et

211 4343 388 4409 familiares
417 4342 535 4422 nostri,
570 4344 743 4429 presertim
773 4344 821 4408 illi
852 4365 934 4429 quos
964 4364 1022 4407 sue
1051 4343 1234 4408 nobilitatis
1264 4350 1298 4407 et
1326 4344 1499 4430 probitatis
1529 4345 1667 4410 obtentu
1697 4346 1806 4431 gretia
1834 4352 1868 4410 st

210 4449 322 4513 favore
346 4445 495 4530 ampliori
517 4446 762 4533 prosequimur,
791 4446 832 4511 ab
856 4446 1019 4531 aliquibus
1042 4445 1265 4524 offendantur,
1294 4468 1382 4528 oum,
1413 4454 1535 4533 quanto
1558 4450 1664 4533 magis
1688 4451 1868 4514 nostriset

211 4549 392 4637 apostolice
422 4549 511 4614 sedis
541 4549 696 4614 insistunt
726 4550 907 4635 obsequiis,
940 4555 1033 4615 tanto
1067 4550 1132 4614 sint
1161 4550 1202 4615 ab
1232 4551 1304 4615 aliis
1338 4552 1448 4637 potius
1478 4551 1659 4617 honorandi
1689 4558 1724 4618 et
1754 4553 1871 4618 fortius

212 4675 326 4721 eorum
349 4654 466 4718 iniurie
490 4674 548 4718 nos
572 4655 774 4739 contingant.
814 4651 897 4719 Cum
920 4655 1032 4741 itaque
1056 4653 1194 4720 dilectus
1217 4655 1305 4719 filius
1330 4703 1363 4721 ..
1385 4657 1571 4743 prepositus
1587 4655 1814 4723 Traieetsnsis
1837 4664 1871 4722 et

211 4756 419 4836 Xauctensis,
442 4756 633 4842 capellanus
656 4763 768 4822 noster
778 4757 801 4838 ⁸,
830 4759 913 4822 sicut
936 4779 975 4824 eo
998 4758 1163 4824 referente
1187 4760 1385 4845 accepimus,
1415 4781 1514 4847 super
1535 4760 1720 4843 beneficiis,
1749 4782 1815 4848 que
1837 4761 1871 4826 in

316 4984 342 5048 l)
360 4981 415 5035 His
432 4980 514 5034 turbio
532 4982 603 5035 locus
625 4981 737 5050 quidum
757 4981 861 5050 densus,
884 4983 915 5036 in
937 5000 992 5051 quo
1009 4999 1086 5052 popo
1108 4982 1248 5051 residebat,
1271 4984 1436 5052 ciqrsifioutus
1458 4998 1511 5038 esse
1531 4982 1649 5049 titutum
1671 4985 1706 5052 cs.
1725 4984 1870 5056 Drsoouqc,

214 5069 297 5123 Glosa.
316 5067 354 5123 ud.
373 5067 407 5122 L.
420 5068 510 5122 Fuere
525 5069 575 5123 sub
591 5069 666 5122 uerbo
685 5069 840 5123 ‘audiunto'
858 5088 885 5123 u.
898 5078 922 5138 8,
940 5076 964 5124 ct
981 5082 1029 5126 er
1047 5072 1078 5125 tu
1096 5070 1173 5125 Olera
1191 5070 1498 5143 deiudr'cttsllab.11]
1516 5076 1540 5125 et
1556 5087 1577 5126 c.
1595 5088 1642 5124 usa
1662 5072 1694 5124 tu
1706 5071 1823 5127 Eutror.
1839 5071 1870 5126 dc

211 5155 270 5209 cloto
286 5162 310 5209 et
326 5160 395 5209 oout.
414 5154 489 5225 [lab.
504 5155 560 5225 111,
578 5155 626 5209 ubi
644 5155 724 5209 enom
741 5157 843 5224 tepitur,
861 5143 913 5225 quo
931 5157 1005 5210 morlo
1021 5158 1055 5225 tt,
1078 5158 1115 5211 ud
1133 5175 1199 5226 quos
1217 5174 1305 5212 secure
1321 5158 1394 5212 adut
1410 5174 1468 5213 uou
1482 5162 1584 5226 posu,
1608 5158 1770 5226 turpentur
1783 5164 1871 5228 poste·

210 5241 327 5296 riomlma
343 5241 418 5296 citati
435 5243 502 5307 atat·
519 5243 553 5309 cs.
572 5243 653 5297 stium
669 5258 690 5296 c.
709 5243 757 5296 ult.
775 5242 806 5296 tu
820 5243 851 5297 Χ
867 5243 898 5296 dc
915 5242 975 5298 dolo
992 5249 1015 5297 et
1032 5250 1102 5299 cout.
1133 5244 1210 5313 [lut.
1224 5245 1265 5313 IL
1284 5246 1324 5299 ut.
1340 5245 1438 5315 XIVJ.
1467 5244 1512 5300 De
1530 5244 1707 5314 Rcffiumbus
1724 5245 1759 5312 of.
1773 5246 1871 5314 noys

211 5334 286 5383 2015.
320 5327 449 5382 Fortasse
466 5327 605 5384 uatum
620 5328 670 5384 urob
686 5328 738 5382 buc
754 5329 843 5395 susurru
859 5330 975 5398 scriptae
991 5329 1084 5384 muts
1100 5331 1219 5385 uetustos
1235 5331 1353 5399 maiorm,
1374 5333 1444 5386 sierst
1456 5335 1551 5398 posteo
1565 5330 1626 5397 tisri
1641 5329 1750 5399 Mat,
1773 5330 1872 5398 αήἰωι

211 5419 282 5468 aust.
369 5416 397 5484 2)
416 5414 447 5468 Ε
462 5430 524 5469 mer.
541 5415 622 5470 castri
640 5414 780 5472 Comassa
866 5417 894 5485 3)
913 5415 989 5471 Inter
1005 5417 1054 5471 ctu.
1075 5417 1172 5485 chqio
1193 5423 1218 5472 ct
1240 5417 1367 5473 Modera.
1455 5419 1482 5483 4)
1502 5416 1540 5471 Iu
1562 5415 1704 5472 dom
1723 5416 1870 5488 tlonsuyic.

212 5500 240 5568 b)
259 5498 290 5553 Ε
299 5515 361 5555 mer.
378 5504 402 5554 ct
418 5516 468 5556 ocu
485 5501 532 5555 cic.
547 5501 653 5572 Reppio.
723 5503 750 5571 6)
771 5500 915 5570 Constituto
933 5519 946 5557 c
963 5519 1023 5558 mer.
1036 5503 1116 5557 caua
1129 5503 1269 5559 Cuuossuc.
1340 5505 1368 5575 t)
1385 5504 1505 5559 &uara
1521 5518 1555 5559 cu·
1571 5507 1636 5574 scut.
1653 5503 1702 5559 cic.
1716 5503 1870 5565 cumn

212 5586 241 5655 8)
260 5583 304 5639 Dc
319 5584 406 5641 codun
422 5586 455 5653 cs.
472 5603 500 5643 u.
519 5592 574 5643 237.
1063 5615 1064 5620 ¹
