4328 6232
216 1201 239 1239 5

220 4160 268 4211 2³

867 345 1068 402 EPlS'l'OLAE
1085 346 1276 403 SELEG'PAE.
1314 349 1389 404 1249.

1073 641 1202 706 XXXI.

411 740 630 834 Innocentius
651 767 676 833 1
680 766 709 833 V
720 788 811 852 papa
833 767 964 855 P[ctro]
985 771 1146 835 cardinali
1172 774 1272 854 tornato
1294 774 1468 851 committit,
1497 780 1532 837 nl
1562 777 1597 839 ia
1621 779 1814 859 professores
1840 779 1965 844 ordinis

313 871 693 954 camerancensis
713 872 845 954 nepotiis
867 872 1158 955 sedisapostolicae
1180 876 1337 941 intonuerit
1359 881 1561 956 cmdnrrmccs,
1586 880 1754 962 inquirere,
1784 881 1915 946 uisitare
1936 886 1966 947 et

310 974 460 1059 aestiuare
475 975 589 1056 pam.
1611 985 1703 1063 1249,
1725 983 1807 1066 Apr.
1822 988 1874 1048 27.

411 1094 477 1148 Inm
490 1094 540 1148 IV
554 1094 617 1165 Rea.
635 1095 696 1151 Ito.
715 1095 761 1162 Vl
777 1096 798 1162 tl
813 1103 851 1166 72,
869 1112 926 1150 err.
943 1113 971 1152 n.
984 1104 1024 1151 47.

412 1179 545 1250 Panno,
564 1180 628 1252 ee.
640 1188 733 1250 13311,·
750 1182 848 1252 Berycr
865 1188 943 1238 4708.

384 1375 426 1450 P.
456 1377 617 1451 Sancti
645 1378 840 1472 Georgii
869 1381 925 1452 ad
950 1380 1107 1453 Velum
1134 1380 1344 1456 Aureum
1374 1383 1594 1473 [diacone
1623 1386 1885 1475 cardinali,

803 1500 1075 1591 apostolice
1102 1502 1232 1576 sedis
1259 1504 1470 1596 legator.

415 1648 511 1713 Licet
532 1655 587 1714 tue
603 1650 645 1713 sit
662 1649 770 1714 officio
787 1651 960 1735 legationis
977 1672 1153 1733 annexum,
1178 1658 1214 1716 ut
1229 1653 1461 1738 inquisitionis,
1486 1655 1685 1719 visitationis
1701 1664 1735 1721 et
1750 1659 1964 1723 correctionis

312 1752 525 1819 ministerium
554 1753 587 1818 in
615 1752 760 1819 ordinisb
789 1755 961 1841 religiosos
990 1756 1167 1821 cuiuslibet
1190 1758 1302 1821 valeas
1330 1778 1505 1836 exercere,
1538 1759 1728 1845 specialiter
1757 1767 1867 1825 temen
1896 1761 1963 1825 sin-

313 1856 436 1921 ceritati
460 1863 516 1922 tue
538 1858 740 1944 presentium
763 1860 955 1925 auctoritate
979 1860 1223 1941 committimus,
1248 1868 1284 1924 ut
1309 1862 1342 1925 in
1359 1861 1589 1926 cisterciensis
1607 1862 1731 1927 ordinis
1749 1865 1963 1949 professores,

312 1961 479 2047 presertim
495 1982 576 2047 quos
593 1963 625 2026 in
642 1965 782 2047 negotiis
799 1964 979 2049 apostoliae
999 1963 1088 2028 sedis
1105 1973 1220 2030 eontra
1243 1967 1347 2052 ipsius
1371 1966 1528 2031 honorem
1551 1966 1718 2032 inveneris
1743 1974 1963 2047 contumaees,

313 2063 468 2149 inquires,
495 2065 609 2131 visites
637 2072 671 2131 et
700 2067 858 2152 castiges,
891 2073 988 2154 prout
1017 2075 1073 2132 tue
1102 2067 1311 2134 discretionis
1335 2070 1469 2134 arbitrio
1493 2070 1612 2135 videris
1636 2070 1810 2156 expedire,
1834 2109 1876 2117 —
1900 2093 1964 2135 non

313 2167 517 2234 obstantibus
547 2169 728 2257 privilegiis
759 2172 811 2235 vel
843 2170 975 2235 indultis
1006 2171 1076 2235 sive
1107 2173 1227 2238 litteris
1260 2196 1280 2237 a
1309 2173 1387 2239 sede
1419 2174 1602 2259 impetretis
1635 2174 1765 2252 eedem,
1805 2175 1905 2239 etiarn
1936 2175 1964 2238 si

314 2278 481 2357 presentes
503 2272 545 2338 de
568 2273 646 2358 ipsis
669 2293 862 2360 expressam
885 2296 949 2338 nou
975 2276 1115 2340 iecerint
1137 2277 1337 2343 mentionem
1363 2302 1417 2349 —;
1441 2277 1698 2343 contradictores
1722 2284 1784 2342 ete.
1902 2281 1906 2288 '

417 2393 495 2463 Det.
517 2394 680 2483 Lugduni,
698 2395 730 2460 V
752 2395 828 2501 Kal.
851 2395 941 2478 Maii,
963 2417 1049 2461 anno
1066 2396 1159 2461 VI00.

937 2677 1014 2683 -—-
1031 2677 1164 2684 ------—.
1183 2678 1339 2685 --.--—---

1092 2941 1180 3014 68⁰2.

414 3050 632 3146 Birroccntins
646 3080 703 3145 IV
713 3101 803 3164 papa
825 3081 941 3146 demerso
963 3086 992 3145 ct
1006 3081 1144 3166 capitulo
1162 3081 1440 3148 Cossaei-ermenus
1454 3081 1585 3145 rrrcrrtiat
1599 3101 1631 3146 so
1646 3082 1822 3147 electiorrem
1837 3081 1968 3147 Nicotai

311 3179 346 3243 de
367 3181 528 3248 Fmrtanis
549 3183 585 3247 in
607 3184 781 3266 episcopam
807 3183 1060 3252 Garaeracensem
1082 3188 1299 3266 coritirnrassm
1321 3184 1464 3261 irrandat,
1486 3188 1522 3248 nt
1545 3184 1575 3249 ei
1595 3184 1751 3252 obodmnt.

1633 3290 1727 3366 1249,
1749 3289 1831 3370 rlpr.
1848 3294 1878 3353 o.

413 3403 478 3457 Ina.
492 3404 540 3458 IV
549 3404 611 3474 Rea.
624 3405 684 3460 Ialr.
700 3406 745 3473 VI,
762 3409 781 3473 s.
794 3414 834 3475 37,
852 3424 880 3460 n.
892 3416 951 3462 448.
984 3407 1134 3475 Emrrrplra
1147 3406 1267 3473 Baliaris,
1289 3404 1366 3461 Mise.
1379 3413 1397 3459 l.
1414 3406 1476 3473 VII,
1491 3422 1520 3474 p.
1534 3414 1585 3461 tao
1596 3407 1756 3462 caritudimns
1767 3424 1829 3462 cnm
1842 3407 1965 3476 Repertis.

413 3490 540 3559 mma,
559 3490 623 3562 Rip.
636 3499 729 3562 132773
748 3494 848 3563 Barea
866 3503 942 3549 aare.

648 3747 686 3765 ..
715 3672 889 3765 decano
918 3697 960 3765 et
986 3691 1186 3783 capitulo
1215 3689 1624 3764 Carneraeensibus

415 3838 566 3905 Vacante
582 3841 659 3906 olim
676 3839 905 3908 Cameracensi
922 3843 1086 3908 eeclesia¹
1108 3849 1142 3908 et
1165 3842 1268 3928 ipsius
1293 3842 1460 3905 canonicis
1484 3841 1537 3906 die
1561 3840 1603 3906 ad
1627 3840 1813 3926 eligendum
1836 3842 1965 3927 prefixa

311 3943 343 4008 in
364 3965 466 4009 unum
489 3944 769 4025 convenientibus,
792 3946 939 4011 nonnulli
963 3968 1005 4012 ex
1029 3947 1076 4011 eis
1100 3947 1133 4010 in
1157 3946 1378 4011 venerabilem
1402 3946 1536 4010 fratrem
1561 3951 1706 4008 nostrum
1724 3943 1898 4009 Nicolaum
1922 3944 1964 4009 de

311 4044 489 4113 Fontanis²
519 4047 792 4115 cameracensem
826 4052 1034 4137 episcopum,
1072 4059 1149 4115 tuno
1184 4051 1328 4136 ipsorum
1359 4048 1583 4127 canonicum,
1616 4048 1776 4135 premisso
1809 4047 1964 4112 scrutinio

311 4152 573 4234 eonsentientes,
601 4154 709 4239 ipsum
738 4155 770 4219 in
795 4154 957 4240 presulem
981 4155 1168 4239 elegerunt,
1200 4153 1438 4239 deportationis
1462 4152 1706 4238 sollempnitate
1729 4151 1863 4237 insuper
1886 4150 1963 4214 sub-

310 4262 435 4324 secuta.
480 4254 546 4321 Sed
570 4256 775 4322 considerato
797 4255 1004 4344 postmodum
1028 4256 1114 4343 quod
1138 4256 1322 4320 huiusmodi
1347 4256 1465 4321 electio
1488 4278 1508 4319 a
1530 4255 1646 4320 maiori
1670 4261 1704 4318 et
1727 4254 1848 4318 seniori
1871 4261 1964 4339 parte

309 4360 451 4425 omnium
475 4381 541 4425 non
563 4361 711 4426 extiterit
734 4361 910 4439 celebrata,
934 4381 1011 4425 mox
1034 4382 1107 4424 oum
1132 4361 1238 4425 eleeto
1262 4362 1332 4446 ipso
1356 4358 1397 4424 ad
1422 4359 1598 4444 capitulum
1617 4366 1693 4421 sunt
1708 4358 1848 4431 reversi;
1873 4348 1963 4421 eum-

310 4484 373 4548 que
395 4462 502 4530 diotus
524 4464 649 4530 electus
672 4464 826 4530 electioni
850 4463 1072 4529 renuntiasset
1095 4462 1202 4529 eidem
1227 4469 1261 4526 et
1284 4464 1317 4527 in
1339 4462 1427 4527 diem
1451 4468 1643 4548 sequentem
1674 4461 1790 4525 luisset
1820 4459 1964 4545 eligendi

310 4568 469 4633 terminus
494 4573 705 4654 prorogatus,
738 4567 902 4632 canonicis
929 4567 971 4631 ad
999 4564 1187 4651 eligendum
1218 4565 1251 4629 in
1276 4564 1392 4630 eodem
1416 4565 1555 4629 termino
1581 4564 1803 4650 congregatis,
1833 4564 1965 4649 quidam

312 4692 356 4736 ex
382 4671 479 4758 ipsis,
507 4692 566 4757 pro
594 4694 630 4736 se
660 4693 698 4736 ac
725 4672 788 4736 sibi
819 4671 1053 4736 adherentibus
1077 4678 1282 4747 asserentes,
1315 4668 1401 4754 quod
1426 4689 1498 4733 eum
1523 4670 1686 4755 premissa
1708 4667 1826 4732 electio
1851 4677 1966 4733 eontra

311 4774 448 4839 termam
470 4775 636 4860 generalis
658 4775 788 4841 concilii
810 4782 1002 4861 presumpta
1025 4774 1152 4853 fuisset,
1175 4773 1222 4836 illi
1243 4773 1298 4858 qui
1314 4771 1355 4836 ad
1372 4793 1446 4836 eam
1462 4780 1694 4857 processerant
1710 4780 1805 4837 erent
1821 4770 1964 4856 eligendi

311 4898 351 4943 ee
363 4878 437 4945 viee
452 4884 616 4965 potestate
633 4876 794 4965 privandi,
814 4900 856 4943 ne
873 4878 914 4942 ad
931 4876 1118 4963 eligendum
1135 4875 1359 4963 procederent,
1382 4875 1493 4939 sedem
1510 4877 1721 4962 apostolicam
1745 4876 1964 4962 appellarunt.

311 4980 369 5047 nis
392 5003 471 5069 ergo
493 4981 535 5048 de
559 4983 703 5068 capitulo
728 4982 957 5047 recedentibus
980 5003 1041 5047 nee
1059 4981 1165 5046 redire
1183 4980 1384 5058 curantibus,
1409 5000 1605 5066 quamquam
1623 5000 1722 5065 super
1736 4979 1799 5043 hoe
1816 4979 1964 5065 requisiti

414 5250 440 5311 ι)
459 5246 547 5298 Eidem
564 5245 611 5304 n,-
632 5245 758 5297 anteccdit
776 5262 801 5295 n.
819 5243 863 5294 XI
870 5243 896 5293 V.
933 5244 991 5295 Hoc
1013 5244 1068 5295 loeo
1089 5252 1195 5308 prruetcr
1217 5244 1281 5293 diae.
1305 5243 1372 5293 eard.
1397 5243 1451 5293 cirre
1473 5242 1550 5293 dnbio
1572 5240 1745 5307 supplendum
1768 5248 1804 5292 cst
1826 5241 1965 5307 apostolice

312 5332 379 5384 ndis
395 5333 491 5400 legem
595 5329 620 5396 ¹¹)
638 5331 772 5383 ordinibus
793 5348 861 5382 corr.
879 5330 983 5382 ordinis.
1088 5330 1112 5394 c)
1132 5330 1190 5380 Dat.
1208 5338 1334 5396 utsupra
1352 5328 1383 5378 n.
1416 5328 1461 5380 Aa
1484 5328 1551 5378 lianc
1573 5344 1611 5393 ep.
1630 5335 1718 5378 sromm
1736 5326 1888 5378 antonelli
1906 5327 1965 5378 lial.

313 5419 374 5471 nnn
389 5426 457 5471 recte
471 5418 600 5485 perlitare
612 5425 744 5483 putamen.
847 5413 872 5481 ⁴¹)
891 5419 937 5484 lep.
956 5417 1166 5469 concanonicum.

415 5554 444 5619 1)
461 5552 562 5609 Adlsnc
577 5571 603 5607 a.
617 5558 690 5621 1248,
710 5553 780 5607 Mai.
795 5560 810 5607 7
828 5553 976 5608 Willdmns
995 5567 1044 5607 ren
1065 5551 1185 5606 dmrtccm
1206 5552 1238 5604 in
1253 5552 1372 5618 feroram
1391 5550 1526 5606 Gaidonie
1543 5550 1655 5619 epicarmi
1674 5550 1870 5605 tbrrrmuocueis
1886 5549 1967 5604 serilri

313 5641 443 5709 nands
461 5639 695 5710 emim-ntae,
713 5641 730 5695 t
741 5656 763 5695 c.
781 5648 855 5698 4918.
933 5642 960 5707 2)
979 5637 1261 5711 Fontine-dmiccc
1277 5654 1310 5694 ee
1326 5654 1378 5694 occ.
1398 5638 1444 5693 eir.
1459 5636 1603 5693 mamas.

413 5736 480 5791 nso.
498 5734 582 5795 Pom.
600 5734 634 5794 11.
1729 5731 1764 5786 ⁶4
