4328 6232
851 359 1052 420 arlsuoanu
1070 362 1261 421 SELFlC'lAE.
1297 366 1373 420 1245.
1882 375 1939 435 101

283 540 353 605 inre
376 536 517 605 obtulit·
539 545 637 625 atque
661 539 867 606 contradidit.
913 537 1021 613 Quare
1044 539 1217 605 iamdictus
1240 539 1465 626 predecessor,
1489 543 1580 609 cuius
1603 544 1760 629 precipue
1783 543 1941 609 intererat

283 644 355 709 iura
385 643 517 708 celestis
546 644 702 729 clavigeri
731 644 908 729 specialius
938 642 1124 721 defensare,
1161 643 1277 708 cadem
1309 643 1510 709 venerabilia
1543 645 1615 711 loca
1643 647 1675 711 in
1705 646 1941 733 proprietatem

283 755 383 833 atque
415 747 652 833 protectionem
686 753 797 811 sancte
831 746 968 811 ecclesie
996 746 1146 811 Romane
1176 749 1321 834 suscepit
1348 768 1453 833 caque
1482 770 1555 812 cum
1583 751 1735 815 omnibus
1766 752 1834 815 suis
1866 772 1941 836 per-

285 852 432 915 tinentiis
455 850 630 937 apostolici
654 849 767 935 scripti
789 851 970 935 patrocinio
994 850 1216 929 communivit,
1240 857 1389 916 statuens
1412 857 1448 915 ut
1464 873 1686 938 quascumque
1702 856 1942 940 possessiones,

283 975 489 1040 quecumque
512 955 601 1019 bona
623 961 690 1018 tem
712 954 745 1017 in
763 954 913 1019 ecclesiis
931 973 1028 1039 quam
1045 954 1078 1018 in
1095 953 1241 1035 decimis,
1264 955 1371 1035 terris,
1395 955 1512 1037 vineis,
1537 955 1661 1041 aquisl’,
1686 957 1786 1038 silvis,
1810 959 1941 1044 pascuis

282 1065 340 1122 aut
363 1057 437 1122 aliis
460 1057 720 1142 quibuscumque
743 1055 860 1122 eadem
882 1058 1082 1121 monasteria
1106 1064 1182 1121 tuuc
1205 1058 1363 1143 temporis
1388 1059 1472 1123 iuste
1497 1064 1531 1122 et
1554 1060 1711 1125 canonice
1727 1060 1941 1145 possidebant

282 1169 341 1226 aut
374 1161 408 1226 in
443 1162 588 1226 futurum
619 1159 832 1225 concessione
866 1160 1071 1245 pontificum,
1107 1161 1282 1247 largitione
1315 1182 1430 1247 regum
1458 1162 1511 1227 vel
1538 1161 1738 1248 principum,
1775 1162 1940 1228 oblatione

282 1266 431 1331 fidelium
453 1271 509 1329 aut
530 1264 604 1329 aliis
628 1264 722 1328 iustis
746 1263 848 1329 modis
872 1270 1008 1350 possent
1029 1264 1101 1328 Deo
1125 1266 1268 1352 propitio
1299 1267 1454 1352 adipisci,
1485 1266 1578 1331 firma
1602 1274 1635 1333 et
1659 1267 1785 1333 illibata
1807 1269 1840 1332 in
1865 1291 1940 1355 per-

283 1377 421 1458 petuum
451 1368 712 1455 permanerent¹.
757 1368 827 1433 Nos
857 1369 968 1454 itaque
998 1369 1039 1433 ad
1068 1370 1173 1434 instar
1201 1371 1446 1456 predecessoris
1476 1369 1623 1435 eiusdem
1652 1370 1876 1452 decernimus,
1906 1378 1942 1435 ut

284 1474 365 1539 nulli
395 1473 526 1538 omnino
554 1472 723 1537 hominum
752 1471 853 1536 liccat
881 1472 1009 1558 prefata
1039 1475 1237 1539 monasteria
1266 1480 1391 1540 temere
1422 1473 1615 1560 perturbare
1643 1481 1700 1538 aut
1729 1495 1841 1539 eorum
1865 1496 1940 1560 pos-

281 1579 448 1643 sessiones
476 1577 606 1642 auterre
629 1576 682 1640 vel
704 1576 831 1641 ablatas
855 1578 1012 1658 retinere,
1042 1579 1188 1643 minuere
1213 1600 1271 1643 scu
1294 1578 1496 1663 quibuslibet
1517 1577 1677 1642 molestiis
1699 1577 1853 1663 fatigare,
1883 1578 1941 1643 sed

282 1683 391 1746 omnia
418 1682 548 1766 integra
570 1686 647 1746 etc.⁰
669 1702 789 1766 usque:
822 1682 1002 1766 profutura.
1048 1682 1100 1746 Ad
1129 1683 1283 1747 indicium
1313 1690 1439 1761 eutem,
1476 1681 1561 1767 quod
1591 1683 1708 1748 eedem
1738 1684 1941 1748 monasteria

282 1786 372 1851 beati
396 1785 487 1850 Petri
510 1785 590 1849 iuris
614 1785 772 1865 existant,
805 1785 944 1869 siugulis
968 1786 1061 1849 annis
1085 1792 1152 1849 tam
1175 1792 1210 1849 tu
1234 1807 1330 1872 quam
1355 1807 1562 1851 successores
1585 1786 1633 1851 tui
1656 1794 1797 1872 quatuor
1820 1787 1940 1851 solidos

282 1889 504 1973 Frisingensis
527 1894 658 1953 monete
681 1889 776 1953 uobis
800 1890 988 1975 nostrisque
1013 1890 1259 1954 successoribus
1284 1911 1403 1955 census
1428 1891 1560 1955 nomine
1579 1892 1785 1976 persolvetis.
1825 1890 1862 1955 Si
1877 1913 1941 1977 qua

284 2015 364 2058 sane
381 1990 627 2058 ecclesiastica‘¹
644 1992 843 2056 secularisve
858 2013 1008 2077 persona,
1031 1993 1115 2056 hauc
1132 1999 1243 2057 nostre
1260 1993 1500 2058 constitutionis
1517 1995 1669 2079 paginam
1687 1996 1805 2075 sciens,
1828 2001 1940 2059 contra

283 2119 356 2161 esur
385 2104 511 2161 temere
540 2096 777 2181 presumpserit
799 2097 941 2174 venires,
971 2095 1115 2162 secundo
1144 2096 1284 2162 tertiove
1308 2098 1523 2176 commonita,
1556 2097 1670 2162 sinon
1694 2105 1821 2163 reatum
1845 2119 1940 2162 suurn

282 2221 427 2286 congrua
448 2198 673 2265 satisfactione
696 2201 886 2281 correxerit,
910 2222 930 2264 a
953 2201 1177 2265 sacratissimo
1202 2221 1338 2286 corpore
1363 2207 1397 2265 et
1420 2199 1579 2286 sanguiue
1595 2198 1660 2264 Dei
1681 2200 1797 2285 atque‘
1817 2200 1940 2264 domiui

282 2305 405 2369 nostri8
428 2302 506 2368 lesu
531 2302 651 2369 Christi
679 2302 866 2368 alienafiat
889 2302 1117 2389 eto.¹¹usque:
1150 2304 1268 2369 ultioni
1296 2303 1476 2369 subiaceat.
1522 2302 1657 2368 Cunctis
1681 2310 1791 2369 autem
1815 2304 1937 2369 eisdem

281 2408 363 2474 locis
387 2429 448 2474 sus
470 2408 543 2473 iura
565 2406 772 2472 servantibus
796 2406 868 2473 etc.¹
891 2428 1010 2494 usque:
1033 2409 1124 2494 pacis
1148 2409 1327 2476 inveniant.
1365 2407 1500 2474 Amen.lt

392 2512 466 2597 Ego
498 2510 710 2577 Innocentius
753 2509 914 2575 catholice
954 2512 1093 2576 ecclesie
1132 2512 1321 2598 episcopusl
1360 2512 1580 2598 subscripstr.
1633 2510 1729 2596 agor
1761 2509 1825 2575 Oto
1859 2512 1939 2577 Por·

280 2617 407 2682 tneusis
439 2621 493 2681 et⁰
525 2614 646 2680 Sancte
679 2613 796 2678 Rufina
831 2615 1006 2700 episcopus
1042 2615 1233 2701 subscripsi.
1286 2614 1359 2700 Ego
1387 2616 1504 2680 Petrus
1532 2615 1732 2680 Albauensis
1765 2616 1940 2702 episcopus

281 2719 473 2806 subscripsi.
518 2718 590 2804 Ego
605 2716 796 2782 Willelmus
820 2717 1013 2783 Sabinensis
1040 2719 1212 2804 episcopus
1243 2720 1433 2805 subscripsi.
1479 2718 1551 2803 Ego
1575 2718 1693 2783 Petrus
1717 2719 1805 2783 tituli
1829 2717 1941 2783 Sancti

280 2823 432 2890 Marcelli
454 2821 628 2909 presbyter
651 2820 828 2885 cardinalis
852 2821 1041 2907 subscripsi.
1080 2820 1151 2906 Ego
1175 2823 1278 2887 freter
1299 2821 1465 2888 Iohannes
1487 2823 1573 2887 tituli
1591 2821 1703 2887 Sancti
1718 2822 1885 2886 Laurentii
1907 2823 1940 2886 in

281 2928 409 2994 Lucina
441 2924 616 3012 presbyter
647 2923 823 2989 cardinalis
858 2924 1044 3010 subscripsi.
1090 2924 1163 3010 Ego
1192 2924 1329 3011 Egidius
1358 2925 1553 2991 Sanctorum
1584 2925 1700 2991 Oosme
1733 2932 1766 2990 et
1788 2925 1941 2989 Damiani

213 3050 225 3085 ³
280 3033 439 3098 diaconus
471 3029 645 3094 cardinalis
679 3027 867 3114 subscripsi.
914 3027 985 3113 Ego
1016 3026 1216 3092 Octavianus
1247 3027 1368 3093 Sancte
1394 3027 1498 3095 Marie
1528 3031 1562 3094 in
1580 3029 1645 3093 Via
1671 3029 1756 3093 Lata
1784 3028 1940 3094 diaconus

201 3583 229 3619 Ὢ

200 4662 227 4701 35

280 3135 458 3202 cardinalis
482 3132 673 3219 subscripsi.
711 3131 784 3218 Ego
800 3131 918 3196 Petrus
936 3130 1049 3196 Sancti
1065 3130 1200 3217 Georgii
1224 3132 1265 3196 ad
1279 3132 1399 3197 Velum
1413 3130 1561 3198 Aureum
1584 3133 1742 3198 diaconus
1767 3132 1940 3198 cardinalis

280 3240 469 3326 subscripsi.
514 3237 586 3323 Ego
610 3237 774 3302 Iohannes
799 3235 912 3301 Sancti
933 3235 1061 3300 Nicolsi
1084 3236 1116 3299 in
1141 3235 1282 3301 Carcere
1305 3235 1457 3301 Tulliano
1482 3237 1640 3301 diaconus
1664 3236 1839 3301 cardinalis
1863 3236 1940 3300 sub-

280 3342 407 3431 scripsi.
452 3342 525 3428 Ego
550 3341 746 3407 Guillelmus
771 3339 882 3405 Sancti
905 3338 1077 3404 Eustachii
1101 3340 1256 3404 diaconus
1278 3339 1455 3404 cardinalis
1479 3340 1664 3424 subscripsi.

388 3465 466 3530 Dat.
489 3462 641 3549 Lugduni
668 3484 728 3550 per
756 3483 888 3526 manum
915 3461 1064 3545 magistri
1093 3460 1212 3525 Marini
1243 3459 1363 3525 Sancte
1390 3459 1537 3525 Romane
1566 3460 1705 3526 ecclesie
1735 3459 1940 3524 vicecancel-

281 3570 373 3649 larii,
401 3567 436 3632 Π
458 3567 534 3634 Kal.
558 3566 779 3654 Septembris,
810 3565 988 3630 indictione
1020 3563 1081 3643 III,
1111 3564 1345 3630 incarnationis
1375 3564 1549 3629 Dominice
1577 3586 1663 3629 anno
1694 3563 1940 3642 M⁰OO⁰XLV⁰,

281 3674 491 3760 pontificatus
514 3693 592 3738 vero
615 3671 726 3736 domni
748 3669 934 3735 Innocentii
957 3689 1042 3755 pape
1066 3667 1136 3732 IIII
1159 3690 1244 3733 anuo
1268 3667 1354 3733 111².

1072 4177 1156 4251 134.

385 4294 606 4388 Irrnoceatius
621 4320 676 4386 IV
691 4341 782 4405 papa
803 4320 945 4385 Iohanni
966 4319 1048 4384 dieto
1070 4319 1230 4383 Moaaclo
1250 4317 1399 4407 cervicatj
1414 4314 1577 4399 Aegida]
1599 4315 1788 4381 Sanctorum
1813 4315 1941 4380 menae

281 4429 312 4489 et
332 4422 491 4490 Dumians‘
517 4425 645 4489 diaconi
674 4424 850 4489 cardinalia
867 4422 1003 4508 feudum
1024 4423 1061 4487 de
1084 4423 1211 4501 Batora,
1241 4423 1392 4486 emacula
1413 4419 1586 4500 vulgariter
1607 4418 1814 4501 appellatam,
1844 4438 1941 4498 usqum

280 4528 326 4592 ud
346 4528 473 4593 tertium
491 4528 723 4611 generativam
744 4526 801 4591 sah
822 4546 932 4591 aaaao
952 4545 1046 4591 masa
1068 4527 1211 4591 emeruit.
1603 4523 1697 4602 1245,
1720 4522 1806 4605 Sept.
1823 4526 1852 4586 1.

384 4647 450 4701 aa
461 4645 511 4700 ιν
523 4645 589 4716 aa.
605 4645 661 4700 vu.
675 4646 864 4714 asso-em·
882 4645 943 4700 ro.
957 4646 1018 4714 111
1031 4653 1082 4700 m.

389 4941 413 5007 ⁸)
430 4942 527 5010 optulit
539 4942 572 4993 A.
665 4940 692 5006 b)
709 4944 779 5011 agris
792 4944 824 4994 A.
921 4943 944 5008 o)
963 4951 1157 5003 conserventur,
1183 4958 1272 4993 eorum
1293 4958 1339 5008 pro
1362 4958 1473 5007 quorum
1496 4940 1683 4992 enumeratione
1706 4947 1732 4990 et
1753 4938 1941 5004 gubernatione

233 5044 405 5091 ⁴«struerem
421 5035 485 5079 sunt
496 5029 588 5080 usibus
600 5030 752 5081 omnimodis
765 5032 899 5097 protutura
911 5030 944 5080 A.
1015 5026 1041 5090 d)
1055 5031 1103 5093 A.,·
1120 5029 1229 5081 ecclesia
1242 5028 1273 5079 P.
1344 5026 1367 5093 ⁰)
1381 5044 1421 5079 vo.
1433 5027 1543 5093 prend.
1615 5023 1635 5088 s)
1653 5025 1730 5077 ueA.
1800 5026 1825 5086 e)
1845 5024 1940 5074 domini

281 5115 450 5182 redemptoris
473 5115 554 5167 nostri
567 5115 600 5165 A.
694 5111 720 5179 h)
741 5122 818 5181 atque
842 5116 869 5165 iu
893 5123 1007 5166 extremo
1030 5116 1148 5167 examine
1171 5115 1283 5165 districte
1307 5114 1399 5164 ultioni
1422 5113 1555 5164 subiaceat
1568 5113 1601 5163 A.
1688 5109 1706 5174 ¹)
1725 5111 1759 5161 sit
1776 5128 1826 5177 pax
1845 5110 1941 5160 domini

200 5217 230 5253 su
283 5202 363 5252 nostri
380 5203 441 5252 lesu
453 5200 556 5265 Christi,
575 5200 698 5266 quatinus
715 5209 741 5251 et
761 5201 803 5252 hie
821 5203 934 5253 fructum
953 5203 1020 5253 bone
1037 5203 1145 5252 sotionis
1163 5201 1305 5268 percipiant
1322 5208 1348 5251 et
1364 5199 1432 5266 apud
1450 5199 1594 5250 districtum
1612 5198 1721 5249 iudicem
1740 5197 1837 5263 premia
1853 5205 1941 5248 eterno

282 5287 353 5354 pacis
369 5287 505 5338 inveniant
517 5286 550 5338 A.
630 5282 656 5352 k)
676 5295 713 5338 ter
730 5288 862 5354 repetitam
876 5289 909 5339 A.
986 5286 1006 5354 ¹)
1025 5291 1095 5340 Beue
1114 5290 1196 5339 valete
1214 5287 1276 5338 add.
1291 5287 1324 5337 A.
1404 5286 1437 5350 ¹¹¹)
1456 5286 1596 5351 subscripsi
1615 5284 1683 5335 deest
1699 5300 1799 5349 seraper
1814 5283 1893 5335 ised.
1907 5283 1940 5333 A.

281 5373 308 5436 ΙΙ)
322 5374 408 5439 presb.
426 5373 588 5436 cardirmles,
610 5381 696 5440 utpote
719 5375 746 5424 ia
768 5375 874 5426 datare
890 5383 969 5441 parte
986 5376 1151 5427 menstruam
1169 5375 1269 5440 sechui,
1292 5374 1320 5423 in
1337 5373 1376 5424 ed.
1391 5373 1424 5424 A.
1437 5373 1526 5438 primo
1544 5372 1598 5422 loco
1620 5370 1699 5436 positi
1716 5378 1781 5421 mat.
1871 5367 1896 5432 ⁰)
1915 5377 1941 5420 et

285 5458 353 5510 deest
365 5460 399 5513 A.

388 5595 414 5660 l)
433 5594 468 5649 A.
481 5601 553 5662 1140,
572 5591 654 5648 Febr.
665 5600 713 5659 2&
736 5594 814 5663 leffe,
833 5595 896 5664 Rq.
913 5604 983 5652 6769.
1063 5597 1091 5664 2)
1109 5597 1187 5650 Aliae
1208 5596 1310 5650 litterae
1330 5595 1361 5648 ia
1380 5594 1497 5660 furorem
1519 5609 1589 5648 moa.
1609 5591 1811 5647 aasumensi}
1827 5597 1940 5660 (11246,

204 5695 235 5734 a
287 5677 378 5734 lum
395 5686 419 5733 a
439 5689 455 5734 5
473 5680 554 5736 meae
571 5697 616 5749 ap.
637 5679 769 5750 Parrhase,
790 5681 855 5753 Rea.
870 5690 949 5737 11111
965 5689 989 5737 et
1008 5692 1095 5740 11144.
