4328 6232
200 337 264 400 274
757 334 805 389 EX
824 333 1042 390 INNOCEN'I'II
1060 334 1099 389 lV
1116 332 1298 389 REGIS'I'RO

200 507 383 589 quibuscum
396 512 529 589 propter
543 509 719 590 potentiani
741 528 847 572 eornm
869 511 898 571 et
927 507 1065 572 timorem
1092 508 1277 572 nuntiorum
1297 505 1460 572 Fridcrici
1478 506 1636 589 quondum
1658 504 1862 587 inrpcrutoris

199 610 324 676 inillis
340 611 491 691 partibas
513 612 640 695 litiparc
661 632 726 676 non
744 612 854 693 possit,
876 611 1002 675 restitui
1019 611 1134 696 faciat.
1492 613 1585 688 1247,
1608 608 1693 676 Mai.
1715 612 1771 673 28.

303 730 367 783 Iun,
386 728 434 782 IV
449 729 514 799 Rep.
532 731 586 785 Vei.
606 731 708 799 L3975
733 730 794 785 Inb.
814 729 867 798 IV,
887 738 936 785 751.
982 729 1145 799 Eeenpur,
1172 729 1243 800 meod
1266 730 1365 799 Berycr
1391 729 1486 798 nuic,
1515 746 1575 784 cuni
1600 728 1717 799 Rcyoete's
1745 728 1859 783 nnsis

207 816 237 870 V·
257 816 293 872 ⁰⁶
308 816 493 973 totta.

367 1106 405 1124 ..
434 1050 835 1144 archipresbytero
863 1051 913 1124 de
940 1050 1116 1124 Varcio¹
1144 1048 1456 1155 Terdonensis
1483 1047 1693 1122 diocesis

311 1181 507 1247 Fredericus
532 1184 669 1247 clericus
692 1182 804 1248 dilecti
828 1181 887 1246 filii
911 1230 943 1248 ..
967 1179 1190 1246 archidiaconi
1207 1179 1431 1246 Terdoueusis
1447 1179 1611 1266 capellani
1633 1180 1740 1245 nostri
1761 1180 1859 1244 nobis

201 1285 370 1371 exposuit,
399 1285 484 1372 quod
512 1309 585 1351 cum
621 1285 786 1372 qnondam
817 1335 851 1353 ..
880 1285 1045 1371 preposito
1079 1292 1112 1349 et
1146 1285 1289 1371 capitulo
1326 1283 1468 1350 ecclesie
1502 1281 1660 1348 canonice
1692 1281 1859 1349 Gualterii

200 1388 375 1474 Papiensis
402 1409 501 1474 super
529 1392 717 1476 receptione
751 1411 789 1455 ao
812 1388 1001 1474 provisione
1031 1409 1091 1452 sua
1117 1387 1151 1451 in
1179 1387 1295 1453 cadem
1326 1386 1466 1453 ecclesia
1493 1385 1709 1451 direxerimus
1735 1386 1857 1473 scripta

202 1498 330 1572 nostra,
354 1490 505 1556 Guidoue
530 1493 685 1556 canonico
709 1492 817 1577 plebis
841 1491 882 1556 de
904 1490 1037 1555 vaitio·
1059 1489 1282 1556 Terdonensis
1311 1490 1454 1556 diocesis
1482 1489 1544 1556 sibi
1566 1511 1665 1576 snper
1687 1489 1752 1554 hoc
1776 1510 1855 1555 exe-

204 1599 316 1659 cutore
335 1615 510 1659 concesso:
534 1594 677 1676 tandem,
700 1595 773 1681 ipso
797 1594 838 1659 ab
863 1594 985 1659 eisdam
1003 1595 1170 1680 preposito
1196 1599 1229 1660 et
1252 1594 1396 1681 capitulo
1419 1592 1461 1658 ad
1476 1592 1639 1680 quandam
1653 1593 1858 1679 prebendam

202 1696 284 1761 inibi
301 1704 474 1764 vacantem
491 1705 625 1785 recepto
647 1699 680 1762 in
697 1698 891 1762 canonicum
914 1702 947 1761 et
970 1697 1003 1760 in
1019 1697 1153 1762 fratrem
1176 1719 1214 1763 ac
1236 1698 1486 1782 incorporalem
1504 1698 1750 1784 possessionem
1773 1696 1858 1763 dieta

204 1801 373 1887 prebende
397 1801 438 1866 od
461 1802 650 1867 mandatum
674 1801 822 1866 eiusdem
847 1802 1034 1867 executoris
1057 1802 1209 1883 inducto,
1233 1808 1267 1867 et
1289 1802 1322 1866 in
1347 1800 1607 1867 contradictores
1631 1799 1857 1868 excommuni-

204 1905 342 1970 cationis
366 1906 532 1971 sententia
554 1906 781 1992 promulgata,
803 1904 963 1969 Ribaldus
986 1904 1092 1973 dictus
1110 1905 1274 1985 Salomon,
1298 1906 1351 1990 qui
1375 1906 1564 1991 apostolica,
1588 1911 1621 1971 et
1643 1904 1778 1991 quidam
1801 1903 1856 1968 alii

202 2007 312 2073 clerici
327 2007 499 2095 Papiensis
517 2009 668 2087 civitatis,
692 2008 747 2094 qui
770 2007 883 2074 dilecti
907 2009 964 2072 filii
983 2006 1163 2095 G[reg0rii]
1187 2008 1228 2073 de
1244 2009 1457 2093 Montelongo
1474 2009 1664 2074 subdiaconi
1687 2016 1721 2074 et
1740 2009 1856 2073 notarii
1898 2036 1900 2045 ¹

202 2111 316 2191 nostri,
341 2113 524 2198 apostolice
548 2112 635 2177 sedis
659 2113 775 2198 legati,
804 2114 999 2177 auctoritate
1024 2119 1097 2199 post
1120 2114 1228 2199 ipsum
1252 2113 1286 2177 in
1309 2112 1437 2198 prefata
1460 2112 1601 2178 ecclesis
1624 2118 1702 2177 sunt
1725 2112 1857 2197 recepti,

202 2238 238 2280 se
269 2215 332 2281 sibi
360 2238 460 2302 super
489 2216 552 2281 hoc
581 2217 729 2282 indebite
758 2224 962 2304 opponentes
993 2238 1032 2280 ac
1061 2237 1126 2281 non
1156 2217 1385 2303 permittentes
1414 2216 1555 2282 eundem
1588 2216 1727 2302 pacifica
1757 2216 1857 2301 ipsius

202 2319 368 2406 prebende
403 2321 613 2406 possessione
650 2321 813 2405 gaudere,
846 2321 954 2407 ipsum
990 2321 1102 2386 lavore
1135 2369 1170 2386 ..
1203 2320 1377 2406 potestatis
1404 2320 1577 2406 Papiensis
1608 2340 1669 2405 per
1699 2318 1859 2405 quosdam

203 2445 315 2489 eorum
332 2425 594 2509 consanguineos
616 2425 765 2489 fecerunt
781 2431 850 2490 arte
868 2424 1015 2490 custodie
1032 2425 1211 2511 mancipari
1228 2431 1261 2489 et
1276 2430 1342 2489 tam
1359 2423 1415 2488 diu
1437 2424 1470 2489 in
1487 2423 1668 2488 communis
1683 2421 1857 2508 Papiensis

202 2528 326 2614 palatio
350 2526 501 2608 detineri,
525 2525 674 2615 [donec]b
696 2528 737 2593 de
766 2551 831 2593 non
854 2528 994 2592 utendo⁰
1020 2529 1138 2594 litteris
1162 2527 1374 2615 apostolicis²
1397 2535 1431 2593 et
1454 2525 1665 2614 possessione
1687 2524 1857 2612 prebende

204 2630 269 2694 iam
285 2629 372 2695 dicte
389 2636 521 2697 centum
538 2632 695 2697 librarum
711 2633 887 2720 Papiensis
903 2640 1035 2698 moneto
1054 2638 1264 2699 extorserunt
1285 2632 1326 2697 ab
1350 2653 1389 2699 eo
1404 2630 1644 2697 fideiussoriam
1661 2629 1860 2711 cautionem,

203 2733 369 2820 iidemque
393 2735 577 2820 prepositus
606 2743 639 2801 ot
662 2736 840 2822 capitulum
864 2737 895 2802 ei
919 2736 1039 2801 dictam
1062 2736 1265 2823 prebendam
1290 2742 1405 2800 contra
1427 2733 1587 2799 iustitiam
1611 2733 1860 2801 subtraxerunt.

204 2837 312 2910 Quare
339 2837 427 2903 idem
456 2838 594 2904 clericus
622 2839 717 2904 nobis
749 2840 914 2906 humiliter
943 2841 1154 2928 supplicavit,
1183 2847 1219 2906 ut
1241 2862 1314 2905 cum
1337 2846 1473 2926 proptor
1495 2839 1645 2903 timorem
1670 2838 1862 2903 nuntiorum

203 2939 372 3006 Frodcrici
385 2940 548 3026 quondam
564 2943 770 3029 imperatoris
786 2950 820 3009 et
835 2943 1023 3009 huiusmodi
1035 2943 1297 3009 adversariorum
1314 2963 1444 3007 suorum
1458 2941 1639 3028 potentiam
1656 2948 1689 3006 et
1700 2941 1862 3006 malitiam

203 3045 365 3131 prepositi
387 3052 421 3109 et
443 3046 577 3132 capituli
600 3047 837 3133 premissorum
859 3070 925 3114 non
948 3049 1056 3135 possit
1079 3070 1140 3113 nec
1162 3047 1284 3113 audeat
1313 3068 1386 3112 cum
1410 3047 1458 3112 eis
1482 3047 1515 3111 in
1538 3045 1602 3109 illis
1624 3045 1773 3131 partibus
1796 3045 1861 3110 liti·

205 3170 295 3235 gare,
319 3148 494 3235 providere
518 3172 618 3237 super
640 3151 703 3217 boc
726 3153 756 3217 ei
774 3153 1031 3218 misericorditer
1055 3174 1254 3218 curaremus.
1298 3151 1505 3230 Mandanes,
1528 3148 1681 3233 quatinus
1703 3149 1862 3213 attentius

206 3272 341 3317 moneas
363 3253 565 3339 prepositum
589 3262 623 3320 et
638 3255 817 3342 capitulum
833 3255 1026 3336 antedictos,
1050 3262 1086 3320 ut
1107 3293 1150 3304 —
1173 3255 1331 3321 dictorum
1348 3261 1555 3340 receptorum
1570 3251 1862 3317 nonobstantibus

202 3354 514 3422 contradictionibus
539 3396 581 3407 —
615 3358 721 3423 eidem
754 3360 874 3424 clerico
904 3359 1104 3446 prebendam
1131 3361 1235 3447 ipsam
1259 3379 1331 3424 cum
1355 3356 1517 3422 fructibus
1540 3377 1560 3421 a
1583 3362 1732 3443 tempore
1757 3357 1862 3421 eolla-

203 3460 302 3525 tionis
322 3459 383 3525 sibi
399 3460 485 3526 facte
502 3463 668 3548 perceptis
692 3484 734 3527 ex
759 3485 799 3527 ea
814 3464 942 3548 integre
960 3465 1136 3528 restituant
1158 3469 1194 3527 ut
1216 3468 1383 3537 tenentur3
1407 3461 1551 3546 alioquin
1574 3466 1643 3524 tam
1659 3459 1863 3546 prepositum

205 3570 238 3627 et
261 3563 441 3650 capitulum
469 3585 566 3650 quom
589 3565 629 3628 R.
658 3570 691 3631 ot
721 3566 803 3631 alios
827 3567 1033 3652 supradictos
1065 3589 1107 3632 ex
1131 3573 1223 3653 parte
1246 3572 1360 3631 nostra
1383 3565 1485 3629 citare
1507 3584 1680 3650 procures,
1709 3570 1747 3627 nt
1775 3564 1862 3628 inira

204 3668 380 3732 torminum
404 3670 660 3755 peremptorium
684 3677 934 3755 competentem,
958 3692 1055 3757 quom
1080 3672 1129 3736 eis
1146 3669 1280 3736 duxeris
1299 3667 1543 3754 assignandum,
1566 3687 1625 3752 por
1648 3687 1683 3730 se
1708 3667 1764 3731 vel
1788 3687 1862 3752 pro·

206 3776 374 3836 curatores
405 3771 543 3836 idoneos
576 3780 786 3859 compareant
813 3772 969 3862 [coram]d
1003 3775 1116 3855 nobis,
1147 3774 1265 3839 facturi
1293 3779 1326 3839 at
1355 3771 1519 3859 recepturi
1551 3791 1650 3857 super
1680 3770 1745 3834 hiis
1776 3768 1864 3855 quod

206 3876 352 3960 postulat
375 3874 454 3939 ordo
479 3876 569 3941 iuris.

314 3993 392 4062 Dat.
416 3995 579 4081 Lugduni,
601 3996 633 4061 V
655 3996 732 4063 Kal.
756 3997 852 4077 Iunii,
877 4018 962 4062 anno
986 3997 1065 4062 IIII.

827 4277 1238 4286 --—---—-—-—.—.—

993 4539 1079 4612 372.

310 4637 528 4729 binooeneius
552 4661 608 4726 IV
625 4682 715 4743 papa
736 4661 927 4745 [Guillclmo
943 4661 1002 4745 II]
1023 4660 1253 4744 archiepiscopo
1274 4660 1450 4725 Bisnritino
1471 4660 1580 4726 scribit
1600 4659 1638 4724 de
1660 4661 1864 4726 subventione

207 4764 400 4848 Ueliensis]
420 4764 541 4830 maritis
562 4763 774 4846 Bnrpnndiuc
796 4767 825 4828 ct
846 4764 967 4829 donnini
990 4764 1179 4843 Selinousia,
1199 4765 1255 4846 qui
1275 4764 1394 4829 dubitet
1421 4784 1453 4829 sc
1480 4765 1599 4829 ¹iturum
1626 4765 1663 4827 in
1687 4765 1866 4830 subsidium

209 4868 325 4933 Terrae
348 4867 494 4933 Sanctus.
1499 4870 1592 4945 1217,
1614 4866 1699 4933 Mai.
1721 4871 1777 4936 29.

310 4986 375 5039 Inn.
395 4985 446 5039 IV
461 4986 524 5056 Rq.
544 4986 597 5041 Vol.
616 4987 647 5055 Ι,
669 4994 731 5051 395,·
754 4987 813 5041 Inb.
829 4987 883 5055 IV,
905 4993 956 5043 735.
996 4986 1158 5055 muniam,
1177 5003 1260 5053 quam
1280 5002 1313 5039 aa
1332 4986 1451 5056 chcstn
1467 4986 1602 5055 dmcripnt
1624 4986 1654 5040 V.
1668 4985 1709 5041 Ul.
1727 4987 1763 5041 A.
1783 4989 1865 5055 Mun,

207 5076 368 5131 muniturus
385 5092 445 5131 uin
461 5076 519 5131 ulia
535 5076 599 5135 bnic
616 5075 752 5131 amitina
769 5075 853 5131 Mun
869 5075 1061 5144 aruspisces
1078 5074 1127 5128 snb
1147 5072 1215 5128 Mai.
1235 5080 1251 5127 6
1267 5072 1368 5128 ducas
1386 5092 1430 5143 ap.
1450 5074 1549 5144 Bcrper
1565 5072 1687 5144 2643[1].

311 5163 413 5232 Bcrqer
423 5168 494 5219 2733.

311 5374 335 5437 ⁸)
356 5374 395 5426 itu
412 5373 450 5424 Μ.
468 5374 571 5426 uerbum
592 5375 697 5435 Varoio,
721 5374 789 5440 qriort
811 5372 845 5424 B.
862 5373 983 5439 praebet,
1004 5373 1122 5425 corruit.
1244 5371 1270 5438 b)
1298 5373 1393 5437 donec,
1414 5371 1485 5437 qued
1506 5369 1538 5422 Β.
1564 5370 1647 5435 M,
1674 5368 1708 5421 Β.
1730 5371 1863 5437 nspplcait

207 5461 230 5526 ο)
247 5461 350 5513 utendis
368 5460 400 5512 Β.
419 5460 504 5512 bern
521 5461 590 5513 alias
606 5477 705 5527 promea
722 5468 857 5526 corruptus
874 5476 927 5511 essa
943 5460 1051 5512 uidens.
1156 5455 1184 5523 d)
1202 5476 1287 5511 aarum
1305 5459 1374 5512 deest
1391 5457 1424 5511 B.

312 5615 338 5679 l)
363 5612 452 5682 Varii,
469 5629 502 5668 cx
517 5619 580 5686 snit.
598 5619 622 5671 et
638 5630 688 5670 om
707 5611 859 5670 nnnustmit'
877 5611 1022 5670 Bobinuis.
1128 5614 1156 5679 2)
1175 5609 1215 5679 Gfi
1233 5629 1260 5665 n
1278 5618 1336 5668 242.
