4328 6232
202 377 264 440 358
754 371 805 428 EX
823 369 1043 426 Innocnnru
1060 367 1098 422 1v
1117 367 1298 424 anaisrao

278 638 515 730 Gregorio
543 638 594 711 de
621 638 931 730 Montelongo
958 635 1263 711 subdiacono
1291 638 1336 706 et
1362 634 1558 708 notario
1587 641 1777 724 nostro,

716 759 969 851 apostolice
995 756 1125 831 sedis
1151 756 1340 847 legato⁸.

308 910 452 995 Dignum
477 915 528 974 est
551 916 584 974 et
600 917 854 976 consentaneum
869 909 996 991 rationi,
1012 914 1048 972 nt
1062 907 1119 988 hii,
1135 907 1191 991 qui
1206 905 1314 970 divino
1338 905 1454 969 timore
1477 924 1515 969 ac
1538 906 1718 972 animarum
1744 909 1851 975 salute

202 1015 389 1101 postpositis
420 1035 486 1077 non
516 1021 670 1078 verentur
704 1015 745 1078 ad
774 1015 870 1078 fortia
899 1014 1028 1078 mittere
1060 1031 1175 1076 manns
1206 1030 1301 1087 suas,
1329 1006 1613 1075 animadversione
1636 1009 1769 1087 debita,
1792 1013 1849 1077 utl

201 1118 330 1182 illorum
348 1139 432 1204 pena
449 1123 630 1182 ceterorum
646 1123 753 1182 metus
773 1138 847 1182 esse
863 1117 983 1197 valeat,
1000 1115 1211 1200 castigentur.
1231 1110 1327 1176 ‘Cum
1344 1111 1445 1196 igitur
1459 1132 1595 1179 comune
1612 1113 1849 1197 Cremonense,

203 1221 352 1307 exceptis
381 1220 574 1306 quibusdam
603 1219 754 1285 fidelibus
782 1227 816 1285 et
845 1219 971 1285 devotis
1001 1218 1155 1297 ecclesie,
1183 1221 1257 1303 post
1279 1216 1379 1279 latam
1403 1215 1436 1279 in
1458 1215 1660 1282 Fridericum
1684 1219 1850 1303 quondam

204 1325 432 1410 imperatorem
456 1323 669 1410 depositionis
692 1325 887 1389 sententiam
911 1321 1019 1388 eidem
1041 1321 1159 1386 lortius
1184 1340 1281 1406 quam
1296 1325 1402 1398 antea,
1419 1319 1656 1404 quodammodo
1672 1323 1849 1389 indissolu-

203 1428 326 1507 biliter,
361 1427 562 1507 inherentes,
592 1428 764 1491 ecclesiam
795 1428 928 1513 eiusque
956 1424 1093 1491 devotos
1121 1423 1333 1488 dinoscantur
1365 1422 1539 1488 immanius
1568 1428 1749 1510 persecuti:
1780 1448 1850 1505 nos,

204 1552 376 1595 excessum
399 1530 584 1595 huiusmodi
606 1531 687 1595 elias
710 1532 803 1595 iuxta
826 1529 1054 1595 enormitatem
1076 1528 1179 1615 ipsius
1213 1526 1327 1591 ulcisci
1355 1546 1413 1590 suo
1438 1532 1586 1613 tempore
1606 1529 1849 1614 intendentes¹‚

203 1655 317 1699 omnes
345 1632 440 1699 dotes
472 1640 504 1698 et
531 1639 716 1698 contractus
745 1633 869 1697 dotium
903 1653 962 1697 scu
993 1631 1228 1718 promissiones
1255 1630 1360 1694 factas
1389 1630 1619 1716 cuiuscumque
1648 1635 1848 1699 matrimonii

205 1759 306 1802 causa
335 1760 394 1824 per
423 1738 663 1803 Cremonenses
694 1737 861 1802 indevotos
894 1736 1033 1801 ecclesie
1061 1734 1249 1799 incivitate
1274 1732 1489 1797 Cremonensi
1513 1735 1699 1817 valentro,
1725 1739 1850 1803 sivein

203 1842 350 1906 fraudem
366 1842 452 1907 facte
474 1842 596 1907 inerint
616 1843 684 1907 sive
707 1849 822 1927 sponte
838 1847 1009 1926 acceptate
1026 1839 1218 1926 apartibus,
1235 1837 1411 1902 irritamus.
1456 1836 1679 1919 Mandemus0,
1696 1843 1851 1926 quatinus

203 1945 363 2032 premissa
393 1947 502 2010 omnia
530 1946 755 2032 sollempniter
788 1946 937 2032 publices
972 1954 1005 2008 et
1032 1941 1191 2031 publicari
1219 1941 1321 2005 iacias
1351 1961 1411 2026 per
1434 1940 1543 2004 omnia
1565 1941 1650 2021 loca,
1674 1943 1707 2007 in
1732 1945 1851 2030 quibus

202 2048 321 2114 videris
346 2046 515 2133 expedire;
539 2049 796 2113 contradictores
820 2054 881 2113 etc.

305 2168 381 2232 Dat.
404 2168 566 2252 Lugduni,
582 2168 650 2232 VII
673 2168 751 2234 Idus
774 2168 894 2250 Martii,
918 2190 1003 2234 anno
1020 2168 1076 2233 V0.

981 2555 1068 2629 508.

305 2661 523 2760 Innocentius
537 2696 594 2762 IV
600 2718 692 2779 papa
713 2696 810 2761 eidem
834 2695 972 2774 mandat,
991 2698 1027 2760 nt
1042 2695 1182 2776 publicet
1203 2714 1235 2758 sc
1257 2712 1361 2758 omncs
1375 2695 1614 2776 coniurationes,
1623 2698 1851 2778 prmrissiones

201 2799 230 2859 et
253 2796 421 2880 fendcrnrn
441 2798 595 2878 dationes,
618 2820 697 2881 qnos
718 2799 939 2884 waldericus]
960 2798 1116 2880 qnondam
1139 2798 1308 2879 imperator
1329 2798 1455 2878 cinsquc
1476 2800 1547 2862 nati
1567 2804 1597 2863 et
1614 2797 1762 2883 forciores
1778 2805 1850 2882 post

202 2899 300 2963 ictam
320 2901 357 2964 n'n
378 2920 428 2965 cos
449 2903 792 2967 esconrmnnicntionem
814 2902 962 2994 dadonis
983 2902 1159 2965 devotorum
1181 2899 1324 2965 ecclesiae
1341 2898 1486 2984 fecerint,
1508 2902 1649 2968 irritare.

304 3018 366 3073 Ira.
385 3020 433 3074 IV
442 3021 507 3090 Rep.
525 3020 580 3076 Vol.
600 3022 623 3088 Ι,
641 3028 704 3088 arm
721 3022 781 3075 lan.
800 3021 830 3088 V,
849 3027 904 3075 aas.
1180 3094 1185 3103 Ι
1492 3008 1585 3086 1248,
1606 3006 1710 3075 Mari.
1734 3011 1764 3074 9.

304 3105 402 3173 Berper
418 3113 493 3161 3704.

931 3217 1121 3291 Eidem.

304 3364 464 3432 Volentes
488 3367 616 3432 devotis
644 3369 798 3450 ecclesie,
822 3374 935 3433 contra
958 3390 1037 3454 qnos
1059 3368 1101 3433 ab
1123 3369 1227 3454 ipsius
1255 3370 1522 3454 persccutoribns
1545 3391 1734 3456 processum
1758 3369 1853 3436 dino-

201 3468 313 3550 scitur,
336 3477 472 3556 patema
494 3471 711 3537 sollieitudine
728 3472 910 3552 subvenire,
930 3494 1042 3537 omnes
1063 3473 1303 3538 coniurationes
1327 3481 1361 3538 et
1383 3474 1577 3539 securitates
1600 3495 1638 3538 ac
1661 3475 1853 3560 promissio·

200 3592 257 3635 nes
280 3580 313 3637 et
335 3573 507 3639 feudorum
531 3576 681 3641 dationes
713 3598 752 3640 ac
775 3577 1026 3661 assignationes,
1049 3576 1153 3641 iactas
1175 3576 1229 3641 vel
1250 3576 1417 3641 iaciendas
1441 3576 1481 3641 de
1504 3577 1654 3661 personis
1676 3587 1734 3642 ant
1755 3580 1853 3644 honis

200 3676 377 3741 eorundem
395 3676 585 3743 devotorum
605 3699 665 3764 per
684 3678 720 3743 F.
738 3680 897 3765 quondam
915 3681 1147 3767 imperatorem
1163 3680 1298 3764 eiusque
1314 3687 1407 3744 natos
1424 3700 1483 3743 seu
1498 3679 1660 3764 quoslibet
1673 3682 1756 3746 alios
1780 3683 1852 3748 fan·

200 3784 288 3843 tores
312 3800 433 3860 eorum,
456 3775 627 3868 postquam
642 3783 703 3847 suit
717 3783 750 3847 in
766 3785 873 3870 ipsum
890 3784 926 3848 Il.
944 3790 977 3848 et
993 3783 1188 3848 adherentes
1206 3782 1310 3847 eidem
1328 3783 1672 3850 excommunicationis
1689 3787 1855 3852 sententia

200 3883 436 3967 promulgata²‚
460 3884 501 3949 de
520 3886 656 3950 fratrum
678 3893 860 3951 nostrorum
878 3887 1011 3951 consilio
1029 3887 1204 3966 irritamus,
1220 3885 1400 3953 districtius
1416 3886 1602 3952 inhibentes
1625 3909 1666 3953 ne
1684 3888 1725 3954 de
1741 3898 1855 3954 cetero

202 3985 280 4049 talia
302 3996 540 4072 presumuntur.
597 3989 649 4053 Illi
672 4011 768 4067 vero,
792 3992 846 4075 qui
876 3989 916 4055 ad
940 3990 1001 4055 hec
1025 3988 1102 4054 dare
1126 3990 1385 4075 presumpserint
1408 3990 1594 4069 eonsilium,
1618 3992 1778 4056 auxilium
1802 3995 1853 4058 vel

200 4087 358 4168 favorem,
390 4093 732 4157 excommunicationis
767 4095 928 4159 sententie
964 4116 999 4158 se
1027 4093 1178 4157 noverint
1208 4093 1389 4158 subiacere.
1451 4092 1662 4173 Mandamus‚
1700 4097 1853 4180 quatinus

200 4193 360 4276 premissa
383 4196 492 4258 omnia
515 4202 575 4259 etc.
599 4202 635 4259 nt
659 4217 756 4282 supra
778 4219 880 4282 usque
904 4198 937 4261 iu
960 4198 1068 4263 tinem.

984 4566 1071 4638 509.

305 4672 523 4766 Innocentius
544 4702 602 4766 IV
614 4724 706 4784 papa
734 4705 832 4769 eidem
861 4707 1006 4784 nronriat,
1035 4710 1071 4769 nt
1097 4708 1133 4769 in
1161 4706 1304 4769 omnibns
1325 4707 1504 4770 cinitot-ihus
1526 4705 1751 4786 Laniculum,
1773 4731 1853 4790 qnae

199 4826 267 4869 cum
281 4803 483 4888 Ffflderico]
497 4806 653 4884 quondam
675 4808 861 4888 insperolore
882 4815 910 4872 ct
930 4811 1010 4891 filiis
1031 4811 1099 4873 ciris
1109 4814 1182 4890 post
1204 4811 1302 4874 lahem
1324 4812 1360 4873 in
1382 4832 1432 4874 eos
1454 4812 1800 4876 excornmnnimtr'onem
1822 4832 1853 4877 se

201 4910 367 4982 manarint,
391 4907 546 4988 baptisma
565 4912 770 4991 parvolorum
793 4918 822 4976 ct
843 4914 1037 4994 sepseltnram
1059 4914 1296 4978 ecclesiasticam
1317 4914 1527 4978 dcecdcntinm
1547 4915 1697 4980 ichihein.

303 5026 780 5097 1nn.1VReq.V01.tors,·Ln.
801 5032 903 5100 Kosa.
1491 5021 1585 5097 1248,
1607 5018 1710 5086 Mari.
1734 5021 1764 5087 9.

303 5114 403 5181 Berper
419 5120 492 5168 3705.

302 5357 327 5423 ⁸)
346 5358 435 5410 Eidem
448 5357 495 5418 B.;
512 5359 636 5410 antecedit
653 5378 678 5410 n.
691 5366 746 5413 514.
860 5361 885 5427 ¹³)
902 5379 934 5414 ac
946 5362 978 5412 Ii.
1095 5364 1118 5426 o)
1139 5364 1185 5423 B.‚·
1203 5365 1353 5416 mandantes
1367 5365 1396 5414 P.
1404 5382 1413 5428 ‚·
1430 5367 1464 5432 cf.
1478 5384 1503 5417 n.
1516 5370 1574 5417 508.

303 5477 329 5544 1)
349 5474 388 5540 Cf.
406 5492 434 5528 n.
452 5481 598 5529 olo-513.
643 5477 770 5532 Fortunae
791 5497 868 5550 papa
894 5482 1017 5550 maurit,
1040 5487 1100 5550 posi
1124 5483 1260 5536 Mariam
1284 5483 1360 5537 Fahr.
1382 5490 1412 5538 18
1437 5502 1455 5536 a
1480 5484 1669 5539 Parnasum
1691 5491 1850 5556 regratiatu-

110 5582 117 5595 ·
199 5559 381 5613 assonam
391 5561 811 5633 extraneoacodemmodcatqae
821 5584 896 5620 anno
904 5568 1047 5635 praeterita
1057 5567 1222 5636 Parmenone,
1234 5569 1542 5638 eiritctcsnnpotitnroa
1552 5586 1613 5625 esec.
1684 5573 1712 5639 2)
1731 5573 1849 5641 Ati-w,

201 5644 284 5698 Mart.
302 5652 343 5698 20.
