4328 6232
201 325 262 387 174
759 319 807 375 EX
825 318 1044 376 INNOOENTII
1061 318 1101 374 1v
1120 318 1301 378 auelsvuo

199 496 341 583 partium
365 497 427 562 fuit
450 497 658 564 conniventia
680 496 872 573 ordinatum,
897 504 933 561 ut
956 497 1144 584 prepositus
1161 496 1332 563 vinearum
1354 502 1428 563 octo
1445 499 1560 582 iugera
1576 497 1608 561 in
1625 500 1738 561 monte
1755 490 1866 557 sancti

199 600 346 666 Victoris
369 609 403 667 et
426 601 588 667 decimam
612 604 646 666 in
662 591 913 667 Bischoveshim
931 601 1109 666 Orientalis
1126 599 1308 667 Franconie
1333 608 1366 666 et
1387 602 1421 666 in
1437 599 1621 667 [licteus-¹
1645 605 1679 663 et
1696 597 1864 663 decimam

199 707 232 770 in
248 704 453 771 Rudesheim
478 714 638 793 perpetuo
663 706 833 794 possideat
856 727 930 769 cum
955 725 1068 770 eorum
1091 705 1294 791 appendiciis
1317 706 1486 784 universis,
1509 706 1556 769 ita
1578 706 1690 768 tamen
1712 697 1865 764 utnulla

200 811 231 875 ei
255 811 309 876 vel
334 811 402 875 suis
425 811 671 876 successoribus
695 832 736 876 ea
758 810 901 875 donandi
924 830 983 874 seu
1006 809 1102 874 modo
1126 811 1234 895 aliquo
1264 808 1429 875 alienandi
1455 809 1497 873 ab
1525 807 1668 872 ecclesia
1696 802 1865 891 prelibata

200 914 406 998 relinquatur
428 921 591 999 potestas;
614 914 699 999 qnod
724 914 751 977 si
775 913 900 985 iecerit,
925 915 1016 998 penis
1041 913 1212 978 subiaceat
1235 935 1255 978 a
1277 912 1458 978 canonibus
1482 910 1678 975 constitutis.
1717 905 1866 989 Reliqua

201 1038 279 1082 vero
304 1021 424 1097 omnia,
447 1038 511 1103 que
537 1038 620 1082 nunc
644 1018 744 1082 habet
768 1018 911 1082 ecclesia
933 1019 986 1082 vel
1010 1018 1181 1102 largitione
1205 1016 1349 1082 fidelium
1366 1037 1424 1082 seu
1442 1032 1646 1101 quocumque
1662 1013 1749 1075 iusto
1765 1007 1867 1073 titulo

201 1123 233 1186 iu
258 1129 426 1208 posterum
450 1124 570 1208 poterit
593 1121 739 1208 adipisci,
764 1123 878 1187 usibus
902 1122 1049 1198 fratrum,
1081 1142 1146 1185 nou
1171 1120 1323 1186 obstante
1347 1119 1601 1184 contradictione
1627 1113 1787 1202 prepositi
1807 1110 1867 1174 vel

203 1244 428 1289 successorum
454 1247 595 1307 suorum,
619 1226 721 1291 libere
746 1234 779 1292 et
801 1228 928 1313 integre
951 1227 1140 1313 pertineant
1163 1227 1195 1289 in
1219 1227 1375 1290 futurum.
1413 1223 1486 1288 Hoc
1510 1241 1640 1308 quoque
1663 1215 1868 1283 ordinationi

202 1328 349 1413 predicte
379 1336 491 1414 pateat
520 1330 720 1408 accessisse,
749 1330 836 1415 quod
865 1330 893 1393 si
916 1331 1001 1395 forte
1024 1330 1187 1396 Dominus
1210 1332 1400 1396 facultatem
1424 1326 1598 1392 contulerit
1620 1322 1760 1389 ecclesie
1783 1339 1866 1405 pre·

203 1430 304 1495 libate
328 1431 438 1518 aliqua
460 1433 579 1498 feudab
602 1432 794 1503 redimendi.
818 1433 956 1499 liberam
981 1434 1022 1498 ad
1046 1435 1108 1499 hoc
1124 1435 1268 1500 habeant
1283 1439 1481 1521 potestatem
1498 1430 1635 1494 iratres⁰
1651 1435 1685 1490 et
1701 1446 1752 1504 ea,
1776 1423 1866 1487 sieut
1941 1440 1944 1446 ·

204 1533 360 1620 expedire
384 1536 446 1600 sibi
463 1535 616 1616 viderint,
639 1538 779 1622 propriis
804 1538 917 1602 usibus
942 1537 1133 1624 deputandi,
1157 1545 1191 1603 et
1206 1537 1404 1624 prepositus,
1428 1536 1483 1621 qui
1498 1542 1576 1599 tuuc
1591 1530 1702 1607 fuerit,
1724 1525 1867 1592 hominii

204 1638 369 1702 vinculum
393 1638 434 1704 de
457 1640 561 1704 libera
585 1640 753 1703 voluntate
777 1641 915 1718 relaxet,
941 1661 1003 1726 quo
1027 1641 1135 1706 inerat
1158 1643 1312 1706 astrictus
1334 1639 1428 1719 sibid,
1452 1640 1635 1724 quicunque
1657 1632 1866 1715 redemptum

204 1741 337 1805 feudum
367 1742 549 1808 detinebat.
595 1743 672 1829 Ipse
701 1764 829 1828 quoque
862 1747 1049 1830 prepositus
1074 1744 1114 1810 de
1139 1746 1352 1830 proventibus
1378 1734 1667 1830 [redemptorum]⁸
1689 1733 1866 1801 feudorum

204 1843 332 1907 ratione
362 1846 411 1909 sui
441 1845 595 1931 stipendii
620 1847 704 1910 sicut
726 1847 811 1910 alius
836 1847 876 1911 de
900 1847 1057 1912 fratribus
1082 1850 1223 1914 ecclesie
1247 1849 1407 1935 percipiat
1430 1846 1625 1933 portionem.
1670 1837 1866 1911 Ediversm

206 1947 232 2009 si
255 1949 441 2032 prepositus
466 1951 575 2035 aliqua
599 1950 639 2013 de
664 1950 770 2014 feudis
795 1951 859 2015 sibi
876 1953 996 2036 poterit
1014 1952 1180 2017 attrahere
1197 1953 1249 2016 vel
1267 1974 1327 2038 per
1343 1951 1508 2015 defectum
1524 1944 1682 2012 heredum
1698 1938 1864 2017 habuerit,
1934 1957 1945 1989 τι

206 2051 273 2113 suis
306 2058 339 2115 ct
369 2073 596 2117 successorum
627 2075 760 2118 suorum
788 2063 949 2139 perpetuo
979 2056 1044 2119 siut
1074 2056 1187 2119 usibus
1220 2055 1387 2141 deputata.
1432 2053 1472 2116 ln
1498 2049 1605 2117 feudis
1634 2040 1867 2111 concedendis,

206 2154 356 2219 ecclesiis
381 2157 588 2221 conferendis
613 2164 645 2222 et
659 2157 788 2234 ,ceteris
813 2157 929 2220 officiis
953 2158 1110 2222 hactenus
1134 2158 1175 2222 ab
1199 2179 1238 2223 eo
1262 2159 1377 2222 locatis
1400 2153 1624 2242 spiritualibus
1648 2151 1747 2215 etiam
1779 2145 1867 2209 omui

206 2258 275 2321 iurc
300 2257 396 2323 velud
420 2259 513 2323 antef
534 2261 733 2346 perfruatur.
778 2260 816 2324 ln
839 2261 975 2324 licentia
1000 2262 1139 2347 amplius
1170 2284 1266 2347 quam
1296 2261 1427 2325 dimidio
1457 2279 1542 2323 anno
1572 2253 1681 2320 danda
1709 2269 1866 2315 assensus

207 2362 381 2446 prepositi,
413 2364 547 2427 excluso
581 2365 667 2427 omni
698 2365 783 2427 malo
813 2365 959 2448 ingenio.
993 2367 1020 2428 si
1051 2366 1153 2451 ipsius
1182 2367 1287 2452 possit
1315 2365 1429 2430 haberi
1458 2362 1640 2449 presentia,
1672 2354 1866 2441 requiratur.

207 2464 449 2530 Auctoritatem
473 2472 593 2541 autem,
617 2488 714 2552 qnam
738 2488 842 2552 usque
867 2476 944 2532 tunc
968 2470 1129 2534 habuerat
1153 2472 1186 2533 in
1210 2471 1424 2557 suspensione
1449 2467 1634 2531 absentium
1655 2455 1865 2546 postulanda.
1917 2479 1942 2517 ro

206 2569 373 2654 preposito
404 2571 627 2655 reliquimus&
658 2579 694 2634 ut
721 2578 830 2636 tamen
865 2575 1116 2659 suspensionum
1141 2584 1319 2660 proventus
1344 2575 1375 2637 in
1399 2594 1479 2637 usus
1503 2570 1639 2634 fratrum
1662 2560 1867 2651 presentium

207 2672 351 2736 totaliter
381 2681 623 2754 convertantur,
655 2697 694 2740 eo
725 2683 868 2762 excepto
897 2677 982 2762 quod
1012 2681 1179 2764 preposito
1208 2681 1334 2743 ratione
1364 2679 1415 2741 sui
1441 2673 1597 2762 stipendii
1619 2677 1789 2752 tamqnam
1810 2660 1867 2725 alii

208 2773 302 2839 fratri
327 2775 432 2841 cedet.
470 2777 562 2841 Inter
586 2784 699 2843 cetera
721 2779 804 2844 hec¹¹
827 2789 940 2844 nostra
957 2781 1152 2847 deliberatio
1169 2783 1368 2868 procuravit,
1392 2786 1428 2844 ut
1442 2776 1627 2865 prepositus
1643 2774 1676 2837 in
1693 2764 1868 2836 cellerario

208 2878 362 2942 iratribus
391 2879 579 2965 provideat,
610 2903 707 2966 quern
736 2885 911 2969 capitulum
942 2887 992 2949 vel
1021 2888 1124 2950 maior
1156 2893 1188 2950 et
1217 2887 1327 2949 sanior
1359 2905 1434 2969 pars
1459 2881 1521 2945 sibi
1545 2877 1658 2966 prefici
1681 2869 1867 2962 postularit.

208 2980 259 3046 Ne
282 2990 392 3047 autem
415 2984 448 3046 in
471 2984 576 3048 forma
597 2988 782 3073 prescripta
799 2990 833 3053 in
849 2998 1020 3075 posterum
1036 2990 1158 3076 aliquid
1175 2989 1293 3077 possiti
1307 2987 1481 3066 immutari,
1504 2987 1695 3070 presentem
1709 2975 1867 3064 pagiuam
1917 2999 1941 3039 a

208 3093 309 3150 totam
332 3087 546 3153 ordinationis
570 3099 681 3155 nostre
699 3094 817 3157 seriem
835 3096 1056 3161 continentem
1074 3096 1233 3161 conscribi
1249 3095 1388 3159 lecimus
1405 3098 1439 3157 et
1455 3088 1554 3174 sigilli
1570 3077 1869 3170 nostri-munimine

208 3190 365 3272 roborari,
389 3192 449 3256 sub
473 3194 738 3262 interminatione
762 3199 982 3266 anathematis
1006 3202 1108 3264 artius
1132 3200 1328 3277 inhibentes,
1352 3219 1393 3262 ue
1418 3195 1491 3280 quis
1515 3193 1546 3257 ei
1562 3198 1689 3256 temere
1706 3181 1871 3250 contraire

209 3301 392 3378 presumat;
416 3296 501 3382 quod
525 3298 553 3362 si
577 3300 648 3385 quis
673 3303 927 3386 attemptaverit,
951 3304 1301 3368 excommunicationis
1325 3307 1437 3365 nostre
1460 3293 1657 3361 seutentiam
1681 3310 1717 3354 se
1740 3283 1872 3352 noverit

208 3398 394 3464 iucurrisse.
441 3400 638 3467 Gerbodus¹
667 3409 777 3469 autem
809 3408 993 3492 prepositus
1026 3407 1138 3472 Sancti
1163 3407 1253 3471 Petri
1283 3412 1317 3470 et
1345 3402 1533 3467 llridericus
1565 3395 1698 3462 maioris
1726 3388 1871 3458 ecclesie

209 3498 353 3567 decanus
377 3503 604 3588 Maguntinus¹
635 3506 730 3571 modo
755 3515 789 3572 et
812 3508 925 3574 ordine
949 3511 1083 3574 testium
1108 3512 1140 3574 in
1163 3510 1225 3574 hac
1248 3509 1369 3595 pagina
1392 3527 1456 3571 non
1481 3511 1557 3568 sunt
1580 3498 1706 3585 scripti,
1729 3517 1773 3560 ne
1795 3514 1870 3560 cnm
1921 3519 1946 3558 a

210 3603 252 3668 de
277 3604 404 3670 sedium
428 3628 561 3672 suarum
584 3611 793 3694 prerogotiva
817 3612 1030 3691 contendant,
1054 3614 1149 3679 alteri
1173 3634 1217 3677 ex
1239 3613 1301 3676 hiis
1324 3608 1541 3697 preiudicium
1564 3605 1740 3688 irrogetur,
1763 3618 1871 3665 exeo

210 3708 296 3793 quod
328 3711 382 3773 alii
406 3719 631 3797 postponatur.
676 3714 795 3779 Testes
825 3717 882 3780 alii
909 3726 1026 3781 suntm:
1060 3716 1260 3782 Godefridus
1292 3722 1415 3793 custos,
1447 3708 1638 3776 Ruthardus
1668 3704 1872 3782 cellararius,

209 3813 368 3897 magister
383 3812 562 3893 Heroldus,
587 3815 753 3883 Hearicus
776 3821 963 3905 prepositus
980 3821 1188 3904 Pinguensis,
1211 3820 1371 3904 magister
1387 3816 1542 3893 Ohcrtus,
1565 3811 1715 3878 canonici
1736 3807 1872 3873 maioris

211 3916 366 3996 ecclesie,
395 3917 621 3984 Theodericus
649 3921 810 4003 decanus,
841 3922 989 3989 Rifridus
1020 3926 1228 3997 scolasticus,
1260 3921 1478 3987 Baldemarus
1502 3924 1626 3997 cautor,
1653 3912 1872 4000 egelwardus

211 4019 403 4084 cellararius
427 4021 538 4087 Sancti
561 4023 667 4105 Petri,
695 4025 861 4092 Iohannes
889 4027 1049 4109 decanus,
1073 4027 1257 4093 Wcrnerus
1280 4025 1492 4101 scolasticus,
1520 4017 1721 4085 Godel'ridus
1745 4022 1873 4093 cantor,
1924 4036 1947 4074 ιε

211 4120 398 4187 Fridericus
433 4127 624 4191 cellararius
655 4127 768 4192 Sancti
800 4129 975 4217 Stephani,
1008 4131 1176 4197 Arnoldus
1207 4129 1365 4205 decanus,
1396 4124 1630 4190 Willehelmus
1665 4121 1874 4199 scolasticus,

211 4225 386 4294 Embrico¹¹
420 4238 535 4296 cantor
564 4232 685 4297 Sancte
717 4233 820 4299 Maris
857 4235 899 4299 ad
933 4235 1081 4315 Gradus,
1117 4235 1272 4299 Dimarus
1309 4232 1469 4307 decanus,
1509 4227 1716 4312 Sivveginus⁰
1751 4229 1875 4301 cantor,

210 4331 377 4398 llelvvicus
412 4343 523 4401 custos
560 4336 672 4402 Sancti
709 4337 880 4417 Iohannis,
916 4338 1086 4404 Corradus
1121 4339 1267 4404 decanus
1299 4336 1412 4402 Sancti
1448 4333 1615 4411 Mauricii,
1651 4329 1874 4415 Rudengerns

212 4435 357 4533 decanus
382 4438 494 4504 Sancti
519 4440 672 4525 Gingolfi,
697 4442 809 4505 etalii
834 4442 1056 4527 quamplures.

321 4542 408 4607 Acta
431 4550 508 4608 sunt
529 4544 591 4609 hec
615 4565 700 4608 anno
724 4545 960 4611 incamatiouis
984 4545 1155 4610 Dominicc
1178 4543 1349 4621 uoexll,
1373 4542 1551 4607 indictione
1574 4539 1648 4604 XV.
1923 4560 1946 4596 w

320 4645 397 4712 Dat.
422 4648 604 4733 Maguutie,
628 4648 662 4712 ΙΙ
684 4649 767 4713 Non.
792 4649 973 4715 Februarii.

320 4751 411 4816 Nulli
436 4774 516 4837 ergo
540 4761 602 4817 etc.
627 4761 738 4817 nostre
763 4755 1018 4818 confirmationis
1042 4764 1105 4818 ete.
1152 4753 1185 4817 Si
1211 4753 1283 4838 quis
1308 4759 1369 4816 etr.

321 4873 397 4938 Dat.
422 4875 585 4959 Lugduni,
608 4875 640 4939 V
662 4874 741 4939 Idus
765 4877 917 4960 Augusti,
942 4899 1027 4941 anno
1051 4877 1098 4940 ll'
1108 4877 1131 4938 ².

524 5038 892 5045 —.-—.—--.-.—.--
1137 5037 1285 5044 .--..-—-

317 5157 341 5220 ⁸)
359 5158 456 5208 lieston
469 5156 503 5207 A.
625 5154 650 5219 b)
670 5157 742 5207 saida
756 5157 801 5215 .l.,·
825 5157 862 5206 ito
879 5173 978 5221 semper
997 5165 1019 5205 ct
1036 5156 1118 5220 iufra.
1241 5156 1265 5218 ⁰)
1290 5162 1340 5221 pot
1364 5154 1395 5203 ir.
1413 5152 1453 5202 ha
1467 5152 1501 5201 A.
1623 5143 1650 5210 d)
1673 5156 1721 5199 nst
1740 5145 1772 5196 ai.
1791 5146 1830 5196 fn.
1843 5142 1876 5194 A.

214 5243 237 5309 θ)
251 5245 300 5307 Α.;
317 5243 505 5310 redemptorum
523 5242 592 5294 (leret
603 5241 634 5292 12.
740 5239 760 5299 sl
778 5251 854 5294 niteo
866 5242 899 5293 A.
1004 5244 1030 5303 o)
1048 5241 1216 5306 relinquimus
1230 5241 1262 5290 sl.
1367 5236 1392 5300 h)
1411 5239 1460 5289 hoc
1473 5237 1505 5287 Δ.
1611 5231 1631 5296 ¹)
1648 5233 1682 5284 ab
1695 5249 1737 5299 po.
1748 5233 1778 5284 in
1790 5249 1831 5300 po.
1842 5230 1876 5282 A·
1925 5245 1948 5284 rs

214 5326 240 5391 ¹¹)
258 5330 377 5382 Gorbodo
391 5330 424 5379 A.
502 5325 521 5393 ¹)
540 5329 593 5380 dec
611 5346 659 5380 ma
679 5329 741 5380 ecel.
754 5328 908 5394 hloguntino
921 5327 953 5377 Α.
1034 5325 1066 5389 ¹¹¹)
1085 5327 1121 5376 hii
1139 5325 1201 5376 aaa
1215 5327 1248 5376 A.
1327 5324 1352 5379 Ι1)
1372 5322 1515 5375 Embercho
1529 5321 1561 5371 A.
1640 5319 1665 5382 ⁰)
1681 5318 1831 5387 Sigevvinna
1842 5316 1889 5375 A..

319 5463 904 5533 1)A10nSi9q'ridasIorubiqrisoopas
923 5461 1105 5530 Mogontiaco
1121 5460 1201 5514 adan
1218 5461 1336 5514 walae
1355 5452 1880 5525 miricordiam

216 5548 303 5616 Oisia,
328 5554 352 5602 d
375 5548 570 5603 decantationem
596 5550 717 5604 omniun
742 5550 861 5603 ΙοοοΜ
882 5548 915 5601 ia
941 5546 1065 5600 oratur·
1090 5545 1235 5600 Omnis
1261 5545 1459 5614 dmm&
1481 5538 1647 5605 ὼς
1668 5536 1790 5601 Η
1811 5536 1879 5594 Bt.

215 5632 338 5702 Mecum.
351 5638 369 5687 t.
383 5633 426 5699 ΙΙ,
441 5650 470 5702 p.
482 5642 541 5690 ⁵80.
644 5636 673 5705 2)
686 5634 846 5690 authentico
864 5633 947 5687 hairu
963 5631 1172 5699 antimotioms
1188 5637 1211 5686 rt
1229 5632 1342 5686 weiss
1357 5628 1488 5687 oblim
1764 5641 1794 5691 ⁸0
1805 5632 1881 5701 Μ
