4328 6232
767 337 816 399 nx
836 336 1054 401 innocentii
1073 340 1111 400 IV
1130 336 1311 401 nectareo

1024 543 1052 586 o.

930 632 959 704 Ε
974 631 985 703 i
1000 633 1023 704 d
1039 654 1059 705 e
1074 655 1111 706 m
1121 638 1145 707 ².

316 763 420 829 Cumb
437 770 470 830 te
487 764 528 829 ad
544 770 657 851 partes
674 764 769 829 Italic
785 772 848 831 eto.
866 770 902 829 nt
918 787 1017 851 supra
1032 787 1152 852 usque:
1177 767 1332 846 munitus,
1356 766 1542 831 discretioni
1565 774 1622 830 tue
1645 765 1861 830 transferendi

208 867 475 955 archiepiscopos
499 876 532 933 et
555 869 729 954 episcopos
753 875 808 932 tue
832 868 1005 953 legationis
1028 870 1069 935 de
1094 871 1162 935 suis
1186 870 1337 934 ecclesiis
1362 870 1403 934 ad
1423 870 1521 948 alias,
1551 871 1577 933 si
1605 868 1647 933 ad
1677 869 1752 933 illas
1775 869 1861 955 ipsos

207 973 366 1038 canonice
390 973 500 1037 vocari
531 973 706 1056 eontigerit
733 979 767 1037 et
794 973 927 1037 utilitati
959 972 1099 1038 ecclesie
1128 973 1248 1038 videris
1278 973 1451 1058 expedire,
1485 973 1621 1038 liberam
1651 972 1861 1037 concedimus

206 1077 402 1140 auctoritate
426 1077 626 1162 presentium
651 1080 860 1162 potestatem.

314 1187 391 1261 Dat.
414 1195 452 1253 ut
475 1208 583 1273 supra.
1019 1273 1038 1337 d

936 1383 1130 1456 Eidem.

316 1515 418 1581 Oum⁰
440 1522 473 1581 te
496 1516 536 1580 ad
560 1522 672 1602 partes
695 1521 757 1582 eto.
780 1523 938 1603 utsupra
961 1536 1080 1601 usque:
1111 1517 1267 1596 munitus,
1296 1516 1483 1581 discretioni
1507 1523 1564 1580 tue
1587 1516 1764 1582 amovendi
1787 1539 1860 1604 per-

205 1626 306 1706 petuo
330 1627 396 1684 tam
420 1619 683 1704 archiepiscopos
707 1626 740 1684 et
763 1619 938 1705 episcopos
962 1639 1059 1704 quam
1083 1618 1165 1683 alios
1189 1618 1401 1684 eeclesiarum
1426 1618 1570 1704 prelatos
1593 1626 1650 1685 tue
1679 1620 1861 1705 legationis,

206 1724 262 1808 qui
290 1723 412 1788 fuerint
440 1722 670 1787 inobedientes
700 1724 840 1789 ecclesie
864 1724 917 1789 vel
946 1725 1086 1790 rebelles
1110 1744 1169 1789 seu
1193 1729 1307 1789 contra
1330 1724 1434 1810 ipsam
1458 1725 1718 1810 presumpserint
1741 1726 1861 1811 aliquid

206 1826 384 1891 machinari
408 1832 442 1890 et
465 1827 498 1891 in
522 1846 581 1890 sua
604 1827 777 1891 extiterint
800 1826 926 1890 malitia
954 1827 1154 1914 pertinaces,
1186 1826 1228 1891 ab
1257 1827 1549 1891 amministratione
1580 1828 1801 1912 spiritualium
1831 1838 1863 1894 et

205 1930 435 2015 temporalium
459 1950 593 1994 suarum
618 1931 831 1995 ecclesiarum
856 1938 890 1996 et
913 1930 1173 1995 contradictores
1198 1950 1296 2017 super
1318 1930 1381 1995 hoo
1397 1950 1456 2018 per
1473 1951 1645 1995 censuram
1661 1934 1862 1999 ecclesiasti-

205 2057 277 2099 oam
306 2035 525 2120 appellatione
553 2036 739 2122 postposita
767 2035 998 2122 compescendi
1022 2072 1063 2083 —
1087 2035 1259 2122 privilegio
1287 2035 1435 2121 quolibet
1458 2037 1508 2099 vel
1539 2034 1745 2119 indulgentia
1775 2037 1863 2101 sedis

205 2139 386 2224 apostolice
409 2159 472 2202 non
497 2139 650 2203 obstante
674 2176 715 2186 —
740 2140 876 2205 liberam
901 2139 1113 2204 concedimus
1137 2147 1248 2202 tenore
1272 2140 1472 2224 presentium
1495 2145 1702 2224 potestatem.

312 2250 389 2316 Dat.
413 2258 450 2315 ut
473 2271 582 2336 supra.

935 2358 1129 2519 Eidem.
1174 2510 1177 2515 ,

312 2576 440 2642 Cum‘ll
464 2586 496 2643 te
519 2577 561 2643 ad
583 2584 695 2664 partes
713 2576 809 2642 Italia
832 2598 891 2662 pro
915 2578 1000 2642 bono
1024 2599 1136 2643 earum
1161 2583 1249 2643 statu
1273 2585 1306 2642 et
1330 2578 1468 2643 ecclesie
1492 2580 1624 2663 negotio
1640 2581 1864 2665 promovendo

203 2681 243 2746 dc
267 2681 402 2746 fratrum
426 2688 613 2747 nostrorum
637 2681 774 2746 consilio
799 2680 1016 2759 destinemus,
1047 2679 1236 2746 discretioni
1266 2688 1323 2745 tue
1351 2680 1525 2746 exercendi
1555 2682 1659 2747 libere
1689 2704 1863 2749 censuram

203 2787 463 2850 ecclesiasticam
486 2786 519 2850 in
537 2806 652 2851 omnes
669 2792 735 2849 tam
751 2785 989 2850 cathedralium
1007 2806 1104 2870 quam
1121 2786 1259 2849 aliarum
1277 2785 1491 2850 ecclesiarum
1508 2786 1665 2872 prelatos,
1688 2795 1864 2874 exemptos

206 2896 240 2952 et
262 2910 325 2952 non
351 2895 534 2975 exemptos,
558 2891 590 2953 in
613 2890 767 2953 universa
791 2889 935 2975 capitula
952 2896 984 2953 et
1002 2895 1192 2968 conventus,
1216 2887 1327 2967 disces,
1352 2888 1567 2961 marchiones,
1592 2890 1742 2972 comites,
1765 2891 1864 2955 alios·

206 3011 268 3075 que
284 2993 459 3079 principes,
483 3014 610 3058 necnon
626 2992 769 3057 barones
785 2999 818 3055 et
834 2992 998 3077 quoslibet
1014 2993 1099 3056 alios
1115 2991 1254 3069 nobiles,
1279 2992 1312 3056 in
1335 2999 1487 3073 rectores,
1511 2993 1645 3074 balivos,
1668 3001 1864 3079 potestates.

205 3097 355 3175 consilia,
386 3095 635 3176 universitates,
666 3096 803 3183 populos
831 3101 865 3160 et
887 3117 1109 3181 quascumque
1132 3116 1309 3182 personas,
1340 3097 1583 3162 ecclesiasticas
1606 3099 1659 3162 vel
1682 3099 1865 3169 seculares.

204 3199 352 3285 publicas
366 3199 418 3265 vel
435 3201 590 3286 privatas,
609 3207 664 3266 tue
682 3201 867 3286 legationis,
884 3220 958 3265 cum
971 3199 1092 3265 videris
1108 3198 1275 3286 expedire,
1288 3237 1330 3247 -
1347 3199 1551 3285 indulgentia
1565 3201 1654 3267 sedis
1671 3203 1862 3289 apostolice,

205 3303 232 3366 si
255 3324 354 3388 quam
377 3303 515 3384 habent,
546 3303 634 3390 quod
657 3304 824 3386 interdici,
856 3304 1011 3391 suspendi
1033 3306 1086 3369 vel
1110 3304 1385 3370 excommunicari
1409 3306 1638 3390 nonpossint,
1667 3314 1702 3371 et
1726 3307 1860 3392 quibus-

203 3404 285 3471 libet
316 3407 389 3471 aliis
421 3408 608 3495 apostolicis
637 3409 689 3472 vel
718 3409 902 3492 legatorum
933 3407 1021 3472 sedis
1050 3408 1197 3473 eiusdem
1224 3405 1437 3491 indulgentiis
1466 3408 1648 3495 impetratis
1676 3409 1731 3474 vel
1762 3411 1856 3475 etiam

204 3510 417 3597 impetrandis
440 3533 646 3598 nequaquam
670 3511 877 3576 obstantibus
902 3548 942 3558 -
966 3512 1097 3596 plenam
1121 3511 1317 3574 auctoritate
1341 3511 1539 3595 presentium
1565 3511 1779 3577 concedimus
1802 3533 1856 3598 po·

204 3621 370 3679 testatem.

312 3727 389 3792 Dat.
412 3733 449 3792 ut
472 3749 581 3814 supra.
1024 3815 1039 3877 f

935 3924 1025 3996 Eid
1042 3946 1126 3999 em.

312 4052 415 4120 Oum⁰
438 4061 471 4120 te
495 4055 665 4141 adportes
682 4063 745 4123 eto.
768 4078 886 4142 usque:
910 4056 1124 4138 destinemus,
1147 4056 1334 4120 discretioni
1357 4064 1414 4120 tue
1438 4056 1638 4141 presentium
1664 4059 1856 4123 auctoritate
1900 4087 1905 4121 :

204 4157 434 4236 concedimus,
467 4165 504 4224 ut
533 4181 605 4225 cum
635 4161 870 4247 quinquaginta
900 4161 1049 4247 personis
1079 4159 1241 4245 religiosis
1271 4159 1436 4224 delectum
1470 4160 1626 4224 natalium
1658 4163 1857 4246 patientibus

202 4261 331 4325 illarum
346 4264 497 4348 partium,
521 4264 752 4350 cuiuscumque
769 4264 833 4329 sint
849 4264 981 4344 ordinis,
1004 4263 1090 4350 quod
1107 4301 1148 4311 —
1164 4263 1349 4328 huiusmodi
1365 4283 1429 4327 non
1447 4262 1599 4327 obstante
1615 4262 1748 4329 defectu
1764 4265 1854 4329 —ad

204 4364 386 4451 prelaturas
409 4373 441 4430 et
464 4366 764 4434 administrationes
787 4389 920 4434 suorum
945 4367 1094 4432 ordinum
1117 4367 1208 4432 licite
1230 4366 1352 4430 assumi
1368 4366 1506 4451 possint,
1531 4367 1642 4430 valeas
1659 4366 1858 4454 dispensare.

312 4477 387 4543 Dat.
413 4487 450 4544 ut
472 4501 579 4566 supra.

1015 4589 1047 4652 g.

936 4695 965 4767 Ε
980 4694 1029 4767 id
1045 4715 1064 4766 e
1079 4714 1129 4766 m.

311 4821 410 4888 Cum‘
430 4829 463 4890 te
486 4823 527 4889 ad
544 4830 655 4911 partes
671 4833 756 4890 etas
779 4847 895 4913 usque:
920 4825 1134 4901 destinemus,
1158 4823 1348 4889 discretioni
1371 4829 1427 4889 tue
1444 4823 1647 4909 presentium
1664 4823 1860 4888 auctoritate

203 4925 423 5007 concedimus,
446 4934 483 4992 ut
500 4949 572 4992 oum
587 4929 789 5015 quibuslibet
805 4930 967 5015 religiosis
986 4931 1038 4994 vel
1055 4927 1280 4992 secularibush
1295 4928 1448 5014 personis
1465 4933 1522 4991 tue
1539 4927 1727 5011 legationis,
1751 4927 1858 4991 cuius-

202 5050 343 5116 cumque
367 5032 434 5095 sint
457 5031 590 5113 ordinis,
614 5054 677 5119 que
700 5032 778 5098 dato
801 5034 911 5119 aliquo
935 5054 992 5118 pro
1015 5031 1223 5119 acquirendis
1239 5033 1292 5096 vel
1316 5039 1449 5117 recepto
1472 5053 1531 5117 pro
1555 5030 1753 5095 exhibendis
1778 5031 1858 5095 locis

607 5175 771 5181 -—-—
785 5176 819 5180 ..—
836 5174 1065 5181 ψ-...-..--.-
1083 5173 1261 5180 -ρ-υ-ημ-
1276 5174 1291 5178 -
1314 5173 1472 5179 --ψ--
1492 5172 1755 5178 --—-.⁴-—.—--.

304 5257 329 5324 ⁸)
348 5259 436 5311 Eidem
458 5259 484 5309 in
509 5275 591 5324 marg.
610 5258 733 5324 seriptum
755 5259 823 5311 deest
846 5259 874 5310 in
895 5260 984 5311 rubro.
1089 5257 1113 5323 l³)
1131 5259 1166 5326 cf.
1184 5276 1210 5309 a.
1228 5256 1322 5309 3031'.
1427 5257 1452 5322 ο)
1470 5259 1503 5324 ef.
1521 5261 1610 5310 asos
1623 5258 1642 5309 Ι
1647 5258 1673 5310 V.
1780 5257 1806 5323 ⁸¹)
1824 5261 1857 5325 es.

199 5362 226 5395 n.
239 5347 290 5397 303
302 5344 335 5396 X.
424 5344 446 5408 ο)
464 5345 499 5411 ef.
516 5362 543 5394 a.
557 5344 642 5396 3o31.
735 5342 755 5410 s)
773 5347 807 5411 es.
825 5363 852 5396 a.
864 5347 917 5396 303
932 5345 994 5397 VII.
1095 5342 1121 5410 Β)
1139 5361 1185 5411 pro
1201 5344 1309 5396 ecclesie
1328 5360 1359 5395 ac
1378 5344 1476 5412 imperii
1495 5346 1598 5410 negotio
1618 5345 1680 5396 ibid
1774 5344 1799 5403 h)
1818 5345 1856 5395 rel

200 5432 280 5482 aecrrl.
299 5431 367 5483 deest
384 5431 446 5483 ibid.

303 5551 329 5615 1)
348 5548 513 5602 Antecedaat
539 5549 571 5602 ia
596 5548 660 5618 neq.
683 5568 710 5604 a.
731 5549 827 5604 XVII
844 5556 869 5605 et
890 5550 1007 5605 XVIII.
1044 5551 1171 5604 Fmtaase
1192 5550 1342 5604 notorulam
1368 5555 1406 5604 aa
1431 5550 1540 5604 initiam
1566 5566 1607 5618 ep.
1632 5549 1798 5617 sartoriam
1824 5549 1857 5601 ab

122 5657 126 5665 ·
197 5651 237 5703 ep.
255 5635 325 5688 h-ri
342 5635 502 5704 discrepare.
