4790 6340
845 424 1044 496 nemronna
1061 441 1252 498 annueres.
1288 443 1363 498 rasa.
1867 449 1928 511 aas

285 616 380 681 claris
404 616 528 682 meritis
552 615 611 680 tibi
633 615 806 700 proveniat
826 617 943 701 premii
960 617 1183 703 compensatio
1199 616 1438 698 condecentis⁸‚
1453 616 1617 682 nobilitati
1632 617 1711 683 tuel
1725 620 1929 704 presentium

284 721 478 784 auctoritate
502 719 720 798 concedimus,
739 728 775 783 ut
796 719 883 784 idem
908 726 1049 786 castrum
1075 720 1134 784 sub
1157 725 1214 784 tna
1237 719 1386 785 custodia
1407 726 1522 786 teneas
1543 742 1646 805 usque
1670 722 1711 786 ad
1734 717 1929 788 decennium

243 847 247 854 ·
286 829 318 888 et
340 823 415 908 plus
440 824 557 900 etiam,
589 831 744 908 quantum
773 823 813 888 da
844 831 955 890 nostre
978 825 1187 909 beneplacito
1211 825 1312 889 fuerit
1335 825 1521 890 voluntatis.
1567 823 1722 890 (letarum
1747 826 1928 906 statuimus,

286 932 321 990 ut
344 926 385 990 de
409 927 575 1013 expensis,
599 947 680 1012 quas
704 927 781 990 olim
804 947 862 1012 pro
886 927 957 1013 ipso
981 934 1088 992 castro
1111 928 1219 992 fecisti
1243 934 1276 991 et
1299 927 1400 992 facies
1424 928 1457 991 in
1480 927 1640 1008 futurum,
1663 929 1724 993 tibi
1748 929 1929 994 satisfactio

284 1029 431 1115 plenaria
459 1028 679 1115 impendatur,
714 1050 751 1094 ac
783 1031 882 1094 etiam
915 1029 1019 1116 qu0d⁰
1049 1031 1119 1095 sins
1150 1030 1286 1116 speciali
1319 1028 1472 1094 mandato
1503 1037 1614 1095 nostro
1644 1033 1775 1117 plenam
1807 1038 1841 1096 st
1870 1054 1929 1096 ex-

285 1154 434 1220 pressam
463 1133 606 1198 iaciente
640 1132 681 1197 de
716 1134 924 1219 presentibus
962 1133 1160 1198 mentionem
1190 1134 1273 1197 infra
1306 1140 1434 1219 tempus
1464 1133 1566 1218 ipsius
1601 1135 1749 1200 custodie
1779 1136 1869 1198 nulla
1897 1135 1929 1198 in

284 1257 456 1321 personam
480 1243 569 1300 tuam
592 1244 627 1301 et
650 1237 796 1302 homines
820 1237 924 1323 ipsius
949 1238 1047 1301 castri
1070 1243 1224 1322 pretextu
1248 1237 1396 1301 eiusdem
1420 1237 1569 1302 custodie
1585 1238 1930 1303 excommunicationis

286 1345 319 1404 et
341 1339 505 1404 interdicti
529 1339 694 1404 sententia
709 1340 818 1404 valeat
840 1340 1049 1426 promulgari,
1074 1347 1106 1404 et
1130 1340 1157 1405 si
1180 1340 1264 1404 lorte
1288 1340 1356 1404 lata
1378 1339 1486 1418 luerit,
1510 1342 1634 1405 nullum
1659 1341 1758 1405 robur
1780 1341 1929 1406 obtineat

287 1442 456 1507 firmitatis.
500 1442 590 1508 Nulli
613 1465 691 1528 ergo
714 1479 755 1491 -
779 1451 888 1508 nostre
913 1443 1133 1508 concessionis
1157 1451 1190 1506 et
1214 1444 1457 1510 constitutionis
1482 1452 1543 1510 ete.

393 1563 469 1628 Dat.
493 1562 655 1648 Lugduni,
678 1563 766 1628 XIII
788 1563 863 1629 Kal.
886 1563 1005 1644 Martii,
1029 1585 1114 1628 anno
1131 1563 1188 1626 V0.

902 1861 1311 1870 m—...ffl-—u-

1066 2160 1152 2236 503.

390 2273 607 2366 [innocentius
634 2299 689 2364 IV
714 2321 802 2382 papa
823 2299 998 2384 [Iohanni]
1018 2300 1157 2381 episeopo
1178 2300 1380 2364 Lansancnsi
1399 2299 1443 2364 ad
1458 2317 1567 2380 preces
1588 2299 1733 2363 comitam
1753 2297 1791 2361 de
1811 2296 1933 2361 Kiburc

285 2406 321 2469 in
356 2404 537 2486 praesentia
568 2423 627 2466 saa
660 2403 895 2467 constitutorum
930 2404 1102 2482 com-mittit,
1132 2407 1168 2466 nt
1199 2404 1242 2467 ad
1275 2403 1431 2468 sedandas
1466 2402 1652 2466 inimicitias
1682 2401 1837 2482 dispenset
1865 2418 1933 2462 cnm

286 2508 442 2586 Iohanne,
468 2509 544 2572 nato
563 2506 716 2574 Witlelmi
742 2505 779 2569 de
804 2507 953 2584 (lunens,
974 2511 1010 2570 at
1032 2506 1202 2571 Isabcllorn
1221 2507 1324 2587 filiam
1346 2505 1435 2570 Petri
1456 2506 1516 2570 laci
1537 2504 1686 2582 eiiam,
1708 2523 1771 2567 non
1794 2502 1934 2566 obstante

286 2615 402 2694 quarta
424 2609 708 2691 consanguinitatis
730 2610 826 2689 tinea,
847 2611 1123 2675 matrimonialiter
1145 2611 1205 2675 sihi
1227 2611 1353 2691 copulet.
1564 2609 1657 2686 1248,
1679 2607 1772 2673 Febr.
1797 2610 1848 2672 17.

390 2730 455 2784 Ina.
474 2729 524 2784 IV
539 2729 603 2798 Rea.
628 2729 683 2785 Vol.
703 2730 733 2796 I,
754 2738 817 2797 507;
835 2729 893 2784 La.
913 2729 943 2797 V,
960 2736 1016 2784 588.
1070 2729 1230 2800 Receptus,
1259 2729 1329 2800 qnod
1356 2729 1456 2799 Berper
1481 2727 1573 2797 edidit,
1596 2744 1656 2782 min
1682 2725 1800 2797 Repestis
1823 2723 1934 2780 carnali

293 2817 321 2872 V.
332 2816 370 2871 Ol.
382 2815 412 2870 0.
424 2816 456 2870 de
469 2815 562 2870 Fare.

390 2903 494 2972 Βῆριν
510 2908 581 2957 3637.

802 3035 811 3052 .
841 3035 850 3052 .
879 2979 1096 3071 episcopo
1124 2979 1418 3053 Lausanensi.

391 3129 514 3195 Contra
541 3129 686 3193 fomitem
710 3127 774 3192 odii
804 3133 837 3192 et
866 3128 1034 3192 inimicitie
1059 3149 1176 3192 causas
1206 3127 1336 3192 salubre
1358 3126 1540 3192 remedium
1561 3125 1702 3190 libenter
1725 3105 1931 3211 apponim'us,

290 3255 363 3298 cnm
386 3235 471 3298 inter
486 3232 608 3297 Christi
630 3231 745 3296 fideles
769 3253 812 3296 ex
836 3232 963 3296 interno
988 3230 1094 3295 cordis
1111 3231 1231 3296 affectu
1249 3231 1360 3314 vigere
1384 3251 1498 3315 pacem
1521 3235 1556 3293 et
1578 3229 1702 3293 servari
1726 3225 1932 3292 concordiam

288 3337 467 3422 cupiamus.
523 3337 610 3401 Sene
644 3337 729 3400 inter
761 3335 917 3399 dilectum
949 3335 1051 3399 lilium
1085 3334 1282 3414 Iohannem,
1315 3341 1426 3398 natum
1460 3332 1580 3397 nobilis
1616 3333 1675 3396 viri
1697 3329 1858 3396 Willelmi
1891 3327 1933 3393 de

289 3439 433 3506 Gemens
446 3443 466 3521 ¹,
490 3462 529 3505 ac
553 3461 630 3505 suos
654 3461 697 3504 ex
712 3460 778 3503 una
793 3444 886 3524 parte
904 3444 937 3502 et
952 3437 1092 3501 nobilem
1108 3439 1212 3502 virum
1227 3437 1361 3501 Petrum
1378 3487 1386 3503 .
1404 3487 1411 3502 .
1429 3435 1454 3500 ,ἃ
1475 3437 1538 3500 loci
1555 3434 1702 3499 eiusdem
1725 3440 1780 3498 tue
1795 3431 1933 3496 diocesis

289 3566 331 3609 ex
353 3524 637 3629 altera'capitales
660 3543 828 3607 inimicitie
851 3548 1047 3628 procurante
1071 3543 1201 3606 inimico
1224 3542 1357 3606 humani
1380 3540 1510 3626 generis
1533 3547 1630 3626 prout
1645 3538 1833 3624 accepimus
1857 3541 1933 3601 sunt

289 3655 413 3729 exorte,
438 3669 481 3713 ex
504 3647 621 3734 quibus
640 3648 773 3711 timetur
788 3645 962 3731 multiplex
984 3646 1154 3710 imminere
1178 3646 1368 3731 periculum,
1392 3645 1455 3708 nisi
1478 3664 1616 3730 propere
1639 3642 1726 3705 inter
1746 3640 1835 3725 ipsos
1857 3638 1933 3704 Deo

289 3752 427 3838 propitio
450 3752 542 3837 pacis
565 3750 735 3836 proveniat
759 3751 980 3814 lenimentum.
1025 3748 1108 3813 Cum
1131 3757 1241 3814 autem
1264 3771 1322 3836 per
1344 3749 1480 3813 dilectos
1507 3747 1592 3811 filios
1620 3744 1748 3809 nobiles
1777 3743 1864 3807 viros
1887 3741 1931 3806 H.

290 3863 323 3920 et
355 3855 399 3920 H.
433 3855 568 3920 comites
599 3853 639 3918 de
673 3852 798 3918 Kiburc
831 3854 864 3917 in
898 3860 1009 3918 nostra
1045 3855 1212 3939 presentia
1243 3852 1457 3917 constitutos²
1490 3851 1670 3916 affectuose
1707 3848 1802 3912 nobis
1837 3846 1934 3910 fuerit

291 3959 528 4046 supplicatum,
551 3963 588 4022 ut
609 3957 806 4022 discriminis
829 3958 911 4021 tanti
933 3957 1102 4022 materiam
1126 3979 1185 4043 per
1208 3957 1385 4043 apostolice
1416 3956 1549 4042 pietatis
1573 3954 1732 4020 auxilium
1755 3949 1933 4016 excludere

291 4064 508 4148 dignaremur,
531 4067 587 4126 tue
609 4061 824 4126 iratemitatis
848 4061 1018 4139 industrie,
1042 4061 1083 4124 de
1106 4083 1171 4146 qna
1194 4063 1226 4126 in
1242 4061 1384 4126 Domino
1408 4060 1558 4124 fiduciam
1579 4057 1722 4143 gerimus
1746 4054 1933 4142 specialem,

291 4167 490 4253 presentium
521 4165 715 4230 auctoritate
743 4165 989 4244 committimus,
1021 4167 1172 4250 quatinus
1201 4186 1274 4229 cum
1302 4167 1427 4251 pretato
1451 4163 1612 4241 Iohanne,
1641 4159 1669 4224 si
1698 4165 1749 4224 eat
1771 4179 1836 4223 una
1859 4178 1933 4222 cum

292 4272 360 4336 suis
383 4269 520 4334 devotus
544 4269 683 4332 ecelesia
699 4267 856 4348 Romane,
880 4267 1063 4354 dispenses,
1086 4269 1172 4353 quod
1189 4267 1379 4333 Ysabellam
1403 4268 1503 4332 liliam
1526 4265 1603 4330 dicti
1620 4264 1709 4328 Petri
1733 4262 1796 4327 sibi
1820 4261 1933 4325 matri-

291 4373 477 4438 monialiter
498 4373 653 4458 copulare
678 4372 787 4436 valeat
810 4409 850 4420 -
874 4393 939 4435 non
956 4371 1108 4436 obstante
1125 4372 1211 4456 quod
1228 4377 1343 4457 quarta
1359 4369 1650 4456 consanguinitatis
1671 4368 1759 4432 linea
1775 4363 1935 4448 contingit

293 4477 441 4543 eandem.

394 4598 470 4663 Dat.
494 4605 529 4662 ut
552 4619 659 4683 supra.

911 4667 1320 4680 -n--n-——nn-—u———n-h--u-

1073 4979 1158 5054 504.

397 5100 612 5195 Innocentius
633 5123 688 5191 IV
707 5145 796 5205 papa
822 5123 960 5204 epriacopo
989 5120 1145 5187 Caroniae
1172 5115 1314 5194 mandat,
1341 5118 1376 5179 at
1402 5134 1470 5178 enm
1496 5111 1723 5198 [Wilhelmas]
1744 5132 1801 5175 rea
1822 5109 1938 5176 Roaia-

292 5252 404 5296 noram
439 5251 567 5298 caesara
601 5229 758 5311 pennalis
793 5227 937 5292 ecclesiae
972 5223 1189 5304 assumpserit,
1224 5242 1282 5302 per
1319 5223 1414 5282 totam
1441 5218 1621 5298 imperium,
1655 5215 1822 5280 secandam
1857 5215 1940 5297 qnod

396 5493 420 5556 ι)
438 5493 600 5544 concedentis
618 5490 650 5541 n.
748 5489 774 5554 b)
793 5507 840 5540 nos
857 5489 903 5540 tibi
922 5489 954 5539 B.
1054 5487 1076 5550 ⁰)
1097 5502 1147 5552 que
1165 5483 1196 5534 B.
1294 5479 1319 5546 d)
1337 5483 1433 5531 tamena
1451 5479 1478 5530 in
1496 5479 1528 5529 B.
1547 5486 1623 5541 catat,
1639 5479 1667 5528 in
1684 5495 1735 5543 qna
1754 5475 1840 5560 scrita
1855 5491 1934 5525 nnana

292 5582 404 5644 nahum,
421 5589 449 5630 at
465 5580 565 5630 ridetur
583 5595 719 5645 capnonren
738 5578 777 5628 ael
793 5594 886 5627 rranren
901 5575 983 5642 pentir
1000 5573 1071 5624 Petri
1088 5571 1207 5633 sinadens,
1220 5577 1310 5636 postea
1329 5568 1447 5633 supplere
1463 5567 1549 5616 noluit.

397 5717 423 5784 1)
444 5713 594 5768 Gounwens
611 5713 642 5765 in
659 5712 744 5766 Kont.
763 5710 869 5778 Waadt,
888 5710 971 5764 Distr.
990 5709 1140 5774 Eehalterm
1159 5720 1191 5759 ea
1207 5709 1269 5773 sept.
1287 5703 1334 5756 civ.
1352 5701 1509 5756 Laasanne.
1612 5701 1641 5768 2)
1661 5697 1745 5848 0152.
1766 5704 1823 5752 498.
