4784 6334
849 384 1051 446 aeturnum}
1069 385 1259 448 SELECTAE.
1295 388 1371 448 rats.
1875 397 1938 462 405

285 565 400 634 lumini
424 590 498 634 cum
521 565 597 632 liliis
624 566 848 648 tenebrarum,
881 567 935 653 qui
964 574 1038 654 post
1059 568 1200 653 vestigia
1222 566 1342 653 perditi
1364 568 1421 632 filii
1443 568 1481 635 F.
1505 568 1668 654 quondam
1690 569 1896 655 imperatoris
1919 591 1940 634 a

286 679 401 738 ventre
431 672 544 737 matris
578 671 719 737 ecclesie
742 692 780 736 ac
804 672 970 736 consortio
993 671 1138 738 fidelium
1161 673 1370 752 aberrantes,
1403 672 1512 738 Deum
1536 670 1740 761 coluviciils·
1763 696 1802 739 ac
1826 673 1939 740 sedem

286 777 498 864 apostolicam
529 781 719 863 contemptu
749 783 782 841 et
809 776 935 841 iniuriis
964 780 1142 863 provocant
1168 783 1201 840 et
1231 776 1294 842 sibi
1321 776 1442 842 exinde
1471 777 1609 842 iramin
1633 777 1756 843 dicire
1780 777 1940 842 obdurata

288 880 433 944 cordium
462 880 590 944 malitia
616 880 839 946 thesaurizant
849 881 870 944 ¹.
915 879 954 944 In
983 880 1067 946 libra
1089 881 1189 966 igitur
1212 881 1366 967 equitatis
1389 881 1614 967 appendentes
1636 883 1754 948 merita
1777 889 1939 947 utrorum·

287 1004 367 1070 que,
402 983 535 1068 dignum
570 983 732 1064 ducimus,
767 989 804 1049 ut
835 983 875 1048 de
910 983 1070 1049 fructibus
1101 985 1227 1048 viarum
1258 1005 1390 1048 suarum
1420 984 1543 1070 aliquid
1572 984 1683 1050 devoti
1713 984 1939 1072 pregustentl,

287 1085 409 1172 aliquid
434 1087 576 1151 sentiant
597 1085 756 1167 indevoti,
787 1092 820 1152 et
843 1087 930 1172 quod
953 1089 1167 1154 malemeritis
1191 1089 1223 1153 in
1246 1109 1367 1174 penam
1389 1089 1484 1173 culpe
1507 1089 1701 1168 detrahitur,
1729 1089 1939 1154 benemeritis

288 1198 458 1256 accrescat
480 1190 514 1254 in
538 1189 763 1256 retributionis
786 1199 1008 1275 augmentum.
1047 1190 1128 1256 Inde
1152 1198 1213 1272 est,
1236 1191 1419 1278 quodcum
1442 1191 1541 1257 iidem
1565 1243 1597 1258 ..
1620 1199 1770 1279 potestas
1795 1199 1828 1257 et
1851 1213 1939 1256 com-

287 1315 385 1360 mune
414 1293 626 1359 lanuensium
660 1294 692 1357 in
727 1294 889 1358 nonnullis
925 1296 1041 1361 castris
1074 1303 1108 1360 et
1141 1295 1223 1360 locis
1256 1295 1395 1360 diocesis
1423 1294 1645 1362 Terdonensis
1679 1294 1811 1383 pos[itis
1840 1291 1937 1380 ultra]

288 1398 443 1485 iugum⁰²
466 1418 580 1464 versus
602 1397 851 1478 Lcmbardiam,
884 1399 915 1463 in
946 1400 1064 1484 quibus
1087 1398 1308 1464 Terdoncnsis
1338 1399 1480 1465 ecclesia
1501 1397 1759 1465 iurisdictionem
1783 1398 1939 1464 ecelesia-

289 1505 405 1568 sticam
433 1502 557 1568 habere
588 1501 778 1583 dinoscitur,
815 1502 983 1566 obtineant
1016 1503 1195 1568 dominium
1227 1504 1425 1590 temporale,
1463 1524 1538 1583 nos,
1575 1505 1723 1569 volentes
1755 1510 1791 1568 ut
1824 1503 1940 1566 civitas

288 1605 511 1672 'l'erdonensis
534 1605 666 1670 honoris
691 1606 752 1685 sui,
775 1626 873 1691 quem
895 1607 1082 1691 intelligere
1105 1627 1171 1671 non
1186 1605 1325 1686 videtur,
1350 1607 1461 1692 aliqua
1484 1608 1634 1693 portione
1658 1608 1814 1671 mulctata
1836 1605 1941 1671 discat

289 1733 332 1775 ex
362 1710 551 1775 confusione
585 1730 646 1773 sun
676 1729 813 1794 querere
844 1731 962 1774 nomen
992 1709 1073 1788 Dei,
1110 1715 1144 1774 et
1177 1710 1292 1774 civitas
1321 1708 1494 1776 Ianuensis
1530 1711 1571 1775 ob
1606 1711 1812 1775 devotionem
1847 1730 1940 1775 suam

288 1816 447 1881 bonorum
471 1815 574 1879 titulis
599 1813 752 1879 decorata
775 1813 816 1879 de
839 1815 1018 1900 apostolice
1043 1814 1131 1878 sedis
1155 1815 1261 1899 gratia
1282 1815 1465 1880 manifestis
1489 1813 1645 1879 reddatur
1667 1815 1788 1879 certior
1810 1812 1940 1898 experi-

289 1917 441 2000 mentisd,
463 1917 721 1983 iurisdictionem
745 1917 949 2004 spiritualem
972 1919 1005 1982 in
1022 1917 1146 1982 eisdem
1165 1920 1279 1983 castris
1295 1925 1328 1983 et
1343 1920 1423 1983 locis
1439 1918 1481 1983 ad
1497 1919 1679 2004 predictam
1694 1917 1940 1983 Terdonensem

290 2023 462 2088 ecclesiam
489 2021 542 2109 [de
565 2019 671 2108 iu]re⁰
694 2024 747 2087 vel
770 2022 1007 2087 consuetudine
1031 2023 1250 2108 pertinentem
1273 2022 1331 2087 tibi
1355 2031 1389 2088 et
1412 2022 1658 2088 successoribus
1680 2021 1746 2085 tuis
1768 2040 1871 2106 usque
1898 2018 1940 2083 ad

288 2133 399 2192 nostre
411 2126 590 2190 voluntatis
607 2126 851 2212 beneplacitum
869 2125 1022 2191 duximus
1039 2128 1234 2192 auctoritate
1248 2128 1449 2213 presentium
1462 2125 1738 2203 committendam,
1755 2128 1939 2188 statuentes

288 2237 325 2296 ut
350 2231 423 2295 iura
445 2231 647 2316 episcopalia
677 2228 859 2295 secundum
889 2230 998 2315 legem
1028 2237 1201 2316 utramque
1233 2252 1275 2295 ex
1305 2231 1353 2295 eis
1382 2230 1479 2317 plene
1508 2231 1671 2317 percipias
1702 2236 1736 2293 et
1758 2227 1940 2314 apostolice

289 2333 376 2399 sedis
399 2334 500 2398 fultus
523 2331 668 2419 presidio
693 2334 869 2418 exequaris
892 2371 934 2383 -
958 2334 1218 2399 contradictione
1235 2334 1432 2399 venerabilis
1455 2334 1565 2398 fratris
1588 2333 1692 2397 nostri
1716 2382 1749 2398 ..
1774 2329 1941 2417 episcopi⁸

288 2445 322 2501 et
344 2437 485 2503 ecclesie
504 2436 764 2502 Terdonensium
787 2437 992 2522 aliquatenus
1016 2459 1081 2502 non
1105 2437 1267 2503 obstante.
1306 2437 1374 2502 Nos
1398 2439 1485 2504 enim
1510 2436 1634 2502 eisdem
1658 2434 1841 2523 superbiis
1864 2453 1939 2520 pre-

290 2541 390 2605 misso
413 2539 473 2605 tibi
496 2545 611 2605 tenore
636 2541 802 2606 concessis
826 2542 992 2606 silentium
1014 2541 1235 2628 imponentes,
1258 2542 1286 2606 si
1310 2563 1391 2628 ques
1415 2540 1778 2620 excommunicationis,
1802 2559 1940 2624 suspen-

290 2644 392 2708 sionis
414 2645 469 2710 vcl
491 2643 656 2709 interdicti
679 2644 856 2709 sententias
880 2651 1079 2710 memoratus
1103 2645 1278 2731 episcopus
1302 2667 1360 2710 seu
1384 2646 1487 2731 ipsius
1511 2643 1731 2710 archidiaconi
1753 2642 1807 2707 vel
1830 2641 1942 2705 vicarii

291 2754 348 2810 aut
371 2748 567 2833 quicumque
590 2747 645 2811 alii
668 2748 810 2812 ecclesie
833 2748 1029 2812 auctoritate
1053 2746 1200 2833 predicte
1223 2749 1256 2811 in
1280 2755 1389 2813 castra
1412 2750 1534 2814 etloca
1550 2747 1699 2835 predicta
1714 2747 1768 2811 vel
1784 2744 1941 2811 ecclesias

291 2852 485 2916 constitutas
517 2851 549 2915 in
582 2851 646 2916 illis
682 2857 739 2916 aut
767 2873 925 2938 personas
956 2851 1198 2917 ecclesiasticas
1230 2853 1300 2917 sive
1329 2853 1494 2918 seculares
1522 2851 1682 2938 degentes
1711 2849 1834 2914 ibidem
1861 2868 1940 2932 qua-

290 2975 429 3041 cumque
461 2955 634 3019 occasione
664 2955 751 3020 l'erre
788 2955 1063 3040 presumpserint,
1099 2975 1156 3019 eas
1187 2955 1393 3021 decernimus
1422 2956 1553 3042 penitus
1584 2977 1650 3020 non
1680 2962 1804 3020 tenere.
1852 2949 1942 3014 Nulli

290 3081 370 3145 ergo
394 3066 455 3125 etc.
479 3066 591 3123 nostre
615 3058 864 3139 commissionis,
886 3056 1106 3143 impositionis
1129 3063 1164 3122 et
1186 3061 1428 3124 constitutionis
1452 3067 1515 3126 eto.

398 3179 475 3244 Dat.
498 3177 661 3263 Lugduni,
683 3178 736 3242 III
757 3179 842 3244 Non.
866 3178 963 3260 Iunii,
987 3200 1072 3244 anno
1089 3179 1144 3246 V⁰.

394 3659 614 3756 Innocentius
629 3685 653 3750 I
657 3685 688 3752 V
691 3707 782 3770 pcpn
793 3687 931 3774 [Leoni]
944 3687 1173 3768 archiepiscopo
1188 3685 1423 3752 Mediolanensi
1439 3690 1469 3751 et
1488 3685 1699 3770 saffrcyaneis
1714 3688 1782 3752 eius
1803 3684 1943 3763 mandat,

290 3799 327 3858 nt
354 3795 391 3858 in
421 3791 609 3857 solemnibus
638 3791 827 3874 populorum
856 3791 1055 3856 conventibus
1087 3791 1298 3855 Terdcnenscs
1322 3791 1448 3870 publice
1475 3795 1634 3867 moneant,
1669 3794 1705 3854 nt
1730 3813 1751 3856 u
1778 3790 1944 3856 Fridericc

291 3896 447 3978 canadam
468 3894 654 3975 imperatore
676 3893 822 3958 recedunt
844 3898 874 3959 et
896 3895 1039 3960 ccclesiae
1060 3895 1261 3959 reconciliari
1279 3898 1461 3974 procurent,
1491 3894 1635 3974 alioquin
1661 3894 1817 3958 civitatem
1838 3911 1944 3958 eornm

214 4023 241 4062 so
291 4001 444 4084 dipnitcte
466 3998 635 4082 episcopali
650 3998 848 4079 privandum
868 4017 941 4065 esse.
1064 3989 1076 4010 ⁶
1621 3999 1712 4078 1248,
1735 3998 1809 4061 Inn.
1826 4001 1856 4061 3.

395 4118 459 4172 Inn.
469 4117 518 4172 IV
529 4117 593 4185 tte.
609 4117 696 4187 VM
708 4123 777 4185 55&
794 4117 854 4173 Lo.
870 4118 968 4186 Kcnr.
978 4127 1017 4174 52.
1045 4119 1142 4173 Penne
1158 4119 1293 4186 exemplar
1308 4119 1467 4172 condidimus
1483 4135 1544 4172 cnm
1555 4117 1693 4185 saaraim,
1713 4117 1786 4172 Bac.
1802 4115 1944 4170 Francos.

290 4213 308 4264 t.
322 4206 348 4275 Ι,
362 4222 391 4275 p.
403 4211 461 4273 ars,
477 4221 505 4259 n.
520 4209 578 4258 aaa.

394 4289 521 4358 Pottdust,
540 4289 603 4358 Rcy.
618 4296 711 4355 129565
729 4289 825 4358 Berqcr
842 4297 917 4344 4102.

454 4509 498 4527 ..
527 4451 879 4544 archiepiscopo
906 4452 1238 4527 Mediolanensi
1266 4460 1309 4527 et
1332 4453 1656 4544 suffraganeis
1683 4451 1787 4524 suis.

214 4609 240 4648 u
402 4584 492 4658 Quos
514 4584 556 4648 ad
579 4591 760 4649 maternum
783 4591 899 4671 peetus
922 4584 1060 4650 dulcedo
1084 4608 1149 4650 non
1173 4595 1304 4651 revocat
1324 4587 1467 4674 pietatis,
1490 4592 1626 4672 paterne
1643 4583 1826 4648 severitatis
1843 4582 1944 4647 debet

293 4688 426 4753 domare
454 4683 636 4773 flagellum,
666 4710 707 4754 ne
738 4689 840 4776 impia
869 4687 1010 4754 crudelis
1038 4690 1256 4755 miserationis
1286 4691 1328 4754 sit
1356 4692 1460 4776 pietas
1490 4689 1578 4752 fluxa
1607 4687 1753 4751 mollium
1783 4685 1945 4750 viscerum

395 4915 421 4979 ⁵)
439 4914 615 4967 eo.....sR.
713 4913 739 4977 b)
757 4913 954 4982 pregustantB.
1059 4916 1081 4979 ο)
1098 4915 1135 4965 ita
1154 4914 1213 4980 lepit
1224 4913 1338 4980 Lupcrtc
1356 4915 1392 4966 dn
1409 4911 1944 4982 rtetap.13.;pon........iugum1³.;

293 4999 394 5070 polsitis
412 5003 438 5053 in
456 5009 524 5054 terra
543 4999 649 5068 Llignre
668 5000 700 5053 B.
806 4999 831 5065 θ)
849 4999 954 5067 cert[ior
970 4999 1140 5070 nr]gumentis
1158 5001 1191 5054 B.
1296 5003 1319 5066 e)
1339 4999 1416 5070 [in]re
1428 5001 1474 5064 P.;
1492 4999 1533 5068 [de
1551 4998 1616 5068 iuro]
1635 4999 1668 5051 B.

398 5121 425 5188 1)
442 5118 498 5173 Sub
514 5137 540 5174 a.
554 5125 627 5188 1247,
646 5119 903 5188 contemperatur
923 5119 1021 5174 cirtbue
1042 5118 1261 5186 Tndcnmribne,
1283 5119 1402 5186 fidelibus
1423 5120 1491 5188 anis,
1515 5123 1684 5187 mecaenat,
1708 5123 1741 5172 nt
1757 5133 1818 5172 cnm
1835 5133 1878 5172 eoa
1890 5133 1943 5185 pru

215 5226 242 5264 to
293 5205 404 5260 muntiis
420 5205 478 5258 anis
494 5205 581 5258 estne
598 5209 724 5274 oporteret
741 5204 940 5258 multitudinem
956 5222 1145 5274 mpnncrnm,
1165 5207 1290 5275 potestati
1309 5222 1361 5274 pro
1383 5206 1442 5260 sats
1458 5205 1497 5258 ret
1512 5205 1626 5258 civitatis
1642 5203 1756 5258 sermtiia
1768 5203 1945 5271 monumenti

292 5291 406 5360 aemulis
423 5289 515 5344 diebus
529 5307 582 5359 pro
600 5292 719 5360 caprinis
736 5292 811 5344 nltrc
828 5292 924 5360 mffinti
940 5293 1036 5347 solidos
1052 5293 1199 5362 Pupienum
1216 5295 1313 5347 solome
1330 5309 1388 5347 non
1409 5297 1575 5355 tenetentum
1596 5290 1691 5358 Saline,
1710 5290 1817 5344 Annali
1837 5289 1944 5343 Triton.

289 5395 319 5446 p.
334 5385 386 5444 771,
407 5376 461 5430 doc.
478 5393 506 5432 n.
521 5385 569 5446 693
592 5377 626 5444 es.
645 5378 754 5431 aimilna
770 5395 809 5445 ep.
827 5377 859 5431 in
874 5378 991 5444 funerea
1008 5380 1124 5433 natatis
1142 5379 1315 5434 Anaimcnce
1331 5395 1372 5446 ap.
1391 5377 1614 5433 Brittan-Ficta
1631 5379 1647 5431 t.
1661 5392 1682 5431 c.
1700 5383 1772 5432 3645.
1809 5375 1848 5442 Of.
1867 5375 1946 5428 mam

292 5463 354 5517 ibid.
369 5469 442 5518 3748.
461 5493 494 5502 -
514 5462 571 5517 Sub
590 5463 659 5517 Mai.
673 5469 705 5517 26
719 5479 796 5532 popa
817 5464 853 5519 R.
871 5463 903 5517 de
915 5465 1058 5534 Baunonia
1075 5467 1274 5535 consanpuinec
1291 5481 1349 5535 mcc,
1367 5465 1417 5518 ciri
1438 5464 1608 5532 Terdcnenei,
1622 5463 1782 5531 promiserat
1798 5478 1825 5516 se
1841 5462 1946 5516 nalum

292 5567 352 5604 enm
370 5549 511 5605 friderico
527 5551 566 5604 rel
582 5551 681 5604 titubas
701 5550 911 5604 Terdoncnadncs
927 5553 1138 5620 competitionem
1154 5554 1291 5620 sedarum
1308 5568 1367 5620 essa,
1386 5552 1440 5606 nisi
1456 5550 1488 5604 de
1506 5549 1652 5618 Bannatia
1669 5555 1692 5602 et
1708 5549 1771 5603 aliis
1788 5547 1947 5614 domatibus,

215 5655 242 5694 tt
294 5635 461 5690 adiutoribus
471 5636 565 5704 ipsine,
580 5653 612 5691 nc
621 5653 651 5690 eo
662 5637 719 5704 ipso
731 5637 761 5689 in
774 5654 813 5704 ec,
827 5637 898 5690 sind
910 5655 987 5691 setam
999 5639 1169 5694 reduceretur
1180 5640 1338 5707 niemmicm,
1354 5655 1475 5707 capream
1487 5638 1584 5692 mentrb
1595 5635 1746 5704 hebernum
1763 5637 1861 5706 Berper
1869 5641 1946 5704 3926,-

294 5726 414 5794 umato.
501 5725 528 5790 2)
546 5723 607 5778 unt.
626 5724 774 5792 Apennmi.
863 5725 890 5792 3)
909 5724 990 5779 Petri,
