4328 6232
199 320 262 379 492
754 313 800 367 EX
821 311 1038 368 lNNOCENTll
1059 311 1096 366 lV
1115 311 1297 369 REGISTRO

199 510 339 575 persone
363 495 417 553 tue
440 510 578 575 parcere
602 488 634 552 in
659 489 719 554 hac
742 495 846 575 parte,
869 488 949 553 illud
973 488 1093 553 dilecto
1117 488 1183 553 lilio
1205 494 1319 553 nostro
1334 487 1370 552 P.
1387 487 1499 552 Sancti
1517 487 1653 572 Georgii
1675 485 1718 551 ad
1733 485 1855 551 Vatum

199 582 346 658 Aureum
370 592 507 657 diacono
531 592 698 672 cardinali,
722 593 814 657 cuius
837 591 1049 677 diligentiam,
1073 590 1279 676 prudentiam
1303 597 1337 656 et
1355 590 1548 656 industriam
1564 609 1677 655 sumus
1694 589 1728 653 in
1745 587 1858 653 arduis

121 683 127 694 ’
199 696 263 760 iam
286 698 425 782 experti,
449 697 602 761 duximus
626 695 668 762 de
691 697 828 759 fratrum
851 702 1034 760 nostrorum
1059 695 1195 758 consilio
1219 693 1495 759 committendum.
1540 692 1750 774 Mandemus,
1772 711 1854 776 qua·

198 799 286 863 tinus
311 801 423 887 cipro
447 801 533 865 illius
557 801 753 864 executione
777 783 948 863 consilinm
974 804 1007 862 et
1030 796 1115 883 quod
1139 804 1232 883 potes
1256 798 1415 862 auxilium
1438 796 1598 862 exhibere
1620 816 1789 881 procures.

306 911 384 976 Dat.
408 920 445 977 ut
467 934 576 997 supra.

307 1024 345 1087 In
380 1023 520 1088 cundem
554 1023 685 1087 modum
721 1023 755 1088 S.
785 1023 871 1087 tituli
902 1023 1022 1086 Sancte
1053 1021 1156 1086 Mario
1186 1021 1424 1085 'transtiberim
1459 1020 1653 1107 presbytero
1686 1018 1857 1085 cardinali.

202 1127 321 1190 vicario
345 1133 456 1191 nostro
479 1128 512 1190 in
535 1127 625 1191 Urbe
638 1129 659 1191 ¹.
1373 1140 1375 1144 '

308 1230 346 1294 ln
371 1229 512 1295 eundem
535 1230 667 1293 modum
691 1231 731 1295 R.
756 1229 869 1293 Sancti
892 1228 1014 1314 Angeli
1044 1229 1181 1293 diacono
1205 1228 1383 1293 cardinali²
1405 1249 1524 1316 usque:
1553 1226 1740 1313 provenire.
1787 1225 1857 1291 Noa

200 1335 327 1420 itaque,
360 1335 472 1400 audito
508 1336 698 1419 frequenter
732 1334 818 1420 quod
849 1335 959 1399 venire
991 1333 1032 1397 ad
1066 1333 1268 1419 presentiam
1304 1330 1498 1420 [nostram]⁸
1527 1330 1741 1411 intendebas,
1775 1329 1858 1394 illud

199 1436 318 1503 dilecto
342 1438 409 1504 filio
433 1445 544 1503 nostro
567 1439 604 1505 P.
629 1439 741 1504 Sancti
764 1439 900 1523 Georgii
923 1437 964 1502 ad
980 1437 1100 1502 Vclum
1124 1439 1272 1503 Aureum
1294 1437 1430 1502 diacono
1457 1437 1633 1514 cardinali,
1663 1436 1756 1499 cuius
1781 1433 1856 1499 dili·

199 1542 345 1625 gentiam
361 1549 425 1608 etc.
440 1564 559 1628 usque:
584 1542 789 1622 Mandamus,
815 1543 969 1627 quatinus
986 1541 1092 1626 cipro
1116 1540 1203 1604 illius
1227 1541 1432 1620 executione,
1457 1542 1483 1603 si
1507 1548 1540 1604 te
1563 1540 1596 1603 in
1619 1539 1686 1601 illis
1709 1537 1858 1624 partibus

200 1664 370 1709 remanere
394 1645 575 1728 contigerit,
600 1668 696 1710 omne
721 1645 892 1709 consilium
917 1652 977 1708 otc.
1002 1651 1038 1708 ut
1061 1644 1191 1729 supra³.

999 1834 1058 1898 IX.

303 1919 522 2013 blateramina·
544 1950 601 2014 IV
615 1970 705 2029 papa
727 1949 865 2012 sectatori
887 1951 916 2012 ct
935 1948 1050 2031 populo
1070 1947 1164 2014 Urbis
1186 1951 1294 2011 aotam
1311 1948 1396 2033 facit
1417 1967 1449 2010 sc
1472 1947 1638 2031 P[ctram]
1660 1945 1857 2011 cardinalem

199 2067 268 2111 cara
283 2049 402 2130 plateae
425 2052 590 2134 legatariis
612 2052 717 2136 officio
740 2051 774 2114 in
798 2050 944 2116 Siciliam
966 2050 1133 2127 destinare,
1157 2051 1260 2132 eisquc
1281 2051 1422 2127 mandat,
1450 2056 1486 2113 at
1503 2050 1543 2126 ci,
1574 2067 1644 2113 arare
1664 2050 1733 2130 i1rsc
1755 2053 1786 2111 ct
1807 2048 1859 2111 sai

198 2151 366 2217 utilitatem
387 2153 482 2219 Urbis
503 2157 651 2232 araretur,
673 2149 833 2219 arcnilirau
855 2154 1046 2237 airpiomar.
1524 2154 1618 2228 1249,
1641 2154 1722 2232 Apr.
1740 2157 1770 2216 7.

304 2273 366 2326 Ian.
385 2274 406 2325 I
409 2273 433 2326 V
449 2274 512 2344 Rea.
532 2274 591 2328 La.
607 2275 656 2341 VI,
674 2275 751 2341 172,
768 2290 824 2328 erar.
842 2281 924 2328 1143.

303 2357 432 2426 reama,
455 2360 630 2428 1111113274,
648 2362 743 2428 angar
761 2368 835 2413 47114.

655 2546 693 2563 ..
722 2488 937 2562 senatori
964 2493 1008 2560 et
1035 2488 1217 2578 populo
1245 2487 1400 2561 Urbis

308 2618 380 2683 Etsi
405 2619 446 2684 dc
470 2621 596 2684 cunctis
617 2621 736 2704 Christi
760 2621 923 2702 fidelibus,
946 2620 1032 2705 quod
1057 2621 1152 2685 nobis
1177 2627 1211 2684 et
1234 2620 1374 2684 ecclesie
1397 2620 1430 2683 in
1453 2618 1726 2705 oportunitatibus
1751 2618 1857 2704 parati

200 2720 265 2786 sint
295 2724 464 2803 assistere,
497 2725 713 2804 confidamus,
746 2725 787 2789 dc
811 2725 903 2789 vobis
932 2732 1042 2788 tamen
1075 2746 1113 2787 eo
1142 2724 1292 2788 fiduciam
1323 2723 1466 2808 gerimus
1496 2723 1674 2808 potiorem,
1708 2742 1774 2807 quo
1797 2741 1856 2785 vos

201 2825 412 2910 specialiores
439 2828 524 2891 inter
546 2835 674 2893 ceteros
700 2829 788 2893 sodis
812 2829 993 2915 apostolice
1017 2828 1225 2912 agnoscimus
1248 2826 1333 2890 filios
1358 2847 1483 2911 vosque
1508 2824 1620 2890 sedem
1643 2827 1747 2911 ipsam
1772 2825 1858 2888 citra

200 2935 310 2993 vestra
338 2932 429 2995 scitis
463 2931 600 2995 comoda
630 2933 704 3018 plus
733 2934 903 2996 intentam.
949 2930 1059 3004 Quare
1091 2932 1124 2994 iu
1154 2931 1275 2995 nostris
1306 2937 1338 2992 et
1370 2928 1515 2993 eiusdem
1549 2928 1690 2993 ecclesie
1720 2927 1858 3013 agendis

200 3038 344 3098 vestrum
370 3056 443 3099 cum
467 3036 603 3119 expedit
626 3037 783 3100 arixilium
807 3036 1005 3120 requirimus
1029 3035 1238 3114 confidenter,
1271 3035 1323 3119 qui
1353 3054 1529 3119 numquam
1560 3034 1621 3119 ipsi
1652 3033 1796 3098 ccclesia
1825 3034 1857 3097 in

200 3135 272 3199 cius
296 3139 551 3202 necessitatibus
575 3138 740 3211 defuistis,
773 3139 831 3203 sed
862 3161 993 3226 semper
1016 3139 1056 3203 ad
1080 3140 1131 3203 sui
1155 3139 1287 3203 honoris
1310 3145 1521 3222 augmentum
1545 3136 1777 3201 assurrexistis
1799 3159 1858 3224 pra

200 3239 274 3302 aliis
298 3240 460 3308 efficaces.
507 3243 593 3307 Sane
617 3244 694 3328 quia
716 3245 802 3308 inter
824 3251 950 3324 cetera,
981 3266 1044 3330 quo
1068 3244 1164 3308 nobis
1187 3243 1395 3323 incumbunt,
1426 3241 1593 3325 negotium
1625 3241 1719 3325 regui
1743 3239 1857 3305 Sicilie

175 3343 423 3430 principaliter
459 3345 580 3411 insidet
614 3346 704 3410 cordi
739 3354 865 3427 nostro,
901 3370 978 3412 cece
1011 3370 1070 3434 pro
1104 3348 1159 3410 illo
1194 3347 1363 3432 potissime
1393 3345 1548 3409 dilectum
1577 3344 1679 3407 filium
1711 3352 1857 3409 nostrum

199 3443 237 3508 P.
262 3444 374 3512 Sancti
402 3447 538 3533 Georgii
566 3457 629 3515 oto.
659 3471 776 3534 usquc:
814 3450 1029 3530 cardinalem,
1063 3452 1169 3515 virum
1201 3450 1313 3534 utique
1348 3449 1486 3513 scicntia
1518 3447 1698 3532 preditum,
1732 3467 1857 3511 momm

200 3547 373 3615 honestate
398 3552 564 3632 decorum,
595 3553 628 3616 in
652 3555 798 3619 consiliis
822 3557 1098 3641 circumspectum
1122 3562 1155 3617 et
1178 3554 1212 3617 in
1235 3552 1346 3615 multis
1371 3559 1405 3615 et
1427 3551 1536 3615 arduis
1559 3549 1771 3615 laudabiliter
1794 3551 1858 3614 iam

200 3650 383 3736 probatum,
407 3676 504 3740 quem
520 3657 607 3722 inter
629 3659 711 3722 alios
734 3659 851 3723 fratres
875 3664 1005 3723 nostros
1029 3657 1204 3744 specialisb
1228 3656 1412 3720 dilectionis
1435 3654 1684 3740 complectimur
1707 3653 1857 3719 brachiis.

200 3754 279 3818 illuc
303 3755 343 3820 de
365 3756 502 3822 fratrum
519 3767 703 3825 nostrorum
721 3763 866 3842 consilio,
891 3762 1062 3826 commisso
1078 3761 1140 3824 sibi
1156 3760 1253 3845 plene
1270 3759 1441 3844 legationis
1458 3757 1574 3838 officio,
1598 3757 1853 3821 destinamus0‘.

304 3983 329 4048 ⁸)
347 3993 460 4036 nostram
478 3986 547 4037 (14311
564 3987 595 4037 J.
702 3987 726 4051 Ι1)
744 3990 790 4038 lite.
809 3991 831 4040 is
850 4007 916 4039 corr.
935 4006 966 4040 ca
984 3991 1011 4053 it,
1030 3989 1058 4038 ia
1077 3989 1131 4038 loco
1150 4005 1220 4038 raso.
1325 3991 1349 4050 ⁰)
1368 3986 1523 4037 destinemus
1542 3984 1574 4034 a.

194 4100 285 4154 ‘Italia
300 4100 393 4167 ficerat
410 4102 459 4173 [cs.
477 4121 505 4157 u.
518 4105 574 4175 83],
598 4111 622 4157 et
644 4121 687 4158 eos
711 4107 749 4158 rel
769 4108 869 4160 arrricos
892 4123 984 4160 ramam
1007 4106 1083 4175 aprrcd
1106 4106 1210 4159 cir-riam
1231 4109 1375 4171 sacrantes,
1401 4120 1435 4157 ne
1455 4103 1534 4156 Petro
1555 4107 1612 4155 tara
1634 4103 1728 4170 asapia
1741 4106 1859 4171 puteum

199 4187 408 4257 committeretur,
426 4191 569 4244 reluctator
586 4207 638 4245 esse
653 4198 798 4260 quaternium
821 4194 895 4261 (dp.
912 4202 970 4261 487,
989 4194 1037 4246 lin.
1056 4201 1079 4245 2.
1112 4190 1310 4258 serraquae
1324 4206 1415 4259 propino
1432 4189 1463 4241 dc
1487 4189 1592 4258 scopatio
1613 4189 1686 4257 rasni
1706 4189 1858 4256 pineam,

199 4273 318 4326 celeriter
334 4275 492 4329 narranaam
506 4277 591 4342 sarissa
604 4294 661 4346 por·
679 4284 722 4331 en.

304 4362 331 4426 l)
349 4361 405 4414 Hie
421 4363 537 4416 ricariaa
554 4364 585 4417 in
603 4365 672 4419 Urbe
689 4366 834 4423 retransit.-
851 4367 884 4431 cs.
901 4366 976 4431 ‘iulia
994 4365 1042 4418 aab
1062 4366 1124 4418 ben.
1138 4373 1176 4419 18.
1263 4363 1292 4431 2)
1311 4363 1366 4416 Hic
1384 4367 1470 4415 rector
1483 4360 1648 4429 (brapmniae
1659 4367 1683 4413 et
1699 4360 1859 4414 Maritimae

197 4445 299 4512 fuerat,
317 4463 371 4514 qao
388 4448 479 4514 officio
495 4466 571 4503 tarrac
584 4450 713 4518 par-oua
730 4456 780 4513 cst,·
798 4451 831 4516 os.
846 4468 873 4505 n.
893 4451 923 4517 V,
942 4452 1044 4519 Rapa
1055 4457 1128 4515 3870,
1142 4455 1218 4514 3833,
1229 4457 1302 4516 38711,
1313 4457 1384 4515 33111,
1403 4456 1480 4515 4029,
1498 4454 1522 4502 et
1536 4447 1667 4514 Parma,
1688 4447 1754 4516 aa.
1768 4453 1858 4514 13080,

199 4547 269 4598 qaue
286 4548 325 4600 ep.
342 4533 374 4584 in
393 4533 639 4603 amantissima
662 4538 696 4603 rs.
714 4537 794 4591 ctrina
812 4537 1139 4603 marsicanam.
1227 4537 1255 4597 a)
1275 4536 1302 4587 a
1320 4552 1376 4588 crore
1393 4541 1621 4601 commmoratur,
1643 4534 1691 4603 qai
1713 4535 1861 4588 mamm

200 4617 337 4686 herasme
353 4620 536 4673 minoritatem
552 4622 583 4674 r'a
602 4623 688 4676 ltalia
705 4623 791 4676 inedia
808 4624 909 4690 indicit,
930 4623 1088 4694 Romana
1107 4623 1224 4678 Sanctae
1235 4622 1344 4676 Mariae
1361 4623 1392 4674 ia
1406 4621 1540 4677 (banidia
1557 4621 1688 4675 diaconus
1703 4620 1860 4687 ammata,

200 4703 248 4770 qai
264 4705 424 4772 apostolicae
441 4706 510 4760 seclis
526 4708 628 4776 leonas
644 4709 677 4760 r'n
694 4710 873 4776 Parsimonia
898 4711 928 4762 in
950 4709 1061 4776 Tameia,
1086 4708 1198 4762 Darada
1215 4713 1238 4761 et
1258 4707 1383 4761 llfordaia
1400 4709 1457 4774 fait
1475 4707 1522 4777 [rs.
1541 4713 1643 4773 11838,
1667 4708 1768 4775 Barca
1783 4713 1858 4771 3733,

200 4787 248 4841 aei
264 4788 408 4846 Lacunam
425 4797 448 4845 et
467 4792 600 4847 Pisanum
617 4796 735 4850 arcanas
752 4796 790 4856 ad
808 4797 959 4865 legationem
976 4796 1034 4849 eirca
1047 4795 1210 4863 pertinaciam
1227 4795 1343 4863 lepinars,
1363 4800 1388 4847 et
1403 4811 1489 4862 aspra
1502 4811 1531 4862 p.
1544 4801 1601 4861 411,
1618 4798 1672 4848 arm.
1685 4799 1712 4861 3,
1734 4794 1784 4847 citri
1799 4810 1859 4846 asae

200 4874 290 4942 abaram
309 4877 396 4930 ‘meaa
408 4894 500 4946 pmice
515 4883 659 4950 peremera’,
681 4899 739 4934 nora
756 4883 920 4950 ‘apostolicae
936 4883 1006 4936 sedis
1024 4883 1145 4950 lcpotrcra’
1162 4898 1189 4934 se
1204 4880 1350 4949 afflasse
1367 4880 1571 4946 orinotamrsra3
1587 4880 1619 4945 cs.
1632 4887 1734 4947 11438,
1754 4887 1809 4934 aar.
1821 4880 1860 4949 ⁴).

202 4959 278 5015 Eam
295 4979 401 5031 quoqne
417 4965 505 5031 officio
522 4982 570 5019 arca
587 4972 645 5020 tam
659 4969 798 5036 prirotma
815 4985 867 5023 csse
884 4969 1028 5033 credituram
1045 4986 1110 5022 amm
1127 4967 1364 5036 suppurantibus
1378 4972 1472 5035 postea
1488 4967 1595 5035 mantis
1612 4982 1712 5021 nornen
1728 4966 1789 5020 das
1804 4983 1859 5020 nou

199 5049 343 5116 reperiam
365 5049 411 5117 [ct
430 5056 519 5105 tamen
542 5053 618 5119 infra
641 5055 690 5122 aab
711 5055 778 5123 Apr.
795 5062 841 5122 24,
868 5055 914 5108 red
932 5055 1031 5108 Petras
1054 5072 1083 5107 cc
1106 5057 1218 5122 tempore
1241 5052 1362 5106 croadam
1384 5053 1414 5104 r'n
1437 5053 1522 5106 ltalia
1541 5053 1609 5120 fait,
1635 5052 1771 5119 Parma,
1796 5051 1859 5121 aa

198 5150 226 5201 p.
246 5135 332 5204 raaoJ,
352 5152 470 5205 eamque,
494 5143 637 5207 antequam
652 5156 729 5208 papa
746 5142 776 5194 in
794 5142 903 5195 Italiam
921 5141 1028 5195 redient
1046 5140 1087 5210 [o.
1101 5148 1172 5208 1151,
1192 5143 1259 5208 Apr.
1277 5139 1367 5208 rnedj,
1392 5138 1542 5207 ‘chpdaaa'
1560 5143 1695 5191 marram
1711 5154 1765 5192 erae
1781 5138 1859 5203 repert

201 5219 332 5276 Nicotaus
348 5222 379 5276 de
398 5223 504 5293 Orntrio,
523 5225 553 5280 V.
567 5227 631 5280 Irrrr.
645 5227 692 5282 IV
705 5244 728 5282 c.
741 5236 772 5282 29
790 5229 821 5280 ia
840 5229 952 5282 Batus-ii
970 5228 1049 5282 Miro.
1066 5233 1085 5281 1.
1102 5227 1165 5294 VII,
1178 5244 1207 5295 p.
1219 5233 1276 5281 383.
1363 5227 1391 5293 4)
1411 5224 1479 5278 Crem
1492 5241 1570 5293 φαμι
1591 5224 1624 5277 de
1645 5225 1705 5277 solo
1726 5225 1859 5293 legatione

201 5307 231 5359 ia
249 5323 330 5378 regno
349 5309 481 5379 lomcatrcr,
499 5312 634 5380 cqu'stolam
650 5313 706 5366 sara
719 5314 786 5382 Apr.
799 5322 814 5366 7
828 5315 953 5383 scriptam
966 5320 1104 5383 gnatamas.
1137 5312 1303 5382 ercrmqaam
1322 5312 1355 5365 ob
1372 5310 1484 5365 eandem
1494 5326 1604 5364 mamam
1615 5326 1674 5363 eam
1685 5315 1744 5363 tara
1754 5309 1858 5379 quictem

200 5399 323 5448 mnam
338 5395 423 5460 {trime
441 5413 540 5452 neceam
556 5405 602 5468 est,
618 5399 731 5466 fortasse
748 5405 837 5453 tamea
853 5400 970 5454 mactari
986 5399 1059 5467 fideli
1075 5399 1224 5453 rrrmrstrari
1241 5398 1336 5452 debrait.
1371 5397 1427 5452 Sab
1444 5402 1558 5464 a.1248,
1576 5396 1644 5465 Sept.
1657 5406 1688 5450 14
1706 5401 1729 5449 et
1749 5396 1815 5449 lt'cr.
1828 5404 1860 5449 23

197 5496 274 5548 papa
299 5481 450 5537 fluebaldo
475 5485 567 5539 clerico
586 5487 668 5553 fratri
695 5487 769 5541 Iera
793 5487 926 5541 intramnis
948 5486 1049 5540 Cintlu'r'
1071 5485 1104 5538 dc
1125 5485 1247 5539 Lacinia
1269 5485 1399 5538 renotata
1421 5482 1512 5551 Urbis,
1537 5483 1623 5537 ἀσταί
1643 5484 1701 5551 sai,
1727 5481 1858 5550 quasdam

199 5568 304 5635 arcticus
319 5569 433 5636 feceram
450 5571 548 5639 Beroer
565 5580 632 5626 4187
646 5578 669 5625 et
687 5580 765 5642 42215
784 5573 918 5641 Pottlran,
939 5573 1004 5643 Rea.
1016 5579 1097 5628 13418
1114 5578 1138 5626 et
1156 5580 1243 5627 13481.
1274 5572 1317 5626 De
1331 5571 1435 5640 Arsacio
1448 5570 1631 5625 amioum
1649 5575 1770 5624 sermore
1784 5568 1859 5622 asoa

200 5654 236 5720 cf.
254 5653 355 5722 Beroen
370 5662 442 5724 3773,
462 5657 512 5710 aab
530 5665 642 5727 (11148,
663 5658 742 5714 Febr.
756 5670 778 5714 1.
