4328 6232
279 372 342 434 356
825 366 875 423 EX
894 363 1112 424 INNOCEN'I'H
1129 359 1168 419 IV
1186 359 1369 421 nnomrao

276 541 426 628 P[ctrus]
450 542 562 607 Sunma'
586 543 714 624 Georgii
736 543 779 606 ud
805 542 908 607 Vclum
931 544 1073 606 Ancaeum
1095 542 1246 606 diaconus
1271 539 1460 617 cardinalis,
1486 542 1670 621 apostolicae
1692 541 1777 605 sedis
1798 542 1926 623 leuatus,

275 645 336 708 sibi
357 645 544 723 iaciunucrit,
565 647 602 708 a'n
624 665 803 709 succursum
825 645 958 709 uccsdcmr
981 648 1063 728 repis
1084 665 1203 710 crucam
1219 644 1388 724 praedicet.
1555 647 1647 721 1248,
1669 645 1764 709 chr.
1787 647 1842 711 20.

378 766 441 818 Iun.
461 765 510 819 IV
520 765 584 832 Rus.
601 764 693 832 Vols,
711 771 859 832 sor-50&
877 765 936 820 mo.
955 765 986 832 V,
1006 773 1065 819 597.
1103 765 1202 819 Pcrtcia'
1218 765 1349 833 cunuplm
1365 762 1526 816 comminus
1541 779 1600 816 crum
1621 763 1768 829 Mecrmun,
1787 763 1805 816 Ι.
1822 779 1846 817 c.
1864 764 1926 830 LV,

271 867 293 918 Ρ
317 857 357 916 39,
376 859 513 1004 baidus,
536 938 598 1006 Rep.
618 944 716 1004 12844;
733 938 833 1008 Bcrpcr
849 944 921 992 3646.

832 1175 840 1191 .
869 1175 878 1192 .
907 1119 1118 1209 episcopo
1145 1115 1365 1190 Curonie¹.

382 1266 477 1331 Licet
499 1269 601 1333 Terre
627 1268 747 1334 Sancte
771 1268 938 1352 negotium
964 1269 1006 1332 sit
1029 1288 1125 1352 quam
1149 1268 1291 1331 maxime
1315 1267 1403 1331 cordi
1426 1274 1548 1347 nostro,
1572 1288 1672 1330 causa
1687 1275 1799 1332 tamen
1823 1289 1924 1352 gene-

277 1372 355 1434 ralis
375 1373 513 1436 ecclesie
528 1379 620 1436 tanto
637 1373 839 1458 propensiori
862 1393 921 1436 nos
945 1393 1023 1436 nura
1040 1372 1203 1447 sollicitat,
1219 1378 1340 1456 quanto
1356 1372 1461 1436 maius
1485 1393 1527 1435 ex
1551 1393 1600 1451 ea,
1624 1374 1684 1436 nisi
1709 1372 1794 1458 quod
1819 1371 1926 1436 absit·

278 1475 432 1539 succedat
456 1497 623 1562 prospere,
647 1477 826 1562 perieulum
851 1476 1008 1555 imminet,
1032 1475 1169 1541 eumad
1194 1477 1441 1542 subversionem
1464 1483 1531 1541 tarn
1555 1478 1630 1542 fidei
1661 1501 1758 1564 quarn
1783 1480 1923 1545 ecclesie

277 1587 467 1664 persecutor
489 1580 553 1644 Dei
586 1588 619 1644 et
648 1580 831 1660 hominum,
859 1579 1066 1644 tenebrarum
1096 1581 1247 1665 angelus,
1279 1582 1475 1647 continuatis
1505 1582 1632 1647 calideh
1654 1583 1779 1647 fraudis
1803 1591 1836 1647 et
1859 1583 1924 1647 doli

277 1683 450 1762 machinis,
485 1684 526 1748 ad
554 1684 587 1747 id
622 1706 657 1749 se
687 1691 790 1748 totum
820 1684 966 1749 totaliter
995 1685 1181 1764 immolans,
1210 1684 1364 1750 elaboret.
1418 1685 1499 1749 (lum
1529 1687 1628 1772 igitur
1662 1688 1853 1751 carissimus
1892 1689 1922 1751 in

280 1786 410 1852 Christo
445 1789 529 1853 filius
561 1795 672 1852 noster
696 1810 817 1854 ..rex
848 1788 1069 1852 Romanorum
1105 1788 1238 1851 illustris
1272 1808 1403 1853 causam
1440 1790 1542 1874 ipsam
1577 1792 1793 1878 assumpserit
1827 1794 1923 1876 eique

280 1890 457 1955 debeatur⁰
473 1893 600 1973 merito,
618 1913 691 1956 oum
715 1913 788 1955 esse
812 1890 931 1955 debeat
954 1890 1130 1954 advocatus
1153 1890 1292 1956 ecclesie
1315 1912 1353 1954 ac
1377 1890 1540 1971 defensor,
1563 1914 1624 1956 nec
1648 1894 1686 1958 ad
1712 1916 1785 1958 eam
1809 1916 1923 1980 prose-

276 1995 436 2079 quendam
472 1997 621 2060 sufficere
649 1996 759 2059 valeat
791 2015 851 2079 per
885 2015 921 2058 se
949 1995 1072 2079 ipsum,
1097 2016 1174 2074 nos,
1203 1994 1410 2059 attendentes
1439 1995 1524 2081 quod
1553 2017 1653 2060 causa
1680 1997 1744 2060 ista
1776 2019 1842 2061 non
1872 2007 1922 2062 ost

276 2100 407 2185 propria
444 2099 502 2164 sed
537 2100 719 2163 communis
754 2104 786 2161 et
818 2099 860 2162 ad
893 2120 1006 2162 omnes
1040 2098 1183 2183 pertinet
1214 2097 1432 2179 Christianos,
1467 2121 1505 2164 ac
1534 2101 1683 2165 volentes
1714 2101 1823 2166 eidem
1852 2104 1921 2187 regi

279 2201 384 2265 modis
416 2203 536 2288 quibus
566 2224 741 2289 possumus
771 2202 956 2283 subvenire,
979 2201 1189 2280 mandamus,
1212 2202 1363 2286 quatinus
1385 2223 1445 2287 per
1467 2208 1570 2266 toturn
1594 2204 1781 2290 imperium,
1805 2227 1920 2271 secun·

275 2304 351 2369 dum
384 2306 471 2390 quod
501 2306 639 2371 dilectus
663 2307 747 2370 filius
774 2316 887 2370 noster
912 2306 948 2369 P.
973 2305 1085 2369 Sancti
1110 2304 1244 2390 Georgii
1268 2306 1309 2369 ad
1324 2305 1443 2370 Velum
1465 2306 1613 2372 Aureum
1638 2309 1795 2374 diaconus
1819 2311 1920 2375 cardi-

275 2409 369 2488 nalis,
391 2410 570 2495 apostolice
594 2409 681 2476 sedis
703 2411 844 2495 legatus,
868 2410 929 2474 tibi
952 2409 1082 2474 duxerit
1105 2408 1369 2492 iniungendum²,
1392 2410 1424 2473 in
1448 2432 1638 2475 succursum
1661 2412 1812 2476 eiusdem
1834 2416 1919 2499 regis

275 2512 426 2598 predices
462 2520 495 2577 et
528 2513 689 2599 predicari
721 2515 822 2579 facias
856 2513 991 2577 verbum
1022 2513 1254 2591 crucis,‚illam
1278 2513 1342 2590 eis,
1366 2515 1419 2598 qui
1449 2536 1580 2579 crucem
1603 2515 1644 2579 ad
1666 2518 1917 2581 succurrendum

274 2616 423 2701 predicto
447 2617 516 2701 regi
540 2619 792 2704 assumpserint,
816 2617 1010 2681 auctoritate
1040 2623 1151 2679 nostra
1178 2622 1386 2701 peccatorum
1419 2638 1550 2682 suorum
1578 2619 1707 2684 veniam
1735 2620 1917 2704 largiturus,

275 2741 339 2804 que
362 2721 549 2785 conceditur
572 2721 809 2805 crucesignatis
832 2718 1119 2784 transfretantibus
1141 2720 1174 2782 in
1198 2718 1379 2783 subsidium
1403 2720 1504 2784 Terre
1529 2722 1660 2788 Sancte.

377 2842 452 2907 Dat.
476 2843 637 2928 Lugduni,
660 2842 692 2905 X
714 2841 790 2907 Kal.
814 2841 933 2923 Martii,
958 2861 1042 2904 anno
1061 2839 1137 2904 V⁰¹¹.

1240 3102 1245 3111 ι

890 3118 1298 3127 ———-—--

1053 3382 1140 3456 505.

375 3495 592 3590 Innocentius
607 3520 665 3587 IV
671 3545 758 3605 papa
767 3525 947 3605 praeposito
961 3527 992 3587 ct
1002 3524 1138 3608 captitula
1149 3523 1385 3588 Basilicnsibus
1399 3524 1518 3588 intuitu
1528 3524 1681 3610 [chrici
1691 3526 1773 3610 III]
1786 3529 1922 3608 episcopi

270 3627 514 3709 Arpcnta'ucusis
534 3627 677 3705 incandet,
704 3631 740 3691 ut
760 3626 891 3692 Petram
919 3629 1101 3692 conon-icum
1130 3628 1272 3693 occlusum
1298 3627 1562 3707 Lutcmbotcusis,
1591 3628 1728 3712 fratrom
1749 3630 1923 3696 Wcaclonis

270 3730 309 3793 dc
325 3730 456 3810 Lepido,
472 3731 568 3794 cidens
583 3732 721 3814 qnscopo
730 3751 793 3814 pro
808 3731 948 3794 libertate
963 3731 1104 3794 ccclesiae
1119 3732 1256 3795 uiriliter
1276 3731 1461 3809 assistentis,
1483 3731 1519 3793 in
1540 3732 1722 3796 canonicum
1744 3734 1924 3813 admittunt,

268 3833 411 3913 alioquin
430 3832 668 3919 [Liutbcldum]
683 3835 858 3915 episcopua
878 3834 1091 3899 Basilicarum
1112 3835 1297 3900 ncnudotum
1318 3854 1409 3898 suum
1432 3855 1525 3915 super
1547 3835 1602 3900 lroc
1623 3842 1825 3902 caecaturum
1848 3859 1923 3905 csse.

375 3953 438 4006 aa
452 3953 574 4024 svau.
595 3953 652 4009 uu.
671 3954 771 4022 cnu-
794 3954 855 4009 mo.
873 3954 971 4022 nore.
1548 3942 1642 4020 1248,
1663 3941 1758 4006 Febr.
1781 3944 1837 4007 25.

374 4039 473 4108 Bauer
485 4047 559 4095 soca

597 4259 643 4276 ..
671 4204 906 4295 preposito
935 4209 978 4278 et
1004 4205 1203 4296 capitulo
1239 4204 1582 4279 Basiliensibus

375 4351 554 4416 Personam
576 4352 775 4417 venerabilis
806 4353 914 4418 fratris
944 4355 1047 4417 nostri
1072 4404 1103 4420 ..
1127 4354 1379 4439 Argentinensis
1408 4354 1567 4440 episcopi,
1600 4375 1658 4439 pro
1693 4355 1919 4422 ecclesiastiea

268 4454 419 4519 libertate
451 4454 616 4519 indefesso
646 4457 762 4542 spiritu
793 4456 987 4536 laborantis,
1018 4456 1178 4542 condigno
1208 4459 1349 4523 libenter
1380 4458 1502 4523 honore
1530 4458 1775 4543 prosequimur,
1800 4462 1918 4528 sedin

270 4559 333 4623 hiis
357 4559 523 4645 precipue,
547 4580 610 4643 que
628 4561 715 4624 cordi
739 4581 797 4625 suo
822 4568 916 4645 grata
937 4561 1135 4647 percipimus
1159 4561 1255 4626 etad
1279 4562 1460 4647 profectum
1477 4560 1626 4625 Romane
1650 4562 1793 4627 ecclesie
1818 4564 1918 4630 devo-

270 4670 375 4726 torum
411 4661 594 4727 redundare
629 4664 797 4729 sentimus.
856 4664 943 4728 Hinc
977 4672 1043 4744 est,
1078 4664 1163 4750 qnod
1191 4686 1249 4728 nos
1284 4666 1353 4730 eius
1383 4666 1516 4745 intuitu,
1540 4665 1594 4750 qui
1627 4686 1685 4750 pro
1709 4665 1831 4731 dilecto
1854 4669 1920 4733 lilio

269 4765 368 4829 Petro
404 4767 559 4829 canonico
595 4767 736 4832 ecclesie
771 4767 1071 4848 Lutcmbatensis³,
1102 4768 1202 4832 fratre
1231 4767 1351 4832 nobilis
1379 4768 1439 4831 viri
1461 4767 1652 4833 Weaelonis
1683 4767 1723 4832 de
1758 4768 1918 4857 Lapide⁴,

268 4869 330 4932 sibi
363 4889 422 4953 pro
457 4869 610 4934 libertate
644 4869 790 4956 predicto
818 4871 955 4935 virilitor
984 4873 1185 4953 assistentis,
1215 4871 1429 4957 apostolicam
1461 4873 1599 4956 gratiam
1626 4893 1686 4957 per
1717 4872 1916 4940 affectuosas

268 4973 397 5036 litteras
420 4973 621 5058 imploravit,
644 4974 889 5039 universitatem
906 4983 1047 5039 vestram
1070 4975 1249 5062 rogandam
1265 4976 1420 5039 duximus
1444 4980 1476 5038 et
1497 4976 1704 5054 monendam,
1721 4976 1918 5043 mandantes

269 5077 421 5158 quatinus
444 5075 565 5139 dictum
589 5076 625 5144 P.
650 5099 708 5163 pro
733 5079 913 5163 apostolice
944 5080 1031 5143 sedis
1055 5085 1088 5143 et
1111 5086 1221 5144 nostra
1243 5081 1429 5144 reverentia
1451 5079 1484 5142 in
1507 5079 1641 5142 fratrem
1665 5085 1699 5142 et
1721 5082 1916 5145 canonicum

267 5178 447 5243 admittatis
483 5187 516 5245 et
552 5180 592 5243 de
625 5180 809 5266 prebenda,
843 5183 1007 5268 quamcito
1043 5205 1078 5248 se
1115 5183 1253 5248 facultas
1288 5182 1459 5262 obtulerit,
1500 5182 1682 5248 liberaliter
1717 5183 1916 5267 provideatis

368 5442 393 5505 ⁸)
411 5441 448 5491 ita
467 5440 499 5492 n.
604 5439 630 5510 b)
649 5443 696 5510 lep.
714 5444 813 5497 callide.
919 5445 942 5510 c)
961 5446 1069 5498 debetur
1087 5445 1119 5497 12.
1223 5443 1325 5512 dlDat
1344 5455 1469 5514 utsupra
1487 5447 1518 5498 R.

367 5559 392 5623 1)
411 5556 495 5611 Hunc
510 5559 594 5625 fuisse
606 5565 736 5629 putum
753 5560 903 5615 Hmriucm
919 5563 1065 5631 cpiscmmm
1083 5563 1314 5634 Semigallicuscm,
1329 5565 1361 5619 dc
1377 5582 1431 5634 quo
1447 5566 1477 5631 (τί
1496 5582 1525 5619 n.
1543 5571 1600 5620 423.
1703 5564 1733 5630 2)
1753 5563 1796 5632 Ol.
1812 5582 1842 5621 ιι.
1858 5572 1913 5621 ffl-

262 5643 290 5707 3)
310 5640 483 5697 Lcautcnbucb
498 5662 582 5714 prem
601 5646 727 5700 Mauuer
743 5647 774 5700 in
793 5644 999 5718 Grcqoricrallml.
1103 5651 1131 5718 4)
1152 5651 1404 5722 Rbcinprnscrutciu
1420 5668 1434 5705 c
1450 5666 1513 5705 mer.
1531 5652 1577 5707 cic.
1596 5648 1765 5708 Kmmoi.
