4734 6334
835 456 1037 513 EPISTOLAE
1057 457 1250 516 SELEG'PAE.
1287 461 1364 516 1249.

1062 795 1149 868 633.

379 903 597 998 Innocentius
612 933 632 998 1
641 933 670 996 V
674 953 765 1014 propo
786 935 965 1018 praeposito
986 935 1023 998 dc
1040 935 1178 1016 Bnpelto
1197 935 1398 1001 Vercetleusis
1419 937 1549 1000 diocesis
1564 937 1702 1015 nnndot,
1725 941 1760 1001 ut
1780 935 1927 1003 Ubertum

274 1037 312 1101 de
334 1036 480 1118 Bnlporo
501 1037 596 1101 ciuem
618 1035 836 1102 Vercelleuscsn
859 1037 899 1102 ab
921 1039 1064 1102 omnibus
1088 1039 1200 1103 debitis
1221 1044 1249 1102 ct
1271 1039 1512 1121 olilipotionibns
1533 1041 1682 1119 absoluat,
1705 1041 1818 1122 quibus
1834 1039 1928 1105 Petro

275 1139 356 1204 dicto
385 1139 535 1204 Bicbcrio
563 1141 625 1204 ciui
651 1139 851 1217 Vercetleusi,
881 1141 1083 1226 F[riderieo]
1112 1141 1269 1222 quondum
1298 1143 1482 1224 imperatori
1511 1143 1706 1226 irnpsrdsntcr
1738 1143 1930 1221 ndbounrti,

275 1247 427 1308 teneutm.
1604 1249 1696 1324 1249,
1721 1247 1796 1315 Ion.
1814 1248 1844 1314 5.

380 1363 443 1416 Iun.
456 1361 504 1416 IV
519 1363 582 1432 Rop.
601 1361 660 1418 ruo.
677 1362 722 1430 VI,
739 1363 812 1431 filii,
831 1381 859 1418 n.
872 1370 930 1419 265.

379 1449 506 1517 Potitiost,
528 1449 592 1518 Res.
607 1456 684 1504 isles
702 1455 726 1502 st
748 1456 859 1515 l3louo‚·
876 1450 974 1519 Beroen
991 1459 1063 1506 4277.

385 1703 423 1721 ..
451 1647 696 1739 preposito
726 1647 921 1721 ecclesie
948 1649 1000 1720 de
1028 1647 1235 1739 Bugelle¹
1261 1648 1588 1720 Vercellerrsis
1615 1648 1825 1723 diocesia.

382 1796 473 1862 Inter
495 1802 718 1883 promerentes
743 1804 776 1861 et
799 1795 1007 1862 demerentes
1031 1807 1093 1862 ete.
1117 1805 1153 1861 ιιι
1176 1808 1292 1882 supra·
1314 1819 1432 1883 usque:
1456 1800 1611 1882 gratiosa.
1651 1798 1733 1865 Indc
1758 1806 1819 1880 est,
1842 1801 1929 1886 quod

274 1897 317 1963 ad
339 1899 529 1965 extollenda
555 1901 710 1964 iustorum
734 1901 890 1985 preconia
913 1908 947 1965 ct
969 1899 1183 1965 refrenandas
1207 1900 1398 1965 insolentias
1421 1907 1703 1987 transgressorum
1725 1903 1929 1989 prospiciens

275 2024 294 2066 e
317 2004 388 2068 celo
412 2003 536 2068 iustitia
559 2003 666 2068 erexit
689 2003 719 2066 in
745 2004 856 2067 seculo
879 2002 1127 2081 dominationes,
1158 2004 1250 2084 solia,
1283 2004 1484 2090 principatus
1508 2013 1541 2069 et
1564 2005 1711 2070 diversas
1734 2006 1816 2070 alias
1839 2027 1929 2070 more

274 2107 408 2172 celestis
432 2107 521 2172 curie
545 2111 737 2193 potestates.
784 2105 865 2169 Cum
889 2107 987 2190 igitur
1011 2105 1128 2168 Petrus
1158 2105 1265 2171 dietus
1288 2106 1460 2171 Bieherius
1491 2101 1843 2188 uvisvercellensis2,
1874 2111 1928 2195 qui

272 2231 331 2296 pro
355 2232 395 2274 eo
420 2210 507 2296 quod
530 2212 622 2295 quasi
647 2211 687 2274 de
712 2209 831 2274 nichilo
857 2210 1021 2274 exsultatus
1045 2209 1105 2273 fuit
1128 2209 1169 2272 de
1193 2210 1289 2274 bonis
1320 2212 1570 2292 ecelesiasticis,
1599 2211 1752 2292 deberet,
1782 2213 1809 2276 si
1838 2220 1928 2279 recte

272 2321 417 2399 saperet,
449 2315 548 2378 etiam
572 2315 712 2397 vestigia
741 2312 909 2377 lambereb
934 2313 1140 2393 clericorum,
1170 2312 1268 2379 datus
1294 2315 1326 2377 in
1350 2336 1483 2378 sensum
1506 2315 1680 2401 reprobum
1704 2315 1740 2379 F.
1764 2316 1927 2401 quondam

272 2417 459 2503 imperatori
474 2439 494 2481 a
511 2417 603 2482 nobis
620 2438 714 2480 sacro
731 2415 936 2502 approbante
954 2415 1092 2479 concilio
1108 2416 1283 2502 reprobato
1299 2417 1507 2503 impudenter
1528 2418 1687 2484 adhereat
1711 2425 1744 2484 et
1765 2425 1927 2506 patenter,

207 2575 211 2585 .
273 2541 334 2607 pcr
355 2520 441 2607 quod
464 2519 572 2585 Deum
596 2528 630 2585 et
654 2519 827 2584 ecclesiam
851 2526 1005 2604 tanquam
1030 2520 1167 2583 sathane
1191 2520 1324 2585 satelles
1348 2522 1555 2607 persequitur
1583 2530 1616 2586 et
1642 2522 1827 2609 impugnat:
1857 2544 1927 2602 nos,

272 2624 480 2690 attendentes
503 2623 590 2710 quod
614 2623 747 2708 dignum
771 2629 830 2695 cst,
854 2629 890 2686 ut
913 2633 1015 2707 quos⁰
1039 2621 1168 2688 divinus
1193 2625 1289 2688 timor
1311 2645 1330 2688 a
1354 2625 1439 2688 malo
1460 2646 1525 2688 non
1542 2631 1683 2704 revocat,
1708 2626 1825 2690 saltem
1841 2647 1927 2712 pena

273 2726 448 2792 coherceat
477 2726 680 2813 temporalis,
713 2725 924 2789 accolentes
953 2725 994 2789 ad
1024 2746 1162 2810 presens
1191 2727 1222 2788 in
1253 2727 1416 2812 aliquibus
1446 2728 1491 2790 sic
1515 2728 1621 2814 ipsum
1647 2728 1778 2814 punire,
1810 2734 1846 2792 ut
1869 2751 1928 2815 per

272 2830 335 2896 hoc
365 2831 618 2896 emolumentum
648 2828 774 2893 devotis
804 2829 946 2893 ecclesie
977 2829 1171 2901 afferamus,
1201 2829 1410 2911 mandamus,
1447 2831 1599 2915 quatinus
1634 2831 1789 2896 dilectum
1824 2832 1925 2896 lilium

272 2932 416 3000 nobilem
447 2934 551 2997 virum
576 2932 737 2997 Ubertum
768 2932 809 2996 de
834 2931 976 3016 Bulgaro
1007 2931 1110 2996 civem
1132 2931 1395 3012 Vercellensem,
1428 2933 1521 2996 nobis
1553 2941 1586 2997 et
1617 2934 1755 2999 ecclesie
1778 2933 1925 3000 Romane

212 3099 213 3102 ,
272 3035 438 3115 devotum,
462 3037 503 3100 ab
527 3035 677 3102 omnibus
701 3035 828 3106 debitis,
853 3034 1117 3098 fideiussionibus
1142 3041 1175 3098 ct
1199 3035 1467 3120 obligationibus,
1492 3059 1534 3101 ex
1557 3057 1750 3123 quacunque
1774 3039 1925 3103 caucasi

271 3147 432 3219 teneatur,
462 3147 495 3204 et
525 3140 714 3204 iuramentis
745 3159 844 3224 super
871 3137 934 3201 hiis
965 3138 1111 3222 prestitis
1138 3174 1177 3184 -
1201 3159 1267 3202 ιιοιι
1291 3139 1496 3203 obstantibus
1519 3139 1775 3214 venditionibus,
1807 3142 1833 3205 ai
1862 3162 1925 3226 que

270 3244 333 3331 ipsi
355 3243 397 3307 ab
422 3243 536 3308 eodem
560 3243 686 3307 Uberto
710 3248 865 3327 pretextu
890 3240 1029 3304 alieuius
1052 3240 1271 3306 fideiussionis
1295 3243 1348 3306 vel
1373 3241 1582 3327 obligationis
1606 3243 1693 3308 facte
1724 3252 1813 3324 sunt,
1845 3265 1925 3329 quas

269 3367 328 3433 pro
352 3367 415 3411 nou
438 3347 534 3412 iactis
557 3346 670 3411 haberi
686 3346 837 3409 volumus
847 3346 869 3424 ³,
893 3346 1153 3430 -presentium
1177 3347 1374 3410 auctoritate
1398 3346 1562 3426 absolvas,
1587 3352 1620 3410 ct
1643 3349 1833 3433 pronunties
1857 3356 1924 3412 tam

268 3452 375 3538 ipsum
399 3472 495 3536 quam
520 3450 791 3537 predecessores⁴
816 3449 919 3533 ipsius
948 3449 1072 3533 prefato
1096 3448 1132 3512 P.
1158 3469 1256 3533 super
1279 3450 1447 3534 premissis
1471 3449 1624 3514 deeetero
1648 3471 1713 3514 non
1737 3451 1841 3515 teneri
1864 3470 1926 3515 nec

203 3608 207 3618 .
269 3577 367 3641 posse
391 3556 432 3620 ab
456 3577 495 3618 eo
519 3557 570 3618 vel
593 3554 665 3618 aliis
690 3575 789 3641 super
813 3553 937 3617 eisdem
960 3552 1025 3616 ullo
1049 3574 1202 3637 umquam
1227 3561 1373 3638 tempore
1397 3554 1573 3633 conveniri,
1597 3554 1794 3618 auctoritate
1810 3560 1922 3618 nostra

269 3658 448 3724 districtius
473 3657 661 3736 inhibendo,
685 3678 725 3722 ne
748 3664 905 3743 potestas,
929 3656 1066 3735 iudices,
1090 3656 1243 3721 eonsules
1259 3658 1311 3720 vel
1328 3663 1472 3721 rectores
1489 3657 1591 3742 aliqui
1609 3663 1665 3721 aut
1681 3655 1787 3721 dictus
1803 3656 1923 3721 Petrus

268 3763 376 3850 ipsum
405 3762 446 3827 ad
475 3763 672 3828 solutionem
703 3760 886 3825 debitorum
909 3761 1054 3846 ipsorum
1078 3761 1275 3846 compellere
1298 3761 1351 3824 vel
1375 3781 1474 3846 super
1497 3761 1666 3847 premissis
1690 3760 1800 3845 aliquo
1825 3758 1922 3824 modo

269 3867 446 3932 molestare
469 3871 673 3953 presumant,
705 3867 736 3929 in
761 3886 841 3951 quos
864 3865 1214 3930 excommunicationis
1243 3865 1330 3930 feras
1361 3865 1573 3944 sententiam,
1604 3865 1630 3928 si
1662 3871 1774 3930 contra
1804 3864 1924 3930 inhibi-

268 3969 393 4036 tionem
413 3977 504 4035 tuom
527 3971 681 4035 duxerint
704 3969 911 4053 aliquatenus
938 3967 1219 4056 presumendum,
1242 3968 1286 4032 ita
1316 3968 1401 4053 quod
1432 3969 1505 4055 ipso
1537 3969 1623 4034 lacto
1653 3969 1718 4033 sint
1741 3967 1925 4033 huiusmodi

270 4073 434 4138 sententia
456 4074 617 4153 innodati,
641 4095 661 4137 a
684 4094 747 4159 qua
771 4092 834 4136 nea
858 4073 946 4156 prius
969 4070 1096 4136 absolvi
1121 4072 1266 4151 valeant,
1296 4092 1393 4156 quam
1417 4073 1480 4157 ipsi
1504 4071 1630 4137 Uberto
1653 4071 1694 4136 de
1718 4071 1868 4157 dampnis
1891 4077 1925 4135 et

270 4177 436 4264 expensis,
461 4197 523 4262 que
546 4177 607 4242 hac
631 4177 801 4241 occasione
824 4176 932 4261 ipsum
956 4173 1065 4239 subire
1083 4175 1265 4259 contigerit,
1290 4173 1351 4238 ab‘l
1368 4175 1414 4238 eis
1430 4174 1529 4239 fuerit
1544 4176 1691 4261 plenarie
1708 4174 1923 4238 satisfactum.

374 4297 449 4362 Dat.
473 4298 636 4383 Lugduni,
660 4297 744 4360 Non.
767 4295 922 4374 Ianuarii,
946 4295 1122 4359 annoV10.

1054 4839 1142 4919 634.

371 4958 590 5053 Innocentius
609 4986 633 5051 Ι
637 4983 667 5050 V
679 5006 768 5070 popu
790 4985 899 5050 tentet
921 4988 1121 5062 contractum,
1144 5005 1203 5065 per
1226 5001 1314 5064 queen
1340 4980 1549 5067 G[rcponins]
1569 4980 1606 5045 dc
1628 4979 1830 5060 Montetonpo
1851 4975 1923 5040 sirii-

264 5089 424 5167 diuconus,
447 5091 634 5172 apostolieae
649 5089 731 5153 scitis
744 5090 873 5172 topatus,
895 5089 970 5152 olim
984 5087 1103 5152 ciuibus
1121 5086 1374 5163 l'enccllcnsibus
1389 5090 1424 5148 nt
1439 5105 1489 5148 cos
1504 5085 1545 5148 ob
1560 5083 1714 5165 obsequiis
1725 5081 1923 5167 F[riderici]

374 5249 501 5256 —k—
559 5251 564 5257 .
718 5250 763 5255 ---
792 5251 799 5256 .
911 5250 1034 5256 -—-.

371 5351 395 5414 ὓ)
412 5359 440 5400 ιιι
457 5350 485 5401 in
502 5369 528 5401 n.
542 5354 599 5402 635.
700 5347 723 5414 b)
741 5352 778 5400 ito
795 5367 862 5401 corr.
876 5349 920 5408 13.,·
938 5349 1023 5401 labere
1036 5348 1067 5400 R.
1168 5349 1189 5411 ⁰)
1208 5348 1275 5414 quod
1289 5346 1320 5396 R.
1419 5343 1444 5409 d)
1462 5346 1494 5396 ab
1508 5373 1539 5382 —
1552 5345 1710 5396 satisfactum
1728 5343 1755 5392 in
1774 5342 1829 5392 ioco
1848 5357 1917 5391 roso.

371 5487 396 5554 1)
422 5485 470 5540 En
495 5491 557 5554 sept.
581 5492 605 5540 ct
628 5501 667 5540 or.
691 5484 739 5538 cire.
758 5485 841 5540 Iussu
947 5484 976 5552 2)
1001 5483 1039 5549 Cf.
1060 5500 1089 5551 p.
1108 5489 1171 5552 438,
1195 5488 1250 5537 not.
1269 5493 1281 5536 ,ι
1306 5486 1328 5536 ct
1351 5478 1587 5547 nunu-Fater,
1612 5480 1629 5533 t.
1650 5495 1672 5532 c.
1693 5483 1759 5532 3749
1780 5481 1804 5530 ct
1825 5481 1920 5530 storo.

265 5575 294 5642 3)
311 5573 373 5628 sut.
391 5578 422 5626 ut
445 5572 623 5638 Uiatienses,
642 5589 710 5639 qeins
727 5576 757 5624 nt
774 5571 808 5624 ob
824 5572 917 5639 aliquio
932 5569 1104 5637 fusiusaione
1120 5586 1147 5622 sc
1164 5569 1278 5634 moeret,
1298 5568 1378 5621 Petro
1395 5563 1553 5633 condiderat,
1575 5565 1608 5618 ds
1625 5564 1684 5617 iure
1702 5567 1875 5631 renipcrorct,
1898 5565 1921 5613 et

265 5659 437 5714 nibilominus
455 5659 489 5712 cb
505 5657 593 5712 wdcm
608 5657 778 5726 fideiussione
794 5656 930 5710 obsoletius
952 5660 1022 5708 nect.
1116 5656 1145 5722 4)
1164 5653 1228 5708 Nisi
1247 5652 1417 5706 ‘ascensores'
1434 5649 1482 5718 terri
1506 5649 1589 5718 cetu,
1613 5665 1688 5718 popu
1710 5663 1752 5702 cos
1774 5647 1922 5716 aipnificnrc

265 5747 355 5816 soluit,
370 5762 423 5818 pru
439 5747 536 5816 metuis
559 5745 674 5800 Uiritus
691 5743 770 5800 Petro
785 5741 953 5814 fideiusscrut
971 5743 1011 5796 ret
1026 5757 1054 5798 sc
1070 5741 1238 5813 oliliporsrut⁸

1660 5829 1713 5888 bi*
