4328 6232
253 377 316 440 416
810 376 857 431 EX
876 375 1096 432 INNOCENTII
1113 376 1154 431 IV
1171 375 1355 433 REGIS'I'RO

252 549 351 613 tionis
383 548 554 628 abscedat,
586 571 666 635 quos
696 550 781 614 idem
804 550 841 615 F.
865 551 905 616 de
937 573 995 616 sue
1025 551 1067 617 ad
1089 552 1245 616 honorem
1267 550 1432 639 perditum
1455 549 1733 615 reconciliationis
1757 546 1918 635 opinione

253 651 439 739 suspendit,
469 653 546 738 quia
571 651 726 718 iudicium
749 647 828 732 Ilei,
861 656 947 740 quod
973 657 1005 719 in
1028 656 1293 742 reprobationem
1317 655 1420 741 ipsius
1444 653 1485 718 de
1509 653 1625 718 celesti
1648 652 1767 717 throno
1792 673 1855 739 per
1878 672 1917 715 os

251 756 448 820 universalis
472 758 612 822 ecclesie
636 756 768 842 prodiit,
798 758 907 843 aliqua
936 758 1077 823 humane
1109 757 1363 845 dispensationis
1393 756 1561 821 miseratio
1592 777 1656 820 non
1684 755 1844 831 mutabit,
1878 760 1917 818 ut

252 859 392 945 amplius
416 867 555 945 exurgat
578 861 633 925 vel
657 869 809 945 resurgat
831 861 872 924 ad
896 862 1143 947 imperatoriam
1168 882 1228 926 seu
1252 861 1376 946 regiam
1400 865 1618 945 magestatem
1629 860 1649 924 ¹.
1689 859 1788 923 Absit
1810 858 1916 937 euim,

252 970 289 1026 ut
310 964 343 1026 in
366 965 485 1050 populo
504 963 690 1028 Christiano
715 971 881 1051 sceptrum
906 965 1073 1048 regiminis
1096 965 1235 1029 ulterius
1259 971 1392 1029 maneat
1412 962 1500 1050 apud
1516 964 1608 1028 illum
1623 964 1674 1028 vel
1691 964 1725 1028 in
1741 963 1917 1049 vipeream

252 1067 324 1130 eius
352 1069 567 1153 propaginem
598 1068 825 1148 transferatur,
856 1089 953 1152 quem
982 1065 1066 1132 adeo
1096 1067 1264 1132 felicitatis
1293 1089 1351 1133 suc
1380 1075 1507 1132 tumor·
1532 1067 1672 1148 inflavit,
1702 1066 1788 1152 quod
1816 1065 1916 1152 quasi

253 1170 373 1233 oblitus
396 1192 438 1235 ex
461 1170 647 1236 hominibus
672 1194 707 1236 se
731 1171 833 1234 fuisso
857 1171 1076 1256 progenitum,
1105 1170 1328 1236 inhumaniter
1356 1171 1434 1236 furit
1461 1171 1494 1235 in
1517 1171 1676 1250 homines,
1704 1191 1788 1256 quoa
1805 1169 1916 1235 ferina

253 1273 345 1337 rabie
380 1274 543 1359 perimens
576 1283 613 1339 ut
652 1297 730 1339 oves
767 1296 931 1351 escamm,
968 1275 1001 1338 in
1038 1274 1144 1360 ipsum
1181 1274 1317 1339 effertur
1349 1273 1560 1338 humanitatis
1595 1280 1779 1352 auctorem,
1818 1274 1915 1338 cuiue

254 1377 442 1461 ymaginem
466 1379 498 1441 in
522 1376 666 1442 humana
689 1376 831 1464 despicit
854 1387 887 1443 et
909 1377 1048 1464 dissipat
1080 1385 1245 1451 creatura;
1273 1377 1518 1464 propterquod
1542 1379 1726 1464 quicunque
1750 1377 1915 1442 iustitiam

254 1478 371 1564 diligit,
395 1481 539 1566 gaudere
563 1481 673 1562 debet,
697 1482 782 1567 quod
808 1483 840 1546 iu
863 1482 993 1547 hostem
1017 1482 1160 1545 omnium
1184 1488 1236 1546 est
1257 1503 1315 1568 pro
1339 1481 1492 1546 omnibus
1511 1480 1722 1563 vindicatum,
1746 1489 1780 1546 et
1799 1482 1914 1546 lavare

255 1604 372 1647 manus
396 1585 430 1648 in
454 1586 614 1670 sanguiue
638 1586 832 1671 peccatoris.

362 1685 450 1752 Ecce
487 1689 632 1752 misimus
668 1688 743 1769 tibi,
781 1688 841 1763 fili,
877 1687 1100 1752 misericordie
1140 1688 1262 1765 oleum,
1304 1709 1367 1773 quo
1401 1687 1582 1753 demulceri
1616 1688 1657 1753 ad
1691 1687 1916 1753 obedientiam

255 1787 411 1870 humiles,
452 1799 486 1855 et
518 1793 628 1856 vinum
665 1793 867 1871 severitatis,
905 1812 969 1875 quo
1005 1792 1181 1877 compungi
1216 1791 1360 1857 debeant
1394 1798 1615 1857 contumaces.
1669 1791 1813 1856 Iuiunde
1849 1792 1916 1865 illa,

255 1893 403 1976 quamvis
426 1892 467 1957 de
492 1894 589 1979 longe
615 1944 731 1961 ......
741 1894 755 1933 b
779 1894 904 1975 officio,
934 1895 1020 1959 illius
1046 1896 1183 1959 sauciati
1206 1896 1299 1981 regni
1323 1895 1532 1974 vulneribus,
1562 1894 1648 1980 quod
1676 1895 1779 1981 predo
1810 1916 1916 1981 usque

256 1993 297 2058 ad
328 1996 510 2061 nuditatem
540 1999 712 2084 expolians
744 1996 863 2062 deiecit
895 1998 926 2062 in
961 1998 1023 2063 hac
1058 1997 1168 2062 mundi
1195 2021 1273 2063 area
1305 1999 1399 2084 quasi
1428 1999 1622 2084 quibusdam
1646 1999 1761 2086 plagis
1797 2020 1914 2084 snper-

253 2100 411 2185 impositis
435 2100 636 2166 semivirum.
675 2102 818 2166 Assume
842 2103 942 2186 igitur
957 2102 1094 2166 verbum
1116 2123 1180 2186 quo
1197 2109 1229 2166 te
1245 2101 1373 2167 dotavit
1388 2103 1495 2188 gratie
1512 2102 1576 2168 Dei
1593 2101 1723 2179 donum,
1750 2108 1783 2167 et
1800 2103 1914 2167 tubam

255 2209 311 2266 tue
334 2203 422 2266 vocis
445 2204 567 2285 exalta,
589 2207 617 2268 si
640 2205 724 2269 forte
747 2226 828 2290 gens
851 2206 908 2269 illa
931 2203 1111 2270 dilacerata
1134 2206 1367 2270 miserabiliter
1383 2214 1416 2271 et
1432 2206 1597 2287 convulsa,
1622 2214 1766 2270 exeunte
1782 2207 1816 2270 in
1832 2206 1915 2270 lines

256 2306 327 2370 eius
351 2327 431 2371 sono
454 2314 520 2390 tun,
544 2330 731 2374 sermonum
755 2316 939 2374 nostrorum
957 2310 1079 2387 baiulo,
1102 2309 1135 2373 in
1158 2331 1251 2395 spem
1267 2311 1320 2375 vel
1336 2316 1460 2375 metum
1476 2310 1712 2396 expergefacta
1728 2318 1915 2395 consurgat,

256 2417 412 2495 stansque
436 2413 616 2498 prospiciat
638 2412 680 2477 ad
696 2412 898 2477 liberationis
921 2412 1155 2478 iocunditatem
1180 2413 1243 2478 sibi
1259 2436 1279 2479 a
1294 2412 1436 2478 Domino
1453 2414 1639 2479 venientem
1656 2418 1690 2479 et
1712 2412 1756 2477 ad
1779 2433 1912 2499 suscep·

256 2512 379 2577 tionem
402 2513 471 2577 eius
495 2524 680 2603 promptum
702 2516 825 2603 pandat
848 2515 1046 2600 amplexum.

364 2633 441 2699 Dat.
464 2636 627 2723 Lugduni,
651 2638 704 2702 ΙΙΙ
727 2637 801 2702 Kal.
827 2635 1041 2721 Septembris,
1066 2659 1152 2701 anuo
1168 2637 1243 2703 V10.

882 2900 1294 2909 --—---——-—--—-

1047 3160 1134 3233 586.

361 3270 580 3364 Innocentius
601 3298 659 3363 IV
671 3319 762 3379 papa
782 3299 891 3363 abbati
913 3301 1026 3365 Sancti
1048 3300 1138 3365 Patri
1159 3303 1347 3367 monasterii
1368 3303 1406 3367 dc
1426 3303 1534 3367 Ebalo
1556 3304 1697 3381 nrandat,
1718 3309 1756 3368 nt
1778 3304 1914 3369 Iohanni

256 3404 294 3467 dc
321 3402 460 3467 Pbitccto
488 3402 583 3466 militi
614 3401 874 3482 Caprahqncnsis
900 3403 1043 3480 diocesis,
1077 3403 1132 3484 qni
1160 3404 1249 3468 bonis
1275 3406 1344 3469 ariis
1372 3406 1527 3486 spotiatus
1552 3407 1685 3471 castiore
1713 3411 1852 3490 cogatur,
1880 3407 1915 3470 in

256 3526 351 3590 rayno
373 3505 505 3571 Siciliae
527 3504 564 3569 dc
583 3504 683 3590 sendo
704 3505 840 3568 militar-i
857 3507 1032 3586 montalent.
1579 3510 1674 3586 1248,
1697 3509 1783 3590 Sept.
1800 3513 1831 3577 9.

361 3625 425 3679 Inn
439 3624 460 3676 I
461 3623 487 3677 V
502 3623 567 3693 Req.
587 3622 647 3676 Lib.
664 3623 710 3691 VI,
727 3624 747 3689 s.
765 3632 807 3691 60,
826 3642 854 3677 n.
866 3632 924 3679 648.
961 3625 1086 3693 Elpinota
1102 3642 1159 3679 non
1177 3632 1241 3679 anta
1257 3627 1337 3693 finam
1353 3627 1454 3681 mencio
1471 3627 1538 3683 Iun.
1555 3646 1581 3681 a.
1593 3634 1660 3682 1249
1675 3629 1818 3697 marato
1834 3635 1878 3684 ast.

363 3712 494 3777 Pottlrast,
514 3710 684 3778 ch.13019;
702 3711 800 3779 Bcrycr
818 3718 892 3766 4638.

469 3961 512 3981 ..
547 3906 713 3980 abbati
747 3908 907 3981 Sancti
942 3908 1071 3982 Petri
1108 3908 1400 3983 monasterii
1434 3910 1486 3983 de
1519 3909 1709 3984 Ehulo⁰²

813 4029 1121 4103 Salernitana
1149 4028 1363 4102 diocesia

368 4178 544 4243 Oonsuovit
566 4179 619 4265 pia
642 4184 749 4242 mater
772 4179 916 4243 ecclesia
939 4177 1160 4263 indigentibus
1183 4178 1261 4241 filiis
1284 4178 1416 4263 pietatis
1439 4179 1600 4264 gremium
1623 4180 1753 4265 aperire
1777 4181 1915 4266 illosque

259 4283 412 4369 precipue
437 4291 598 4369 oportune
623 4281 849 4346 subventionis
871 4281 1032 4346 beneficio
1057 4281 1243 4355 contovere,
1266 4281 1320 4366 qui
1345 4303 1403 4367 pro
1426 4303 1467 4347 ea
1489 4281 1584 4347 bonis
1604 4283 1746 4369 propriis
1764 4280 1916 4370 opoliati‘¹

259 4393 420 4472 coguntur
443 4385 674 4451 miserabiliter
697 4386 844 4450 exulare.
884 4384 965 4448 Cum
988 4385 1110 4470 itaque,
1135 4384 1220 4448 sicut
1243 4383 1380 4449 dilectus
1403 4385 1490 4450 filius
1506 4385 1671 4451 Iohannes
1687 4384 1729 4451 de
1745 4386 1916 4452 Philecto⁸

363 4642 388 4708 ⁸)
411 4644 536 4697 timorit.
658 4643 683 4710 b)
701 4645 831 4696 nonnullo
849 4645 928 4696 carbo
948 4645 1033 4698 deuia
1053 4646 1186 4707 videram,-
1208 4647 1326 4712 quamvis
1349 4648 1381 4699 dc
1405 4648 1483 4714 longo
1500 4645 1505 4712 1
1524 4647 1553 4697 in
1569 4664 1624 4697 ras.
1741 4646 1767 4712 ο)
1790 4649 1867 4701 Ebul'
1885 4648 1959 4700 a.

260 4729 286 4797 ἃ)
304 4733 386 4800 spolia
401 4733 406 4795 Ι
421 4732 444 4782 ri
459 4731 491 4781 R.

364 4868 390 4931 1)
411 4866 506 4919 Mane
528 4865 580 4918 lat.
599 4866 744 4933 praeterito
763 4865 833 4920 inter
855 4866 1036 4933 imperatoron
1059 4870 1083 4919 rt
1103 4883 1206 4934 papam
1231 4865 1360 4919 mediam
1382 4865 1528 4919 Latdmoioe
1546 4866 1597 4919 IX
1619 4883 1676 4936 repe
1694 4867 1848 4936 tramae,
1870 4886 1963 4938 qn

260 4950 391 5020 Lrspdam
408 4957 466 5005 tuns
483 4957 551 5018 erat,
576 4950 608 5004 de
620 4968 687 5020 proce
704 4951 791 5007 donato
805 4953 910 5018 fnestra
927 4956 1070 5004 tractatam
1088 4957 1141 5013 cst,-
1163 4952 1198 5017 cf.
1217 4950 1448 5019 Ebisma-Fidon,
1467 4953 1483 5005 t.
1496 4969 1517 5006 c.
1535 4959 1631 5007 3716a.
1667 4953 1726 5008 Sub
1744 4955 1799 5009 Iul.
1816 4956 1963 5009 dreia

254 5056 334 5108 popa
351 5038 458 5092 midam
474 5036 562 5091 dnnrto
579 5055 629 5092 asro
645 5038 750 5106 scripsit
768 5042 954 5091 attractatam
967 5037 1046 5105 pacit
1064 5036 1245 5090 admissurum
1262 5054 1319 5090 non
1337 5053 1402 5103 case,
1426 5039 1481 5092 nini
1503 5038 1676 5095 macnus
1696 5041 1816 5096 aalma
1839 5042 1869 5095 in
1885 5058 1963 5096 Ε

255 5129 422 5192 mortar
439 5129 461 5177 ct
480 5123 638 5178 Fridcrn'caa
654 5129 704 5177 ant
726 5123 826 5192 aliqua
848 5123 879 5176 dc
901 5139 954 5176 ana
975 5124 1099 5191 progenie
1115 5139 1257 5190 antiquom
1273 5122 1305 5176 dc
1321 5129 1401 5176 cetero
1418 5124 1457 5176 ad
1474 5125 1577 5193 imperii
1593 5126 1709 5195 rqinscn
1725 5134 1933 5182 aarum?
1946 5168 1963 5173 -

259 5209 332 5262 circa
352 5225 464 5262 niernon
483 5211 553 5278 Anq.
570 5210 679 5264 asidam
696 5211 765 5280 [rapi
786 5214 818 5262 nt
838 5207 948 5274 udatur,
971 5208 1085 5273 soram
1103 5208 1254 5278 WiltelmoJ
1272 5209 1422 5275 nuntiant,
1447 5227 1507 5264 crans
1529 5216 1659 5265 matus
1680 5213 1840 5267 concordim
1855 5230 1874 5266 a

260 5296 396 5349 adaman
420 5312 476 5348 sion
499 5302 574 5363 noct,
595 5314 645 5366 per
667 5314 744 5365 qnam
769 5295 907 5349 Fn'dcn‘co
928 5295 966 5347 sal
989 5294 1114 5348 Commio
1137 5300 1203 5348 nato
1227 5295 1286 5347 aisis
1307 5295 1449 5363 imperinm
1472 5297 1511 5350 sn}
1530 5314 1644 5367 repam
1666 5314 1803 5353 remancre
1822 5314 1963 5367 pas—

260 5381 370 5434 nnntioa
387 5381 444 5434 cius
461 5397 510 5436 arro
528 5399 604 5437 casso
617 5384 753 5452 proprcaito
771 5383 877 5448 abitum
896 5380 1025 5448 Pontan,
1047 5381 1111 5449 Ray.
1124 5387 1205 5437 12992
1216 5386 1240 5435 a
1252 5388 1348 5448 1300&
1366 5398 1436 5450 qnae
1451 5398 1489 5451 ep.
1500 5384 1572 5437 inter
1583 5385 1708 5453 epsbtdaa
1720 5384 1786 5456 Ray.
1797 5384 1855 5441 lat
1866 5384 1963 5439 3

258 5473 321 5535 quot
343 5475 502 5538 arsperarrnt,
526 5488 582 5525 non
603 5477 701 5526 mant.
720 5501 753 5510 -
780 5469 948 5537 Simulatque
965 5467 1128 5523 Imdmciacs
1148 5484 1208 5535 rw,
1232 5473 1264 5521 nt
1285 5468 1316 5521 in
1338 5469 1446 5522 Terram
1468 5468 1596 5524 Sandan
1616 5470 1814 5539 tranast'doett,
1834 5486 1963 5529 tta-¹2

260 5553 378 5607 asoendit
399 5554 485 5625 [Atta.
501 5559 558 5627 nsJ,
578 5573 656 5625 papo
678 5556 728 5611 hac
750 5556 864 5626 epistola
886 5569 988 5609 cnm
1011 5560 1106 5609 wara
1127 5553 1299 5610 Elidaicsrm
1316 5554 1472 5625 praedicari
1494 5556 1581 5613 morit.
1675 5556 1808 5629 Dm
1826 5572 1859 5613 α
1924 5575 1963 5615 α

261 5638 374 5694 Salerni.
461 5644 491 5711 3)
511 5642 612 5699 Fctitto
628 5660 642 5698 e
658 5659 720 5699 nter.
738 5643 786 5699 cio.
805 5642 896 5698 Eboli.
