4790 6340
891 401 1092 464 EPIS‘POLAE
1112 399 1301 464 SELEC‘I'AE.
1338 401 1414 464 1247.
1906 405 1967 474 323

325 579 427 650 dictos
458 579 601 660 nobiles,
629 589 664 646 ut
691 581 732 645 ab
768 581 883 663 eodem
911 582 948 649 F.
971 583 1097 668 penitus
1124 584 1333 656 recedentes,
1362 604 1427 647 non
1455 589 1603 668 prestent
1633 583 1663 648 ci
1692 583 1865 660 auxilium,
1889 605 1966 646 cou-

326 689 432 751 silium
462 694 495 750 et
528 687 688 761 favorem,
719 707 756 748 ac
792 684 833 748 ad
867 687 1023 750 unitatem
1061 694 1172 751 sancte
1207 689 1318 750 matris
1360 689 1498 752 ecclesie
1532 693 1751 767 revertantur,
1788 687 1965 750 monitione

325 791 485 878 premissa
520 809 578 874 per
612 809 782 852 censuram
821 788 1077 854 ecclesiasticam
1115 791 1338 875 appellatione
1376 797 1502 854 remote
1536 791 1745 877 compellas·,
1785 792 1810 854 si
1849 789 1968 854 videris

327 893 492 980 expedire.

428 1013 503 1078 Dat.
527 1013 689 1098 Lugduni,
710 1012 776 1076 Vll
800 1012 874 1077 Kal.
897 1011 1101 1092 Novembris,
1124 1033 1209 1078 anuo
1226 1013 1281 1077 V0.

940 1225 975 1229 —.
1006 1225 1076 1230 -.-—
1086 1223 1349 1230 ..———-—.

1106 1416 1194 1489 448.

430 1529 647 1624 Innocentius
671 1558 696 1621 I
701 1555 730 1620 V
749 1577 837 1638 prope
869 1555 985 1620 decano
1017 1561 1046 1618 ct
1078 1557 1214 1636 capitulo
1245 1555 1550 1622 Monasteriensibas
1585 1557 1628 1622 aci
1661 1578 1766 1638 preces
1794 1557 1971 1642 [Conrado]

330 1663 522 1729 Oolmriensis
545 1661 768 1740 archicpiscopi
797 1663 825 1724 ct
846 1659 1062 1744 [Enqelbrrta]
1087 1658 1336 1742 Osnabarqcnsis
1370 1665 1398 1723 ct
1423 1661 1600 1746 [Simonis]
1621 1660 1876 1726 Padebnnrensis
1908 1663 1972 1742 api·

327 1785 486 1846 scoparum
507 1770 536 1828 ct
557 1762 761 1847 B[cr·nbardi
786 1763 867 1848 ΙΙΙ]
888 1763 1007 1826 deretini
1029 1763 1066 1825 dc
1087 1762 1207 1846 appia
1236 1763 1380 1840 crundel,
1414 1769 1449 1826 at
1470 1763 1639 1828 Ernestnm
1665 1765 1847 1828 canonicam
1871 1763 1971 1828 Oenu-

330 1870 516 1951 carpensem,
539 1869 595 1950 qai
616 1867 684 1932 sais
705 1870 733 1930 ct
752 1865 791 1930 L.
807 1867 927 1930 domini
948 1866 985 1930 dc
1000 1865 1166 1952 Steinford
1187 1871 1216 1929 et
1237 1869 1375 1932 aliorum
1396 1869 1694 1949 consanguineorum
1709 1888 1836 1932 ειιονιιιιι
1850 1869 1971 1932 meritis

328 1972 502 2051 adiuvetur,
525 1971 560 2035 in
581 1969 714 2052 fratrem
735 1975 764 2034 ct
788 1969 970 2036 canonicum
993 1971 1172 2035 admittent.
1629 1974 1721 2049 1247,
1745 1970 1809 2036 Oct.
1832 1975 1883 2037 30.

432 2092 494 2146 Ina
507 2090 555 2144 IV
569 2089 634 2159 Ray.
652 2088 745 2154 VolL
764 2088 903 2156 47?,·L1b.
921 2089 1019 2157 V,361.
1056 2090 1255 2159 Epaaoumea
1274 2089 1390 2160 Repertis
1406 2090 1540 2160 damam
1558 2091 1587 2146 V.
1599 2089 1638 2144 Ol.
1651 2090 1680 2144 0.
1697 2091 1729 2144 de
1748 2090 1840 2145 Felice.

433 2179 531 2247 Berqer
544 2183 616 2232 3401.

635 2359 673 2377 ..
702 2304 874 2377 decano
904 2310 946 2378 et
972 2307 1178 2398 capitulo
1204 2307 1670 2381 Monasteriensibus

432 2454 601 2522 Debemus
625 2454 699 2517 illos
723 2453 754 2516 in
779 2453 845 2517 suis
868 2453 991 2518 honore
1015 2455 1176 2538 condigno
1193 2457 1355 2541 prosequi,
1373 2456 1426 2540 qui
1442 2455 1534 2519 nobis
1558 2462 1590 2520 et
1607 2457 1745 2520 ecclesie
1762 2463 1837 2520 sunt
1851 2457 1971 2536 devoti,

266 2611 271 2622 .
330 2570 366 2629 ut
388 2561 429 2627 sit
452 2562 500 2626 cia
524 2578 623 2622 causa
638 2556 740 2621 letitie
758 2556 820 2620 illis
844 2579 985 2642 congrue
1002 2559 1197 2644 provisionis
1214 2561 1352 2643 gratiam
1376 2561 1576 2645 provenisse.
1622 2559 1708 2624 Sane
1725 2560 1862 2625 dilectus
1886 2561 1972 2625 filius

328 2667 486 2731 Emeatus
522 2662 695 2726 canonicus
724 2660 1004 2745 Oanaburgensia,
1033 2663 1119 2748 apud
1152 2684 1212 2726 nos
1246 2662 1287 2726 dc
1315 2663 1461 2727 honestis
1488 2663 1633 2727 moribus
1663 2669 1696 2727 ct
1726 2665 1969 2729 conversatione

328 2768 483 2835 laudabili
517 2763 777 2847 commendatus,
813 2764 923 2829 dilecti
956 2765 1013 2829 filii
1047 2765 1165 2830 nobilis
1198 2766 1259 2829 viri
1292 2766 1328 2829 L.
1359 2765 1480 2830 domini
1504 2765 1544 2830 de
1569 2765 1758 2831 Steinford²
1782 2773 1815 2831 ct
1838 2768 1972 2831 aliorum

329 2871 643 2958 consanguineorum
666 2889 808 2936 sucrum.
832 2867 1022 2933 devotorum
1045 2869 1131 2932 sedis
1155 2869 1348 2956 apostolice,
1377 2869 1494 2933 dicitur
1520 2869 1625 2933 iuvari
1656 2869 1799 2950 meritis,
1823 2877 1859 2933 ut
1886 2869 1972 2956 apud

330 2999 390 3042 nos
423 2975 588 3041 invenisse
623 2972 767 3058 gaudeat
800 2972 918 3036 donum
952 2973 1056 3057 gratie
1090 2972 1253 3059 specialis.
1310 2971 1379 3035 Nos
1415 2973 1523 3055 itaque
1558 2978 1691 3057 propter
1721 2972 1781 3036 hoc
1810 2993 1848 3036 ac
1876 2973 1973 3036 etiam

332 3081 450 3144 intuitu
476 3077 710 3142 venerabilium
725 3078 860 3142 fratrum
877 3082 1058 3141 nostrorum
1084 3127 1114 3142 ..
1140 3076 1343 3141 coloniensis
1364 3076 1602 3162 archiepiscopi
1626 3085 1658 3140 et
1682 3126 1712 3142 ..
1738 3076 1972 3162 Osuaburgen-

330 3185 375 3247 ais
399 3204 436 3248 ao
460 3231 492 3246 ..
516 3179 806 3246 Padcburnenais²
828 3181 1054 3268 cpiscoporum
1077 3203 1137 3246 neo
1161 3202 1226 3245 non
1246 3180 1357 3245 dilecti
1390 3180 1447 3245 filii
1477 3180 1596 3244 nobilis
1620 3180 1680 3244 viri
1714 3180 1752 3244 B.
1783 3181 1904 3244 domini
1928 3179 1969 3244 de

330 3286 447 3372 Lippia
459 3287 481 3364 ³,
505 3287 559 3370 qui
583 3307 641 3371 pro
664 3285 735 3370 ipsc
760 3283 851 3348 nobis
875 3282 1064 3348 direxerunt
1085 3285 1212 3348 litteras
1237 3285 1414 3370 speciales,
1437 3284 1685 3348 universitatem
1709 3289 1851 3348 vestram
1875 3304 1972 3367 roga-

329 3411 402 3455 mus
436 3395 468 3452 et
502 3389 670 3453 hortamur
702 3393 843 3466 attente,
881 3386 1072 3451 mandantes
1107 3389 1259 3472 quatinus
1292 3386 1431 3452 cundem
1460 3386 1498 3450 Ε.
1530 3408 1589 3473 pro
1618 3385 1910 3473 apostolicaesedis
1942 3392 1975 3450 et

330 3499 441 3557 nostra
464 3493 649 3556 reverentia
674 3491 707 3554 in
730 3490 864 3554 fratrem
888 3496 921 3554 et
944 3491 1138 3555 canonicum
1161 3490 1338 3555 admittatis
1372 3495 1405 3554 ot
1439 3491 1479 3555 de
1510 3489 1691 3577 prebenda,
1722 3512 1818 3576 quarn
1850 3491 1914 3554 cito
1938 3509 1974 3552 so

266 3650 271 3662 .
331 3596 468 3660 facultas
502 3596 670 3670 obtulerit,
706 3594 886 3658 liberaliter
915 3593 1111 3680 provideatis
1142 3593 1249 3660 eidem
1283 3632 1325 3641 -
1357 3615 1421 3658 non
1451 3594 1600 3658 obstante
1630 3599 1718 3657 certo
1746 3593 1973 3658 canonicorum

331 3721 476 3774 numero,
500 3700 682 3763 iuramento
706 3718 765 3761 scu
789 3718 992 3782 quacumque
1015 3699 1167 3762 firmitate
1190 3698 1321 3776 vallata,
1345 3705 1402 3762 aut
1418 3697 1503 3782 quod
1519 3697 1600 3762 alias
1617 3697 1830 3762 beneficiatus
1852 3696 1974 3777 existit,

332 3805 384 3868 vel
407 3804 434 3867 si
458 3802 551 3866 vobis
575 3823 633 3887 pro
656 3801 730 3865 aliis
755 3802 875 3887 scripta
898 3809 1010 3866 nostra
1033 3801 1232 3882 direximus,
1264 3801 1380 3886 quibus
1403 3802 1553 3865 nolumus
1578 3807 1639 3864 etc.
1663 3821 1783 3884 usquc:
1814 3799 1974 3885 generari,

331 3907 399 3971 sive
423 3907 533 3991 aliqua
555 3904 767 3990 indulgentia,
791 3903 831 3968 dc
854 3925 918 3990 qua
942 3905 1120 3991 specialem
1135 3906 1168 3969 in
1184 3906 1302 3970 litteris
1318 3905 1436 3969 nostris
1453 3910 1602 3990 oporteat
1617 3904 1686 3969 fieri
1703 3904 1900 3969 mentionem
1919 3927 1975 3978 -;

331 4031 447 4097 preces
477 4016 604 4074 nostras
631 4014 664 4071 et
691 4008 880 4074 mandatum
911 4009 1019 4074 taliter
1041 4009 1223 4094 impleturi,
1247 4016 1283 4073 ut
1307 4030 1349 4073 ex
1372 4009 1433 4074 hoo
1455 4029 1612 4095 processu
1636 4007 1790 4093 temporis
1814 4005 1974 4072 meruisse

254 4140 280 4178 ao
332 4112 419 4199 apud
446 4133 504 4176 noa
537 4118 746 4197 augmentum
776 4112 894 4176 favoris
922 4119 955 4176 et
984 4113 1089 4196 gratie
1123 4111 1307 4198 gaudeatis.
1361 4112 1515 4196 Alioquin
1538 4112 1664 4177 dilectis
1687 4111 1761 4175 filiis
1786 4160 1818 4176 ..
1842 4110 1976 4190 decano,

332 4218 522 4282 Hermanno
546 4223 579 4280 et
600 4214 777 4298 Vrornoldo
802 4216 965 4280 canonicis
990 4215 1126 4280 ecclesie
1156 4215 1258 4279 sancti
1289 4214 1444 4279 Iohannis
1468 4214 1732 4298 Oanaburgensis
1760 4235 1820 4298 per
1847 4214 1976 4278 litteras

334 4326 462 4385 nostras
478 4319 686 4403 iniungimus,
702 4327 739 4384 ut
755 4339 853 4404 super
869 4319 930 4382 hoc
954 4317 1140 4382 mandatum
1163 4319 1377 4404 apostolicum
1395 4325 1617 4404 exequantur;
1641 4317 1896 4381 contradictores
1915 4324 1975 4383 etc.

437 4439 512 4504 Dat.
536 4437 698 4522 Lugduni,
722 4438 774 4506 ΙΙΙ
797 4437 872 4504 Kal.
896 4437 1099 4520 Novembris,
1123 4461 1207 4503 anno
1224 4438 1295 4502 V⁰⁴.

1268 4643 1355 4652 ..ῳ-.-

1112 4839 1198 4918 449.

439 4958 656 5054 Innocentius
676 4984 701 5052 I
704 4981 734 5050 V
738 5007 827 5072 papa
849 4981 997 5072 [Iacobo]
1018 4980 1156 5068 episcopo
1177 4981 1315 5052 Metensi
1342 4981 1646 5052 administrationem
1673 4982 1856 5049 monasterii
1877 4984 1980 5046 sancti

257 5112 283 5152 ss
335 5091 478 5156 Martini
506 5091 752 5158 Glandariensis
785 5091 813 5154 ci
841 5111 903 5172 per
932 5091 1082 5155 mennam
1109 5089 1220 5156 Sancti
1251 5089 1428 5157 Sulcatoris
1449 5091 1603 5156 Metanoia
1624 5091 1661 5154 da
1683 5089 1832 5153 mandato
1853 5085 1980 5171 P[etri]

441 5317 464 5379 ²)
482 5316 621 5383 compellas
639 5315 706 5368 deest
723 5315 770 5376 P.‚·
787 5316 961 5384 compellando
979 5315 1078 5382 napae
1096 5333 1172 5384 cogas
1189 5317 1238 5370 Bo.
1275 5317 1309 5368 In
1328 5317 1360 5368 R.
1379 5335 1408 5370 co
1427 5319 1475 5384 lapi
1492 5318 1599 5368 eamear.

441 5435 467 5500 1)
487 5434 534 5486 Es
551 5438 613 5502 sept.
632 5437 655 5486 et
672 5448 722 5487 oce.
740 5433 787 5486 eie.
809 5431 939 5488 Minoia.
1043 5434 1071 5501 2)
1091 5433 1186 5488 Simon
1202 5433 1346 5504 maeoniis,
1363 5436 1448 5503 frater
1466 5433 1620 5488 Bernlvardi
1638 5433 1692 5487 ΙΠ
1704 5433 1805 5486 domini
1821 5431 1853 5486 de
1870 5432 1979 5500 lippia

336 5535 395 5572 oum
413 5520 522 5572 ‘eleanan’
539 5519 629 5574 αᾱΙιιιο
655 5525 729 5586 meet,
756 5535 817 5573 neni
843 5521 925 5573 altero
949 5521 1034 5586 fratre
1060 5536 1109 5573 auo
1134 5521 1228 5575 Ottoece
1255 5523 1329 5574 electo
1356 5521 1561 5575 Monostevicm
1581 5526 1604 5572 et
1625 5519 1750 5586 qnscoqn's
1769 5518 1981 5586 praenominatis

337 5605 451 5659 electioni
469 5605 593 5660 Willelmi
615 5606 683 5674 repis
705 5605 841 5672 interirem
859 5605 1087 5674 Ranae-unae,
1105 5609 1121 5660 l.
1139 5623 1160 5662 e.
1179 5613 1252 5661 4888.
1356 5609 1383 5674 3)
1403 5606 1446 5660 De
1462 5605 1510 5659 boc
1527 5605 1558 5671 cs.
1575 5622 1603 5659 n.
1621 5611 1675 5658 365.
1779 5605 1806 5668 4)
1826 5604 1880 5658 Sevb
1896 5603 1981 5657 eodan

258 5705 286 5744 eo
337 5689 378 5744 dre
391 5707 466 5760 papa
484 5708 545 5745 cum
564 5691 679 5744 Ernesto
697 5706 775 5760 uapor
789 5691 946 5759 planatae
963 5693 1145 5762 lnnefinmnm
1162 5692 1337 5760 dmmuarin
1356 5693 1455 5760 Rape
1472 5697 1548 5747 3402.

1718 5783 1775 5838 41*
