4790 6340
1001 287 1048 342 EX
1067 285 1282 342 INNOCENTII
1300 286 1337 340 IV
1356 286 1536 342 REGISTRO

1226 585 1312 656 380.

545 679 766 773 Innocentius
781 705 837 770 IV
851 725 941 786 popa
963 702 1092 786 P[etro]
1113 701 1227 766 Sancti
1251 702 1379 784 Georgii
1399 703 1444 766 ad
1470 703 1577 767 Velnrn
1600 705 1743 770 Auream
1765 706 1900 774 diamno
1923 717 2111 799 cardinali,

440 808 726 897 apostolicaesedis
747 809 854 889 togato,
869 804 1008 881 aaroni,
1030 807 1065 866 nt
1073 807 1228 884 mosea,
1243 805 1273 869 ei
1286 803 1430 887 mpedirc
1444 805 1565 883 viderit
1588 812 1624 870 nt
1645 809 1680 870 in
1691 809 1831 892 mcblcbis
1852 816 2054 885 stationibus
2077 828 2112 887 et

438 917 516 982 aliis
538 914 613 980 loeis
638 911 816 986 Teretoniaa
838 909 874 972 in
896 907 1008 988 quibos
1029 905 1194 970 muttitssdo
1211 907 1323 990 propoli
1343 909 1513 985 conveniat,
1533 911 1705 975 sententiae
1726 919 1836 977 contra
1854 915 2009 999 fautores
2024 925 2111 991 Fri-

437 1017 539 1084 derici
560 1015 718 1098 qnondam
743 1010 941 1094 imperatoris
962 1013 992 1072 et
1016 1008 1155 1074 Canarii
1176 1010 1247 1072 nati
1267 1009 1334 1073 eires
1356 1010 1441 1074 latae
1459 1013 1706 1094 promulgentur.
1769 1021 1865 1096 1247,
1881 1021 1960 1088 Ian.
1976 1030 2010 1092 4.

545 1138 609 1191 Inn.
623 1135 671 1189 IV
686 1133 750 1202 Rea
772 1131 862 1198 VoLL
879 1137 943 1196 427,·
961 1128 1021 1182 aa.
1035 1127 1087 1196 IV,
1104 1143 1161 1181 cun
1178 1135 1229 1182 113.
1264 1129 1312 1182 Aa
1330 1129 1428 1183 Pares
1443 1131 1574 1198 amplat
1590 1131 1761 1188 adlnbam
1779 1141 1888 1204 praeta
1910 1141 2016 1213 Bar-pa
2034 1154 2109 1206 3029
2184 1155 2200 1193 ⁵

439 1227 534 1296 noya
552 1224 626 1278 Ana.
645 1221 704 1276 aa.
721 1237 746 1272 a.
766 1224 838 1285 1247,
854 1220 871 1282 ἕ
887 1221 912 1270 3.

545 1307 677 1375 Pontos,
698 1305 763 1373 Rea.
782 1303 833 1357 aab
845 1307 923 1356 reolo
939 1305 963 1354 et
980 1305 1071 1364 1252&
1088 1298 1186 1366 Beraer
1198 1303 1270 1353 3029.

523 1489 566 1562 Ρ.
595 1483 761 1562 Sancti
788 1477 984 1570 Georgii
1011 1476 1066 1551 ad
1094 1475 1256 1549 Velum
1282 1478 1492 1553 Aureum
1518 1482 1710 1557 diacono
1737 1489 2010 1587 cardinali,

947 1595 1218 1687 apostolice
1244 1597 1372 1670 sedis
1398 1598 1586 1691 legat0¹,

547 1759 630 1824 Oum
663 1746 926 1835 nonnumquamb
956 1745 1134 1811 secundum
1163 1745 1386 1813 diversitates⁰
1415 1755 1598 1836 tempomm
1634 1758 1669 1818 et
1702 1755 1850 1825 loeomm
1878 1776 2103 1851 aggravanda
2162 1801 2193 1840 ιο

437 1869 524 1932 ultra
548 1861 689 1939 solitum,
712 1861 809 1943 prout
832 1851 938 1936 exigit
960 1869 1117 1914 excessus
1139 1849 1279 1932 qualitas
1303 1856 1337 1917 et
1358 1851 1424 1918 diei
1448 1855 1587 1938 malitia,
1616 1859 1844 1929 aeclesiastica
1871 1868 1916 1932 sit
1939 1893 2101 1963 censura,

437 1992 480 2035 ex
504 1963 721 2032 insinuatione
738 1953 941 2044 quorundam
963 1950 1028 2015 fide
1042 1950 1211 2035 dignorum
1234 1974 1293 2016 nos
1307 1956 1438 2022 noveris
1453 1961 1634 2045 accepisse,
1657 1962 1745 2047 quod
1760 1968 1899 2035 multum
1915 1979 2101 2062 expediret

437 2069 580 2138 ecclesie
610 2064 758 2150 negotio,
788 2058 875 2147 quod
904 2055 1045 2121 habetur
1074 2075 1132 2140 pre
1163 2056 1327 2139 manibus,
1358 2065 1394 2124 ut
1423 2061 1458 2124 in
1488 2063 1636 2148 partibus
1663 2065 1850 2137 Thentonie
1883 2075 1917 2139 in
1946 2083 2099 2166 publicis

437 2171 635 2240 stationibus
659 2173 692 2232 et
714 2166 788 2229 aliis
811 2161 903 2241 locis,
926 2159 960 2222 in
983 2156 1099 2242 quibus
1122 2158 1207 2222 solet
1229 2160 1401 2227 multitudo
1424 2167 1537 2251 populi
1560 2170 1752 2252 convenire,
1774 2194 1835 2259 per
1857 2178 1989 2264 aliquos
2014 2191 2097 2255 reli.

436 2278 548 2363 giosos
576 2269 770 2337 auctoritate
805 2261 988 2352 apostoliea
1019 2264 1348 2329 excommunicationi
1377 2266 1558 2334 subdantur
1585 2293 1699 2339 omnes
1729 2275 1794 2358 illi,
1826 2282 1881 2365 qui
1911 2293 2097 2377 postquam
2155 2296 2184 2336 ¹⁵

436 2377 578 2447 ecclesie
594 2373 791 2439 adheserant
815 2375 849 2433 et
865 2385 966 2452 super
981 2364 1041 2428 hoe
1057 2365 1268 2451 prestiterant
1282 2367 1516 2454 iuramentum,
1538 2374 1572 2437 in
1595 2395 1706 2440 arcum
1722 2384 1873 2447 conversi
1894 2407 2097 2472 perversum

436 2482 544 2549 redire
568 2477 609 2543 ad
633 2474 790 2560 obsequia
813 2467 971 2536 Priderici
993 2467 1155 2552 quondam
1183 2469 1389 2556 imperatoris
1413 2482 1447 2539 et
1467 2473 1609 2543 (lauradi
1632 2481 1700 2545 nati
1723 2485 1794 2549 eius
1817 2507 1901 2554 ausu
1927 2498 2096 2582 nephario

435 2583 722 2675 presumpserunt,
752 2572 932 2662 suppositis
960 2570 1190 2636 nichilominus
1224 2595 1335 2639 eorum
1372 2578 1469 2643 terris
1497 2581 1724 2651 eeclesiastico
1756 2587 1950 2679 interdicto,
1991 2610 2027 2669 et
2061 2608 2096 2673 in

435 2687 561 2757 eisdem
591 2681 786 2748 stationibus
814 2684 847 2745 et
876 2675 957 2739 loeis
985 2674 1197 2760 prohibeatur
1218 2699 1391 2764 expresse,
1419 2688 1456 2747 ut
1485 2688 1553 2749 tam
1581 2687 1646 2774 ipsi
1669 2711 1767 2776 quam
1790 2713 1905 2762 omnes
1929 2702 2007 2786 alii,
2037 2713 2096 2795 qui

436 2787 584 2860 eisrlern‘l
606 2785 644 2850 F.
668 2785 722 2849 vel
738 2783 774 2848 Ο.
798 2786 874 2868 post
896 2778 996 2844 latam
1019 2778 1051 2841 in
1069 2778 1207 2844 eundem
1230 2781 1267 2845 F.
1287 2781 1500 2869 depositionis
1517 2793 1713 2857 sententiam
1729 2794 1901 2882 adhesera,
1926 2805 1969 2869 ad
1993 2814 2092 2878 testi.
2149 2837 2180 2878 20

435 2894 580 2962 monium
605 2890 656 2954 vel
680 2887 720 2952 ad
744 2887 824 2952 alios
847 2890 939 2949 aetus
962 2881 1126 2966 legitimos
1149 2883 1335 2950 nullatenus
1359 2887 1582 2974 admittantur,
1606 2916 1668 2961 nec
1690 2897 1719 2962 si
1741 2897 1783 2961 ad
1806 2903 1984 2974 eeclesiam
2010 2935 2093 2982 con-

435 2996 592 3084 fugerint,
609 2992 753 3057 habeant
769 2991 926 3055 consuete
942 2984 1142 3050 defensionis
1158 2987 1353 3054 beneficium
1376 2991 1417 3056 ab
1435 2992 1562 3078 eedem,
1585 3018 1659 3062 cum
1675 3000 1796 3067 frustra
1818 3005 1904 3092 legis
1926 3015 2093 3087 auxilium

433 3106 575 3178 invocet,
600 3098 654 3184 qui
671 3093 843 3161 committit
865 3093 897 3156 in
913 3091 1036 3175 legem;
1060 3090 1092 3154 in
1108 3090 1204 3155 dietis
1221 3092 1302 3157 loeis
1324 3100 1357 3159 et
1371 3097 1568 3165 stationibus
1592 3103 1653 3168 sub
1669 3106 1933 3179 interminatione
1950 3121 2092 3189 anathe-

435 3205 533 3274 matis
557 3200 746 3281 interdicto,
769 3204 807 3263 ut
829 3196 938 3261 nullus
961 3214 1033 3259 cum
1058 3194 1288 3261 adherentibus
1313 3219 1373 3264 seu
1394 3200 1577 3270 fautoribus
1601 3209 1721 3294 prefati
1743 3211 1782 3276 F.
1805 3214 1859 3279 vel
1883 3214 1920 3284 Ο.
1945 3226 2090 3292 emendo

434 3331 495 3376 seu
519 3303 690 3372 vendendo
720 3308 777 3369 aut
800 3301 901 3366 etiem
924 3297 988 3363 alio
1012 3297 1108 3362 modo
1132 3300 1371 3368 communicare
1395 3314 1572 3389 presumat.
1618 3309 1738 3378 Clerici
1761 3336 1906 3403 quoque,
1939 3325 2091 3408 quisuis
2146 3362 2174 3403 ιι

433 3411 606 3480 venenatis
630 3405 890 3474 detractionibus
914 3403 1060 3466 nituntur
1082 3403 1134 3467 vel
1159 3404 1299 3469 ecclesie
1322 3405 1479 3492 impedire
1501 3416 1671 3497 negotium
1697 3419 1750 3484 vel
1774 3419 1900 3506 ipsum,
1929 3437 2091 3512 quantum

433 3515 627 3592 iecisset,
658 3511 845 3596 denigrare,
876 3507 918 3574 ab
942 3506 1049 3571 officio
1073 3511 1108 3571 et
1129 3506 1289 3574 beneficio
1320 3510 1352 3573 in
1375 3512 1529 3597 predictis
1553 3517 1634 3584 loeis
1666 3527 1699 3586 et
1721 3524 1919 3595 stationibus
1945 3553 2090 3622 snspen-

434 3619 567 3698 dantur,
597 3614 748 3701 suspensi
777 3613 822 3678 ibi
853 3617 886 3676 et
914 3609 993 3674 alibi
1023 3611 1222 3676 nuntientur.
1275 3611 1436 3686 Quocirca
1465 3619 1673 3706 mandamus,
1705 3628 1859 3711 quatinus
1888 3639 2090 3708 anctoritate

433 3727 547 3788 nostra
570 3739 668 3806 super
691 3717 764 3798 hiis,
787 3721 883 3804 prout
904 3715 1025 3782 videris
1049 3715 1219 3802 expedire,
1241 3739 1417 3803 procures;
1441 3724 1698 3796 contradictores
1721 3737 1784 3797 ete.

537 3841 615 3908 Dat.
638 3839 802 3928 Lugduni,
824 3837 861 3905 II
882 3839 967 3905 Non.
989 3836 1086 3918 Iunii,
1109 3858 1195 3902 anno
1214 3844 1340 3923 quarto.

1216 4349 1302 4423 381.

534 4450 753 4544 Innocentius
771 4475 827 4541 IV
838 4497 929 4560 popa
949 4473 1172 4561 [Hermanno]
1192 4475 1331 4558 egenonto
1345 4473 1567 4557 Herbarolensi
1587 4483 1727 4563 mandat,
1749 4491 1785 4552 nt
1805 4490 1932 4557 elericos
1945 4496 2086 4566 eioitrctis

430 4589 460 4649 et
488 4583 618 4649 diocnis
651 4601 727 4646 sacre
753 4579 918 4647 Frnterioo
946 4577 1103 4662 qnondam
1137 4578 1321 4660 imperatori
1344 4578 1548 4646 adhaerentes
1580 4583 1735 4668 benefiais
1764 4613 1786 4656 o
1813 4594 1883 4660 sede
1913 4604 2084 4680 apostolia,

430 4687 562 4752 obieritis
578 4687 684 4770 privet
706 4706 803 4768 eaqne
824 4684 941 4749 devotis
962 4682 1115 4768 conferat.
1748 4700 1842 4778 1247,
1866 4701 1940 4768 lan.
1963 4711 1994 4772 4,

533 4808 598 4862 Inn.
617 4805 665 4860 IV
680 4806 742 4876 Ray.
762 4806 817 4863 Vol.
836 4806 936 4874 1,397,·
954 4804 1014 4861 Inb.
1033 4804 1087 4872 IV,
1102 4811 1155 4860 765.

534 4895 631 4964 Boryer
647 4901 721 4952 2753.
2135 4949 2161 4988 ὣ

917 5028 926 5046 .
956 5025 965 5045 .
994 4968 1222 5062 episcopo
1249 4967 1598 5061 Herbipolensi¹.

539 5121 637 5200 Oum,
669 5121 808 5186 sicutte
837 5120 1007 5184 intimante
1030 5117 1234 5205 accepimus,
1267 5118 1475 5203 quamplures
1499 5122 1609 5188 clerici
1640 5131 1696 5190 tue
1719 5128 1862 5196 civitatis
1886 5140 1920 5199 et
1942 5136 2082 5205 diocesis

431 5225 570 5292 favendo
587 5232 620 5292 et
635 5225 824 5292 adherendo
840 5225 1007 5292 Friderico
1024 5223 1186 5310 quondam
1201 5223 1390 5309 imperatori
1406 5223 1637 5312 Romanorum,
1654 5231 1718 5296 Dei
1735 5241 1769 5298 et
1784 5237 1925 5305 ecclesie
1942 5242 2082 5322 inimico,

532 5451 558 5518 ⁸)
575 5454 664 5506 Eidem
683 5453 729 5515 R.,·
746 5453 871 5506 onnccdd
888 5472 914 5504 n.
932 5456 989 5505 340.
1094 5449 1121 5516 b)
1139 5469 1186 5502 nos
1204 5467 1345 5517 numquam
1364 5449 1395 5501 R.
1500 5452 1523 5517 ⁰)
1543 5455 1678 5509 diversitas
1697 5458 1727 5510 a.
1834 5459 1859 5526 ἃ)
1880 5464 1993 5517 eiusdem
2013 5467 2045 5517 R.

533 5589 559 5657 1)
578 5586 632 5641 Hie
648 5585 767 5642 Hsnrico
785 5588 877 5657 Raepe
893 5585 948 5655 reni
964 5585 998 5640 ab
1015 5584 1135 5640 eleana
1150 5585 1208 5640 cine
1222 5584 1342 5650 favam
1359 5582 1592 5659 Barna-Fara,
1612 5593 1628 5646 l.
1645 5609 1666 5648 c.
1685 5600 1760 5662 4867,
1778 5601 1852 5662 4882,
1873 5605 1947 5653 4884.
2131 5627 2158 5668 40
