4328 6232
204 352 246 418 46
761 340 809 400 EX
828 338 1045 401 innocuum
1063 338 1102 397 lV
1119 335 1301 396 andranno

204 525 358 590 matianis
374 523 515 588 officium
532 522 685 586 duximus
703 519 983 586 committendum.
1017 515 1179 591 Quocirca
1194 515 1391 582 fraternitati
1407 520 1464 578 tue
1480 510 1685 591 mandamus,
1703 509 1859 597 quatinus

205 629 413 693 commissam
436 626 496 691 tibi
520 625 777 690 sollicitudinem
801 625 849 689 sic
871 622 1082 689 laudabiliter
1105 621 1289 705 exequaris,
1314 619 1400 706 quod
1415 618 1555 703 gratiam
1571 615 1753 703 apostolice
1769 612 1859 679 sedis

204 731 245 796 de
269 731 354 796 bono
378 731 411 794 in
434 729 554 795 melius
577 728 689 793 valeas
711 728 908 815 promereri;
934 725 1189 791 contradictores
1211 730 1272 789 etc.

311 851 389 918 Dat.
412 851 568 917 Lateran.
584 848 616 912 V
638 848 712 914 Kal.
736 849 828 930 Maii,
851 869 935 914 anno
957 847 1073 935 primo.

1008 1035 1054 1099 H.

644 1219 684 1237 ..
714 1159 1077 1254 archiepiscopo
1111 1158 1421 1252 Magantino⁸.

312 1300 480 1365 Romanus
505 1300 653 1386 pontifex
676 1305 738 1363 etc.
762 1303 799 1360 ut
820 1315 920 1381 snpra
941 1295 975 1358 in
997 1292 1174 1358 DOXXVI
1202 1294 1313 1358 littera
1339 1313 1458 1378 usque:
1488 1311 1637 1356 evocare.
1682 1289 1771 1354 Hinc
1795 1296 1859 1371 est,

203 1403 290 1490 quod
320 1426 392 1469 cum
425 1410 529 1469 status
562 1405 776 1469 eeclesiarum
799 1399 1097 1485 Magdebnrgensis
1126 1398 1292 1484 provincie
1324 1398 1427 1462 multe
1458 1395 1703 1461 deformationis
1727 1393 1858 1459 tribulis

203 1509 405 1594 opprimatur
427 1516 490 1574 etc.
513 1515 549 1572 ut
573 1529 672 1593 supra
693 1526 813 1591 nsque:
838 1502 1041 1585 confidimus,
1065 1503 1098 1567 in
1121 1502 1209 1567 dicta
1231 1502 1401 1588 provincia
1424 1508 1487 1569 etc.
1509 1522 1613 1586 usque
1636 1501 1669 1564 in
1692 1500 1805 1564 finem.

313 1630 389 1695 Dat.
412 1631 568 1696 Lateran.
591 1627 741 1694 IH'Kal.
765 1626 856 1707 Maii,
879 1646 964 1690 anno
987 1626 1100 1712 primo.

1002 2064 1063 2137 63.

305 2164 524 2258 Irauocentius
538 2190 594 2255 IV
605 2211 697 2272 papa
711 2187 886 2274 [Hearieo]
906 2187 1083 2269 lautpraoio
1099 2184 1296 2267 Tburiupiae
1313 2186 1421 2248 uotum
1436 2181 1526 2265 facit,
1547 2179 1697 2264 ammodo
1705 2180 1859 2264 princeps

195 2302 270 2380 post
297 2296 410 2360 mattos
436 2297 590 2358 tractatus
615 2293 706 2373 pacis
728 2312 790 2372 per
817 2290 946 2354 uacuos
978 2308 1051 2355 suos
1077 2287 1320 2373 [Raymuudam
1337 2285 1424 2370 Vll]
1451 2285 1589 2349 eamden
1614 2284 1804 2349 Tolosanum
1830 2286 1861 2348 et

201 2401 366 2483 maplstros
385 2395 516 2462 Petrum
542 2397 580 2462 de
603 2395 701 2460 Viaca
728 2400 758 2458 ct
782 2393 984 2458 lbaddaeum
1010 2393 1048 2458 de
1075 2392 1191 2459 Suessa
1222 2393 1329 2458 musae
1357 2410 1433 2455 urae
1460 2389 1578 2454 iudices
1606 2409 1700 2454 meua
1726 2387 1861 2454 Doruiui

195 2504 342 2587 prociuae
363 2502 541 2583 maurita
562 2499 759 2586 [Mart.31]
780 2498 952 2563 uastando
979 2496 1139 2562 mandatis
1166 2496 1308 2561 ecelesiae
1335 2514 1430 2576 super
1452 2493 1595 2558 amaus
1615 2492 1774 2571 articulis,
1798 2512 1861 2574 pro

201 2608 315 2690 quibus
329 2628 351 2670 a
368 2605 520 2688 Greporio
535 2603 591 2669 IX
605 2625 695 2688 papa
716 2603 998 2668 excommunicatus
1008 2601 1119 2685 fuerit,
1136 2601 1298 2684 publicum
1312 2600 1524 2663 iuramentum
1533 2596 1738 2677 praestiterit,
1761 2618 1783 2662 a
1799 2617 1860 2679 qaae

197 2714 268 2792 post
289 2729 354 2774 nou
375 2707 576 2773 multosdies
597 2707 756 2784 resilierit,
777 2705 948 2786 adimplere
970 2704 1053 2786 quod
1073 2703 1135 2769 sibi
1157 2702 1341 2768 caudatam
1363 2703 1405 2766 sit
1426 2699 1594 2765 renuardo.

1503 2805 1598 2881 1244,
1619 2803 1703 2883 Apr.
1718 2806 1771 2870 30.

307 2932 370 2984 Ina.
386 2929 436 2984 IV
451 2928 514 2999 ch.
532 2930 703 2998 Vol.I,100;
721 2929 818 2996 Lelal,
837 2936 893 2984 645.
925 2928 1033 2982 Damus
1051 2943 1084 2981 aa
1102 2925 1192 2996 Repu.
1211 2925 1286 2979 Anu.
1304 2924 1359 2977 eccl.
1377 2940 1402 2976 a.
1416 2929 1489 2990 1244,
1508 2926 1573 2988 §aa

308 3016 438 3084 Pauca,
459 3015 522 3086 Rea.
536 3024 629 3082 arasa·
646 3017 746 3086 Repu
757 3024 812 3071 aaa.

564 3190 723 3264 Nobili
750 3191 852 3264 viro
881 3248 921 3266 ..
949 3191 1224 3284 lantgravio
1251 3191 1493 3284 Turingie.

309 3325 355 3391 Ut
384 3347 448 3411 que
481 3325 611 3390 noviter
642 3324 814 3390 nobiscum
847 3330 921 3390 acta
953 3332 1030 3390 sunt
1041 3326 1063 3405 ¹,
1101 3327 1134 3390 in
1162 3333 1250 3392 tuam
1280 3334 1313 3391 et
1341 3327 1485 3391 omnium
1514 3325 1695 3412 principum
1723 3326 1859 3391 veniant

202 3432 381 3511 notionem,
413 3430 547 3515 dignum
576 3430 728 3494 duximus
756 3429 925 3511 intimare,
957 3429 1116 3516 quomodo
1149 3437 1224 3516 post
1246 3437 1404 3494 tractatus
1428 3429 1625 3514 multiplices
1647 3429 1740 3515 pacis
1764 3429 1860 3495 nobis

203 3540 236 3598 et
260 3535 373 3598 amicis
403 3534 543 3599 ecclesie
575 3532 774 3598 honorabilis
799 3541 832 3598 et
856 3554 972 3599 secure
996 3554 1034 3597 ac
1058 3535 1292 3619 promissiones
1315 3533 1419 3597 factas
1443 3555 1463 3597 a
1485 3533 1632 3620 principe
1655 3531 1777 3597 divisas
1800 3554 1861 3620 per

204 3637 357 3700 articulos
382 3643 415 3701 et
438 3639 640 3723 conscriptas
664 3659 724 3723 per
746 3638 877 3701 nuntios
901 3658 976 3701 suos
1000 3636 1143 3701 nobilem
1158 3637 1264 3701 virum
1281 3637 1435 3701 comitem
1451 3634 1661 3715 Tolosanum,
1684 3637 1860 3721 magistros

204 3738 338 3803 Petrum
367 3739 408 3804 de
429 3740 537 3806 Vinea
568 3746 603 3805 et
632 3739 802 3805 Thadeum
836 3741 876 3805 de
904 3741 1043 3819 Suessa,
1080 3742 1169 3806 curie
1200 3762 1257 3806 sue
1291 3741 1432 3820 iudices,
1468 3740 1502 3804 in
1534 3739 1587 3805 die
1616 3760 1698 3804 cene
1726 3738 1860 3805 Domini

203 3842 351 3927 proxime
384 3845 555 3927 preterita,
590 3845 798 3929 presentibus
829 3844 998 3909 carissimo
1029 3845 1063 3908 in
1095 3842 1226 3909 Christo
1257 3844 1323 3908 filio
1355 3851 1466 3909 nostro
1496 3841 1859 3929 Constantinopolitano

203 3945 399 4029 imperatore
423 3945 565 4010 illustri²
586 3968 624 4011 ao
647 3945 803 4015 fratribus
827 3949 961 4029 nostris,
986 3948 1139 4014 adstante
1163 3969 1293 4034 quoqne
1311 3949 1406 4013 turba
1421 3968 1487 4012 non
1502 3947 1631 4012 modica
1644 3948 1860 4033 prelatorum,

204 4068 312 4111 coram
343 4049 549 4112 senatoribus
573 4057 606 4114 et
628 4049 779 4114 Romano
808 4051 928 4137 populo
951 4051 1107 4116 universo
1131 4059 1165 4116 et
1188 4053 1299 4117 multis
1322 4052 1411 4130 aliis,
1442 4052 1497 4137 qui
1520 4051 1561 4116 de
1584 4050 1724 4115 diversis
1748 4050 1860 4116 mundi

202 4151 349 4235 partibus
380 4151 421 4215 ad
450 4151 536 4216 diem
564 4152 935 4239 festumconvenerant
967 4156 1061 4220 iuxta
1088 4177 1227 4238 morem,
1263 4156 1304 4220 de
1335 4154 1452 4221 stando
1484 4154 1648 4219 mandatis
1675 4154 1797 4218 nostris
1827 4160 1861 4219 et

203 4255 344 4320 ecclesie
368 4278 468 4343 super
490 4257 641 4322 omnibus
665 4259 827 4340 articulis,
857 4280 916 4345 pro
941 4259 1058 4344 quibus
1081 4280 1140 4344 per
1163 4261 1217 4346 pie
1240 4260 1395 4324 memorie
1419 4257 1616 4342 Gregorium
1638 4277 1759 4343 papam
1782 4277 1860 4342 pre·

202 4357 414 4423 decessorem
437 4367 585 4425 nostrum
615 4360 678 4425 fuit
700 4362 830 4427 vinculo
854 4363 1202 4428 excommunicationis
1226 4364 1393 4443 astrictus,
1422 4382 1460 4426 ac
1483 4361 1649 4447 dampnis,
1672 4360 1800 4425 iniuriis
1823 4368 1858 4427 et

203 4461 352 4541 offensis,
389 4464 539 4528 ecclesiis
568 4469 601 4528 et
630 4466 780 4549 personis
809 4466 1045 4532 ecclesiasticis
1074 4473 1149 4530 ante
1178 4471 1212 4530 et
1241 4472 1316 4552 post
1348 4465 1719 4531 excommunicationem
1745 4465 1859 4545 illatis,

204 4565 347 4649 prestitit
374 4567 504 4652 publice
536 4569 771 4648 iuramentum,
800 4591 820 4632 a
843 4590 907 4655 quo
930 4590 995 4633 non
1021 4575 1095 4655 post
1117 4570 1237 4633 multos
1261 4569 1331 4634 dies
1357 4569 1457 4653 elegit
1478 4568 1605 4633 resilire
1628 4568 1737 4654 potius
1761 4589 1859 4654 quam

202 4688 333 4752 parere,
371 4669 550 4756 adimplere
591 4670 676 4755 quod
711 4671 773 4735 sibi
800 4671 1028 4735 mandavimus
1058 4671 1235 4740 renuendo.
1281 4671 1385 4752 Sane,
1415 4679 1451 4736 ut
1478 4671 1664 4736 devotionis
1692 4673 1859 4755 affectum,

204 4791 299 4855 quem
323 4793 401 4856 erga
416 4772 598 4836 Romanam
615 4774 788 4837 ecelesiam
804 4773 928 4839 habere
944 4773 1075 4854 diceris,
1100 4773 1260 4839 exhibeas
1278 4775 1489 4839 laudabiliter
1506 4775 1540 4838 in
1556 4775 1687 4849 effectu,
1712 4775 1859 4863 expedit,

203 4880 239 4937 ut
260 4876 430 4960 negotium
453 4875 530 4941 fidei
553 4897 613 4961 per
636 4883 668 4941 te
692 4876 902 4942 laudabiliter
924 4877 1111 4942 inchoatum
1131 4879 1312 4963 promptius
1329 4878 1513 4963 exequaris,
1535 4884 1573 4943 ut
1589 4877 1710 4943 exinde
1725 4877 1859 4945 uberior

203 4977 264 5042 tibi
288 4985 414 5043 crescat
436 4980 587 5043 cumulus
611 4979 800 5044 meritorum
824 4986 857 5043 et
879 4980 1092 5065 apostolicam
1117 4979 1230 5045 sedem
1253 4981 1295 5047 ad
1318 4983 1555 5046 incrementum
1583 4982 1632 5046 tui
1659 4980 1799 5046 nominis
1823 4987 1858 5047 et

203 5080 334 5145 honoris
363 5081 478 5146 fortius
508 5081 633 5148 habeas
663 5082 843 5166 obligatam
851 5107 859 5159 ;
890 5103 949 5147 nos
977 5083 1064 5147 enim
1092 5083 1125 5147 in
1151 5085 1319 5170 proposito
1350 5086 1507 5171 gerimus,
1537 5084 1624 5171 quod
1651 5095 1685 5150 te
1712 5085 1746 5150 in
1768 5083 1858 5151 dioto

203 5185 335 5270 negotio
359 5185 492 5250 minime
517 5184 721 5251 deseramus.

311 5306 389 5371 Dat.
413 5307 567 5373 Lateran.
591 5307 626 5372 11
649 5306 724 5372 Kal.
749 5307 838 5387 Maii,
861 5327 948 5371 anno
971 5307 1086 5393 primo.

306 5529 332 5596 ⁸)
350 5533 439 5584 Eidem
451 5533 498 5598 B.,·
515 5536 550 5599 οἱ.
563 5551 592 5601 p.
606 5536 650 5597 43,
667 5542 719 5585 aot.
731 5550 753 5584 c.

307 5647 393 5718 1)(ιΥ.
407 5647 645 5720 Rotam-Ficta,
666 5651 715 5706 te.
733 5657 825 5707 alasa
842 5656 866 5706 et
884 5665 954 5720 squ.
971 5656 995 5706 d
1012 5653 1109 5709 4886&
1179 5653 1206 5721 2)
1225 5651 1416 5711 Baldut‘nass
