4784 6332
863 447 1061 503 sclavones}
1080 447 1271 504 SMLECTAM.
1310 449 1384 504 1246
1894 453 1952 516 177

295 619 389 684 leda·
412 625 445 684 et
469 621 619 685 omnibus
643 622 793 700 usaticis,
822 621 908 707 queb
932 620 1067 702 debent,
1090 623 1124 687 iu
1147 623 1246 687 tertia
1267 629 1361 709 parte
1385 623 1634 709 proprietatem,
1658 625 1691 689 iu
1715 625 1849 710 reliquis
1874 647 1952 692 voro

295 722 422 788 duabus
450 724 598 810 partibus
628 730 662 790 et
688 724 722 789 in
750 729 818 790 toto
849 729 945 811 portu
973 724 1163 792 dominium.
1208 724 1426 792 Concedimus
1456 726 1570 807 etiam,
1606 735 1642 791 ut
1674 729 1707 791 in
1736 729 1953 794 tua‘oivitatc

296 825 442 892 Massilia
471 848 571 914 super
597 827 743 893 Reccam
771 827 969 908 Barbaram,
1004 836 1038 893 et
1067 830 1100 893 iu
1136 850 1341 915 quacumque
1373 831 1585 915 possessione
1619 838 1674 897 tue
1704 832 1845 898 ecclesie
1875 833 1954 899 tibi⁰

296 931 467 1016 placuerit,
490 931 591 996 liceat
614 932 674 996 tibi
691 933 821 1017 tuisque
837 933 1082 997 suecessoribus
1098 938 1221 998 turrem
1238 933 1291 998 vel
1307 933 1488 1019 quamlibet
1504 935 1718 1000 munitionem
1736 935 1776 1000 ad
1795 935 1952 1002 honorem

295 1034 424 1120 imperii
445 1041 479 1100 et
494 1036 635 1101 ecclesie
658 1044 714 1101 tue
737 1036 913 1101 utilitatem
937 1035 1101 1102 edificare.
1138 1036 1182 1100 Et
1204 1058 1246 1101 ne
1270 1037 1381 1123 aliqua
1405 1039 1628 1104 ecclesiastica
1651 1040 1851 1106 secularisve
1876 1063 1952 1126 per-

296 1159 377 1203 sona
405 1139 439 1204 in
469 1139 616 1205 eiusdem
648 1140 789 1206 ecclesie
818 1139 1083 1225 possessionibus
1111 1148 1234 1206 turrem
1264 1161 1322 1205 seu
1353 1140 1452 1205 aliam
1476 1142 1689 1208 munitionem
1720 1144 1789 1210 sine
1819 1150 1876 1209 tue
1899 1145 1953 1210 vel

297 1264 523 1309 successorum
553 1250 683 1309 tuorum
708 1266 872 1310 consensu
904 1243 1058 1310 edificare
1083 1266 1141 1310 seu
1165 1245 1391 1332 possessiones
1414 1246 1555 1312 ecclesie
1579 1247 1723 1314 alienare
1746 1249 1799 1313 vel
1823 1249 1953 1314 auferre

295 1353 479 1433 presumat,
507 1349 703 1414 auctoritate
727 1349 889 1435 imperiali
912 1348 1016 1413 modis
1040 1348 1189 1414 omnibus
1213 1348 1414 1428 inhibemus,
1438 1349 1620 1416 adicientes
1643 1357 1680 1415 ut
1703 1373 1803 1439 super
1827 1354 1954 1419 eunctis

297 1449 561 1536 possessionibus
575 1451 792 1518 Massiliensis
809 1453 949 1518 ecclesie
966 1457 1001 1515 tu
1019 1459 1053 1518 et
1069 1474 1279 1518 successores
1298 1453 1345 1517 tui
1367 1453 1500 1539 plenam
1523 1453 1672 1519 habeatis
1695 1455 1953 1523 iurisdictionem

297 1561 331 1621 et
352 1560 550 1642 potestatem
573 1555 769 1642 disponendi
793 1565 827 1622 ct
850 1556 1022 1622 ordinandi
1045 1558 1269 1645 possessiones
1300 1557 1561 1638 ecclesiasticas,
1596 1565 1690 1644 prout
1712 1559 1807 1624 vebis
1835 1561 1953 1626 melius

296 1658 402 1724 visum
434 1658 534 1724 fuerit
563 1658 604 1723 ad
636 1659 792 1724 honorem
823 1661 952 1746 imperii
983 1669 1017 1726 et
1046 1661 1188 1759 ecclesie
1219 1668 1330 1726 vestre
1363 1661 1549 1727 utilitatem.
1600 1661 1760 1728 Preterea
1793 1672 1954 1751 perpetue

297 1761 477 1828 stabilitate
506 1765 684 1843 sancimus,
717 1773 754 1828 ut
784 1765 959 1851 episcopus
982 1765 1035 1829 vol
1064 1765 1205 1830 ecclesia
1227 1763 1444 1829 Massiliensis
1472 1765 1617 1830 nulliusd
1639 1787 1782 1851 unquam
1811 1767 1953 1833 dominio

297 1868 351 1932 vel
383 1868 540 1953 potestati
572 1868 604 1932 in
633 1867 732 1932 rebus
762 1866 998 1954 temporalibus
1027 1867 1149 1932 debeat
1177 1868 1362 1949 subiacere,
1397 1868 1461 1932 nisi
1488 1869 1584 1933 nobis
1613 1873 1740 1934 tautum
1768 1871 1953 1956 nostrisque

298 1971 561 2050 successoribus,
595 1969 729 2056 regibus
756 1972 828 2036 vsl⁶
862 1970 1114 2057 imperatoribus
1137 1970 1305 2035 Romanis.
1347 1971 1508 2035 Volumus
1540 1972 1656 2053 etiarn,
1690 1979 1726 2037 ut
1757 1973 1789 2037 in
1824 1975 1953 2059 signum

297 2073 465 2160 amplioris
494 2076 599 2160 gratie
628 2081 739 2139 nostre
770 2095 912 2162 persona
944 2082 978 2139 et
1008 2074 1151 2139 ecclesia
1180 2080 1238 2138 trra
1267 2075 1456 2160 specialiter
1483 2074 1524 2139 ad
1556 2097 1720 2142 cameram
1749 2077 1954 2164 imperialem

296 2179 459 2264 pertineat
481 2182 515 2243 et
538 2178 598 2244 sub
622 2185 734 2244 nostra
756 2179 960 2265 protectione
985 2177 1072 2242 omui
1096 2183 1242 2263 tempore
1260 2198 1377 2242 secura
1392 2185 1594 2265 permaneat.
1637 2177 1817 2245 Stabiimus
1832 2186 1953 2262 autem,

296 2288 334 2347 ut
355 2302 561 2367 quecumque
591 2283 693 2362 bona,
724 2280 945 2368 quascumque
973 2282 1200 2368 possessiones
1229 2282 1515 2368 impresentiarum
1542 2282 1628 2348 iuste
1658 2284 1806 2369 possides
1836 2291 1893 2350 aut
1920 2285 1953 2348 in

296 2388 441 2452 futurum
470 2387 646 2472 largitione
674 2389 908 2473 imperatorum
931 2387 983 2452 vel
1011 2407 1126 2472 regum
1156 2393 1189 2450 et
1218 2387 1354 2450 aliorum
1383 2387 1583 2473 principum,
1613 2387 1781 2452 oblatione
1808 2386 1953 2452 fidelium

298 2513 357 2556 seu
380 2491 453 2556 aliis
476 2491 571 2555 iustis
595 2491 701 2556 medis
724 2497 760 2555 tu
782 2491 836 2556 vel
861 2511 1071 2556 successores
1094 2492 1140 2555 tui
1164 2490 1316 2576 poteritis
1348 2490 1500 2577 adipisci,
1530 2489 1624 2555 firma
1646 2490 1738 2557 vobis
1766 2497 1800 2557 et
1827 2490 1954 2557 illibata

217 2637 228 2650 -
298 2601 523 2681 permaneant,
548 2594 665 2660 vestris
689 2601 724 2660 et
746 2594 886 2659 ecclesie
903 2601 1011 2659 vestre
1035 2593 1147 2657 usibus
1164 2593 1414 2680 omnitempore
1431 2592 1617 2680 profutura;
1642 2595 1735 2660 salva
1752 2595 1785 2659 in
1802 2594 1953 2660 omnibus
1980 2669 1983 2676 Ι

298 2697 493 2785 supradictis
516 2698 652 2775 iustitia,
675 2698 799 2762 honore
822 2705 856 2762 et
879 2699 1073 2762 auctoritate
1096 2697 1270 2783 imperiali.
1308 2696 1537 2762 Decernentes
1561 2699 1661 2783 igitur
1682 2699 1819 2766 firmiter
1835 2699 1952 2764 statui-

298 2823 385 2883 mus,
420 2809 456 2866 ut
486 2800 527 2866 dc
559 2808 670 2866 cetero
700 2802 810 2866 nullus
839 2801 1007 2887 princeps,
1041 2822 1107 2864 non
1138 2822 1264 2880 comes,
1299 2822 1364 2865 non
1394 2802 1597 2878 vicecomes,
1631 2824 1695 2866 non
1725 2802 1869 2867 marchio
1900 2802 1954 2868 vel

299 2906 501 2992 capitaneus,
525 2926 589 2970 non
613 2904 891 2991 archiepiscopus,
914 2925 975 2969 nee
999 2904 1174 2990 episcopus
1196 2905 1250 2968 vel
1273 2903 1386 2986 abbas,
1411 2905 1501 2970 nulla
1523 2911 1681 2991 potestas,
1709 2927 1774 2971 non
1797 2913 1953 2986 rectores,

299 3031 364 3074 non
393 3009 508 3074 civitas
535 3010 589 3075 vel
618 3010 784 3089 consules,
817 3009 907 3073 nulla
938 3009 1162 3073 ecclesiastiea
1192 3009 1391 3074 secularisve
1421 3031 1577 3096 persona,
1608 3031 1728 3094 magua
1753 3010 1820 3074 sive
1843 3029 1954 3096 parva,

300 3112 484 3200 predictum
507 3113 696 3200 episcopum
719 3113 854 3178 Petrum
883 3133 1023 3197 suosque
1056 3133 1266 3177 successores
1296 3119 1330 3178 ct
1361 3113 1535 3178 ecclesiam
1557 3111 1801 3179 Massiliensem
1831 3113 1864 3177 in
1893 3113 1955 3178 hac

299 3218 466 3283 autentica
495 3224 607 3282 nostra
635 3218 847 3283 concessione
870 3217 1047 3281 molestare
1070 3216 1124 3280 vel
1147 3216 1340 3301 perturbare
1364 3222 1421 3280 aut
1443 3217 1625 3302 inquietare
1648 3217 1855 3302 aliquatenus
1879 3238 1954 3302 pre-

300 3327 418 3387 sumat.
464 3320 499 3386 si
529 3323 602 3406 quis
630 3340 708 3386 vere
738 3321 835 3384 huius
868 3325 981 3384 nostre
1012 3319 1216 3383 auctoritatis
1245 3318 1383 3383 violator
1413 3319 1576 3399 extiterit,
1613 3320 1727 3405 procul
1755 3319 1854 3384 dubio
1882 3325 1956 3404 post

299 3431 410 3490 nostre
435 3423 668 3510 indignationis
690 3425 772 3488 iram
794 3430 926 3489 centum
948 3423 1106 3488 librarum
1130 3423 1201 3488 auri
1223 3443 1344 3508 penam
1368 3423 1551 3502 sustinebit,
1576 3423 1670 3487 cuius
1689 3421 1850 3488 medietas
1872 3423 1952 3487 fisco

301 3535 413 3595 nostre
435 3537 469 3593 et
491 3529 618 3614 reliqua
648 3529 801 3594 iamdicto
832 3527 987 3614 episeopo
1015 3535 1050 3592 et
1080 3527 1151 3592 eius
1182 3528 1321 3592 ecclesie
1353 3528 1481 3612 integre
1509 3526 1725 3612 persolvetur.
1771 3525 1817 3591 Ut
1845 3533 1954 3592 autem

302 3634 363 3699 hec
386 3634 495 3699 verius
518 3632 692 3698 credantur
713 3639 747 3698 et
769 3633 811 3697 ab
835 3632 986 3698 omnibus
1005 3631 1162 3696 inviolata
1177 3629 1372 3711 serventurs,
1395 3636 1582 3718 presentem
1598 3629 1674 3696 inde
1690 3631 1843 3716 paginam
1858 3630 1957 3695 scribi

301 3743 335 3802 et
358 3739 466 3824 sigillo
488 3742 599 3802 nostre
622 3737 802 3801 maiestatis
826 3746 948 3800 aureo⁸
969 3733 1193 3799 iniunximus1¹
1215 3735 1375 3820 insigniri.

408 3841 480 3927 Ego
504 3839 709 3905 Christianus
740 3839 954 3904 cancellarius
984 3839 1054 3904 vice
1086 3837 1208 3903 domiui
1232 3838 1395 3925 Raynaldi
1420 3837 1627 3904 Coloniensis
1654 3837 1894 3925 archiepiscopi
1923 3845 1956 3902 et

299 3943 396 4008 Italic
419 3943 698 4009 archicancellarii
720 3945 905 4028 recognovi.

409 4047 530 4113 Actum
554 4070 683 4134 quoque
707 4055 758 4114 est
781 4068 866 4113 anuo
883 4046 1055 4112 Dominice
1078 4047 1312 4112 incarnationis
1328 4046 1527 4130 Mcxulvi,
1551 4046 1730 4112 indictione
1753 4045 1956 4124 duodecima,

236 4200 241 4210 .
303 4158 462 4237 regnante
487 4152 617 4216 domino
633 4149 800 4216 Friderico
815 4150 1038 4215 Romanorum
1061 4150 1259 4235 imperatore
1282 4151 1528 4236 gloriosissimo,
1552 4171 1637 4215 anne
1661 4149 1754 4234 regui
1779 4149 1851 4214 cius
1874 4147 1955 4213 duo-

302 4254 440 4336 decimo,
464 4255 593 4342 imperii
614 4276 693 4320 vero
716 4261 841 4321 octavo.

411 4358 522 4425 Datak
545 4357 630 4444 apud
655 4357 811 4423 Sanctum
836 4358 1041 4423 Salvatorem
1065 4358 1158 4422 iuxta
1180 4357 1326 4444 Papiam,
1350 4357 1415 4422 XV
1437 4357 1513 4424 Kal.
1536 4355 1623 4422 Maii.

410 4463 462 4528 Ad
486 4463 583 4527 huius
606 4469 717 4527 autem
740 4470 851 4528 nostre
874 4461 1096 4550 renovationis
1127 4467 1162 4524 et
1191 4460 1445 4524 confirmationis
1476 4461 1665 4525 memoriam
1693 4464 1727 4522 et
1752 4459 1852 4523 robur
1880 4479 1955 4544 per-

303 4575 401 4654 petuo
424 4568 601 4632 valiturum
625 4587 762 4652 presens
785 4566 992 4653 privilegium
1015 4564 1179 4630 conscribi
1203 4571 1236 4629 et
1258 4564 1348 4628 bulla
1371 4585 1472 4629 aurea
1494 4563 1611 4650 tipario
1635 4567 1747 4626 nostre
1774 4562 1956 4626 maiestatis

304 4673 464 4757 impressa
486 4670 641 4735 iussimus
665 4669 866 4735 communiri.

410 4773 520 4840 Data*
540 4774 574 4838 in
596 4774 728 4838 civitate
746 4770 918 4852 (lusentie,
941 4792 1026 4835 anno
1045 4770 1218 4836 Dominice
1241 4770 1474 4835 incarnationis
1498 4767 1708 4848 MOOXXII,
1737 4789 1851 4832 mense
1867 4767 1957 4848 Maii,

302 4878 481 4945 indictione
504 4877 551 4957 X,
592 4877 718 4963 imperil
753 4875 874 4941 domini
907 4875 1008 4940 nostri
1042 4874 1214 4940 Friderici¹
1248 4873 1458 4938 illustrissimi
1490 4872 1714 4938 Romanorum
1749 4871 1956 4957 imperatoris

304 5003 434 5068 semper
457 4983 588 5067 augusti
612 4987 646 5046 et
674 4979 900 5064 gloriosissimi
929 4979 1018 5064 regis
1042 4978 1153 5044 Sicilie
1185 4999 1271 5043 anno
1293 4977 1344 5057 II,
1375 4977 1467 5062 regni
1490 4998 1568 5042 vero
1592 4975 1702 5041 Sicilie
1726 4972 1852 5054 XXIV,
1883 4973 1956 5040 feli·

304 5087 396 5152 citer.
440 5085 560 5151 Arnen.
1786 5093 1794 5104 ‘

414 5187 506 5254 Nulli
530 5209 608 5273 ergo
632 5223 673 5235 -
696 5193 806 5252 nostre
831 5185 1085 5250 confirmationis
1109 5193 1172 5250 etc.
1218 5185 1349 5272 Siquis
1373 5189 1435 5249 etc.

413 5308 491 5376 Dat.
514 5308 677 5394 Lugduni,
699 5307 753 5372 III
774 5306 855 5371 Idus
877 5305 1031 5390 Augusti,
1055 5326 1140 5370 anno
1165 5305 1226 5372 lv.

408 5591 432 5653 ⁸)
450 5589 486 5639 ira
503 5588 535 5641 R.
669 5585 695 5653 b)
713 5587 750 5638 Η.
762 5587 810 5650 B.;
834 5603 898 5653 quos
916 5587 948 5640 ll.
1081 5583 1104 5646 ⁰)
1127 5601 1178 5651 quo
1196 5585 1233 5637 Η.
1245 5585 1278 5636 Β.
1417 5583 1444 5650 d)
1462 5585 1528 5635 nulli
1546 5583 1582 5635 H.
1597 5583 1629 5634 Β.
1763 5579 1786 5644 ⁰)
1804 5587 1830 5632 st
1847 5580 1907 5647 imp.

303 5681 476 5730 Romanorum
494 5677 532 5729 Η.
543 5676 576 5728 Β.
685 5672 704 5740 s)
721 5676 818 5727 fuerint
835 5674 871 5725 Η.
884 5673 921 5744 Β..
1026 5672 1052 5737 8)
1070 5689 1148 5724 aureo
1166 5672 1234 5724 decet
1252 5673 1289 5725 Η.
1302 5672 1335 5724 Β.
1441 5668 1466 5734 ¹¹)
1485 5670 1627 5722 iniuximus
1639 5667 1670 5720 R.
1776 5665 1795 5732 ¹)
1812 5667 1850 5718 ita
1863 5665 1908 5727 R„-

304 5765 452 5818 MCthlll
471 5762 507 5813 H.
523 5763 555 5813 B.
572 5772 646 5814 recrc.
755 5759 781 5826 1ί)
802 5763 897 5814 Datum
917 5761 952 5811 II.
966 5760 998 5812 B.
1103 5755 1122 5824 ι)
1142 5759 1190 5810 Dei
1207 5761 1289 5828 gratis
1307 5757 1369 5810 add.
1383 5758 1417 5808 H.
1432 5757 1464 5810 B.

410 5857 473 5912 ltro.
488 5856 568 5912 Pom.
581 5855 616 5910 ll.
1718 5847 1753 5902 23
