4328 6232
757 358 804 411 llll
824 358 1041 413 INNOCEN'l'll
1060 359 1098 412 tv
1117 360 1297 416 eudrardo

986 658 1073 732 aab.

304 767 522 860 barracanos
544 795 601 860 IV
614 817 703 878 pepe
724 797 904 882 [Siprrtiide
926 798 1006 882 ΙΙΙ]
1034 799 1262 882 erdriepiscepo
1288 798 1479 880 Mepaatiae
1508 795 1645 861 ereata
1666 795 1858 880 feracitatem

199 897 407 979 dispensandi
430 920 498 962 tum
525 899 670 966 Conarado
692 900 797 964 corrrite
814 901 957 978 Hirsato,
980 903 1024 966 ad
1045 903 1191 983 obsequie
1206 903 1349 967 eeclesiae
1359 904 1504 984 prerepto
1525 904 1555 965 et
1575 900 1659 978 atili,
1681 903 1712 963 ct
1727 899 1857 975 laenate,

200 1007 283 1065 reeta
310 1002 429 1065 convitis
452 1003 627 1080 Silvestris,
655 1007 690 1066 at
720 1004 755 1067 ia
778 1005 976 1070 rrrntrimeaio
998 1010 1171 1085 contrecto,
1200 1011 1313 1087 quarm
1340 1004 1627 1087 carseapaiaitatis
1653 1003 1764 1086 prada
1794 1023 1857 1067 aera

200 1105 348 1182 obstante,
371 1111 565 1172 retirement.
1128 1155 1130 1159 ,
1506 1110 1599 1184 1247,
1622 1107 1698 1171 Ian.
1714 1110 1768 1172 30.

304 1227 367 1280 [rara
381 1228 401 1280 I
404 1228 428 1280 V
444 1229 508 1296 Ray.
527 1228 579 1282 Vol.
594 1229 620 1296 I,
633 1238 693 1297 3615
706 1230 764 1285 Lib.
780 1231 800 1283 J
802 1230 830 1297 V,
845 1237 900 1284 393.
936 1231 1092 1298 bberrrplar,
1110 1229 1181 1298 qaod
1199 1232 1295 1299 Berge·
1318 1229 1405 1296 abdit,
1423 1246 1484 1281 cara
1506 1227 1620 1296 Repertis
1642 1225 1757 1280 eontulit
1778 1231 1801 1278 d
1824 1242 1857 1278 aa

200 1313 236 1366 eis
254 1313 382 1380 supplerit
408 1312 436 1366 V.
457 1314 496 1369 Gl.
514 1318 547 1369 A.
569 1317 646 1369 Mam

305 1399 489 1468 Berpcratsa.

661 1585 700 1601 ..
732 1529 1082 1621 archiepiscopo
1115 1529 1396 1621 Magantino.

312 1677 450 1742 ltorrrani
476 1680 636 1764 pontilicis
661 1679 876 1765 providentia,
900 1679 1019 1743 tradita
1043 1679 1104 1742 sibi
1128 1678 1252 1763 ligandi
1274 1685 1373 1763 atque
1397 1677 1547 1744 solvendi
1570 1678 1746 1744 aDomino
1761 1687 1854 1765 pote-

203 1787 306 1857 state,
338 1782 590 1867 dispensationis
613 1782 755 1868 adauget
782 1784 921 1868 gratiam
945 1789 1023 1846 tunc
1054 1781 1223 1867 potissime
1253 1783 1340 1846 cirea
1363 1780 1537 1866 quosdam,
1565 1803 1638 1846 eum
1663 1782 1695 1847 id
1718 1783 1854 1849 evidens

202 1884 366 1948 blanditur
389 1886 512 1950 utilitas
537 1887 589 1958 vel
605 1888 786 1952 necessitas
808 1886 996 1973 persuadet.
1047 1885 1129 1949 Oam
1153 1886 1261 1970 igitur,
1285 1886 1371 1950 sieut
1394 1885 1488 1950 nobis
1505 1907 1672 1971 exponere
1689 1888 1855 1951 curavisti.

202 1986 341 2051 dilectus
365 1989 451 2053 iilius
477 1990 594 2054 nobilis
618 1991 665 2053 vir
690 1989 853 2055 Corradus
878 2012 985 2054 comes
1004 1989 1183 2052 Hirsutus¹
1207 1988 1360 2054 dilectam
1384 1989 1417 2052 in
1433 1987 1564 2053 Christo
1587 1989 1688 2054 tiliam
1711 1991 1854 2054 nobilem

203 2092 375 2157 mulierem
391 2093 552 2175 luuotam,
577 2103 685 2159 natam
703 2097 831 2160 comitis
851 2094 1050 2168 Silvestris2,
1074 2093 1207 2158 duxerit
1231 2095 1261 2157 in
1286 2115 1432 2173 uxorem,
1457 2115 1494 2157 ae
1518 2093 1623 2178 ipsam
1647 2093 1854 2179 postmodum

202 2196 263 2260 sibi
287 2198 318 2260 in
347 2206 462 2284 quarto
486 2200 779 2284 consanguinitatis
805 2198 909 2284 gradu
937 2198 1065 2261 noverit
1087 2198 1244 2275 attinere,
1276 2218 1336 2261 nee
1359 2197 1431 2261 siue
1454 2218 1645 2280 guerrarum
1669 2197 1853 2263 discrimine

204 2307 236 2363 et
252 2301 398 2386 periculo
414 2303 626 2388 plurimorum
644 2301 829 2367 huiusmodi
843 2301 1048 2365 matrimonio
1065 2308 1177 2386 posset
1192 2300 1363 2364 dissolutio
1380 2299 1567 2386 provenire:
1586 2300 1677 2364 nobis
1690 2300 1855 2367 humiliter

205 2404 416 2489 supplicasti,
449 2411 486 2468 ut
514 2427 586 2470 eum
615 2406 700 2471 idem
729 2406 847 2471 nobilis
882 2405 923 2469 ad
947 2404 1086 2469 ecclesie
1111 2404 1270 2489 obsequia
1301 2409 1469 2490 promptus
1501 2409 1535 2468 et
1567 2405 1655 2467 utilis
1685 2404 1853 2469 habeatur.

203 2508 339 2593 prefatis
373 2507 535 2574 obviando
568 2511 722 2595 perieulis
753 2517 933 2573 memorato
966 2509 1076 2572 comiti
1105 2516 1137 2573 et
1167 2507 1252 2572 dicte
1285 2506 1312 2572 l.
1336 2506 1527 2572 remanendi
1556 2506 1589 2570 in
1617 2508 1665 2571 sic
1689 2514 1853 2572 contracto

203 2612 409 2677 matrimonio
426 2614 592 2679 licentiam
616 2614 657 2679 da
682 2621 841 2679 consueta
863 2612 951 2678 sedis
967 2613 1149 2698 apostolice
1166 2610 1393 2677 misericordia
1408 2612 1613 2696 largiremur.
1657 2610 1727 2675 Nos
1751 2611 1853 2695 igitur,

204 2715 268 2780 tuis
292 2715 589 2803 supplicationibus
612 2717 776 2797 inclinati,
806 2715 1019 2802 dispensandi
1043 2737 1141 2801 super
1166 2714 1227 2781 hoo
1251 2736 1323 2779 eum
1349 2714 1472 2779 eisdem
1495 2714 1635 2780 liberam
1660 2714 1721 2779 tibi
1745 2722 1853 2779 aueto-

204 2820 302 2886 ritate
325 2821 528 2906 presentium
552 2819 760 2885 concedimus
785 2820 986 2885 facultatem.

292 2923 368 2989 Dat.
391 2923 555 3009 Lugduni,
577 2921 629 2985 Ill
652 2922 728 2987 Kal.
752 2923 934 3001 Februarii,
957 2943 1043 2986 anuo
1067 2929 1192 3007 quarte.

990 3477 1076 3549 981.

309 3591 527 3683 lateranens
543 3617 597 3681 IV
613 3639 703 3700 prpe
725 3616 940 3701 [Araoldara]
971 3615 1234 3696 arciepiscopatu
1268 3616 1483 3681 Treuereasera
1510 3621 1623 3693 arraret,
1650 3640 1691 3681 ac
1723 3619 1860 3683 iterantes

205 3722 381 3808 [Sipesrr'di
404 3720 484 3805 m]
506 3719 696 3802 Mapaatiai
718 3725 746 3784 et
767 3720 947 3802 [tenram]
972 3719 1167 3784 mlartaass
1187 3719 1497 3803 archiepiscoporum,
1520 3720 1734 3802 extorquendo
1754 3722 1796 3786 ab
1818 3722 1861 3785 eis

204 3829 325 3891 leterico
351 3829 380 3890 et
405 3825 556 3907 proderem,
583 3824 732 3888 indebitis
753 3824 968 3887 earet-ionibus
988 3827 1149 3904 repararet,
1184 3823 1328 3904 aliopaia
1357 3843 1452 3903 saper
1472 3823 1523 3887 bis
1543 3824 1639 3888 aliter
1657 3826 1860 3907 procisaaaa

204 3952 236 3995 se
251 3951 324 3996 csse.
343 3967 379 3977 -
394 3929 623 4011 linguatorum
638 3932 666 3992 et
682 3928 893 3994 Celerricascaa
909 3926 1154 4009 cer-claepiscopos
1168 3926 1205 3989 de
1220 3927 1270 4003 iis,
1286 3948 1365 4007 qaae
1383 3925 1491 3990 trabae
1505 3927 1635 4006 epistola
1651 3929 1860 4004 meditaretur,

205 4035 349 4098 certiores
371 4031 482 4096 reddit.
1513 4034 1606 4107 1247,
1631 4031 1705 4095 Ina.
1721 4036 1775 4095 31.

312 4154 374 4206 Ina.
388 4152 408 4204 Ι
410 4151 435 4204 V
451 4151 514 4219 Ray.
533 4150 587 4204 Vol.
602 4150 625 4216 1,
643 4157 705 4216 361,·
723 4149 781 4203 Lab.
797 4150 846 4216 IV,
867 4157 916 4204 39⁴
933 4155 955 4203 el
973 4157 1030 4204 395.
1069 4150 1250 4217 deceptoria,
1269 4166 1337 4217 paee
1355 4151 1457 4218 Berycr
1474 4150 1566 4218 edidit,
1584 4167 1646 4205 arm
1665 4150 1788 4221 namra
1803 4169 1861 4207 wn-

205 4240 266 4293 talr't
284 4245 307 4293 et
325 4254 357 4292 et
373 4238 410 4292 eis
427 4236 555 4306 scanderit
579 4236 606 4289 V.
621 4235 660 4290 01.
680 4237 713 4288 A.
736 4236 814 4289 Mea.

309 4326 407 4394 Berpcr
418 4331 487 4380 2390
503 4329 526 4378 et
543 4330 613 4379 2391.

1019 4443 1045 4506 1.

665 4628 703 4644 ..
732 4569 1081 4661 archiepiscopo
1114 4569 1395 4644 'treverensi

315 4728 386 4791 Etsi
418 4749 477 4790 uos
508 4732 644 4810 gravent
677 4721 794 4785 iniurie
823 4720 1043 4804 quorumlibet
1073 4720 1287 4805 prelatorum.
1320 4721 1555 4785 venerabilium
1584 4732 1696 4785 tamen
1726 4722 1860 4784 fratrum

207 4840 394 4896 nostrorum
420 4878 453 4895 ..
484 4826 668 4912 bisgemini
693 4838 726 4888 et
749 4874 783 4889 ..
814 4822 1018 4886 Coloniensis
1049 4823 1369 4909 archiepiscoporum
1398 4823 1644 4908 gravaminibus
1673 4847 1713 4887 co
1744 4824 1860 4888 fortius

206 4937 445 5021 propulsamur.
470 4954 534 5016 quo
562 4931 650 5016 ipsos
675 4926 859 4992 sincerioris
883 4925 1067 4989 dilectionis
1090 4926 1232 4990 brachiis
1256 4929 1492 5013 amplexamur.
1539 4926 1621 4990 Cum
1646 4928 1757 5011 igitur.
1780 4928 1862 4992 sieut

207 5037 305 5102 iidem
330 5033 572 5120 archiepiscopi
596 5030 689 5095 nobis
714 5049 880 5115 exponere
905 5030 1346 5114 curatverunt.tuipsoru1n
1370 5030 1535 5094 homines.
1564 5029 1792 5115 extorquendo
1820 5028 1860 5093 ab

206 5143 253 5206 eis
282 5140 449 5205 thelonia*
478 5145 512 5202 et
541 5133 696 5221 pedagia.
724 5131 878 5197 indebitis
910 5131 1135 5195 exactionibus
1164 5153 1325 5216 aggraves
1356 5138 1389 5196 et
1417 5132 1588 5201 molestes.
1618 5155 1696 5213 uos,
1724 5133 1860 5199 tonitui

207 5266 303 5330 queem
332 5244 477 5329 ipsorum
506 5239 538 5304 iu
566 5238 627 5303 hae
658 5245 750 5324 parte
781 5233 961 5320 dispendiis
985 5255 1162 5318 precavere
1191 5258 1229 5300 uc
1258 5235 1505 5320 gravaminibus
1537 5236 1672 5301 ebriare
1701 5239 1859 5307 volentes.

310 5504 335 5569 ι)
353 5505 391 5556 aa
409 5503 440 5555 a.

312 5641 336 5701 t)
358 5639 492 5710 lteraaas,
512 5637 541 5691 ia
560 5641 647 5693 nistre
667 5632 895 5705 nummatam
910 5649 924 5686 c
942 5647 1002 5685 aar.
1020 5630 1069 5685 eir.
1088 5630 1255 5686 umorem.
1359 5632 1387 5694 2)
1406 5630 1526 5687 maai
1541 5630 1601 5689 111.
