4328 6232
272 375 335 438 292
824 372 873 426 nx
891 372 1108 429 mnocnurn
1125 375 1164 430 1v
1181 376 1361 434 auorsnno

271 546 441 611 dumtaxat
470 548 632 633 exceptis,
663 549 847 635 percipere,
880 569 919 613 ac
948 549 976 612 ei
998 551 1213 635 personaliter
1234 553 1267 617 in
1291 554 1456 634 ecclesiis,
1480 556 1512 618 in
1541 555 1656 641 quibus
1678 556 1753 622 illos
1777 557 1915 639 obtines,

272 650 451 732 resideres,
482 653 677 717 auctoritate
709 652 770 716 tibi
804 653 1003 737 presentium
1037 654 1246 720 concedimus
1281 656 1470 722 facultatem
1499 696 1541 707 —
1570 661 1734 725 contraria
1771 662 1916 747 ipsarum

271 756 483 821 ecclesiarum
507 756 744 822 consuetudine
768 777 833 821 non
858 757 1019 823 obstante.

379 876 456 941 Dat.
479 877 642 961 Lugduni,
665 876 751 941 XIII
774 876 847 942 Kal.
871 877 956 956 Iulii,
979 899 1064 942 anno
1087 877 1156 943 IIII
1165 880 1186 942 ¹.

886 1142 1294 1150 ..Ἥ

1047 1368 1136 1442 400.

374 1463 591 1556 Innocentius
606 1488 662 1554 IV
675 1509 764 1570 papia
791 1491 929 1574 episcopo
955 1490 1114 1555 watiensi
1140 1490 1286 1571 mandat,
1315 1497 1352 1556 nt
1376 1493 1549 1558 electionem
1571 1493 1738 1580 Raynaldi
1765 1496 1803 1559 in
1819 1516 1916 1579 prae-

265 1595 402 1678 positam
425 1592 606 1658 Pratcnsent
629 1591 833 1657 Pistoriensis
854 1593 983 1658 diocesis
1005 1594 1187 1659 celebratam
1204 1616 1265 1678 per
1286 1597 1460 1673 canonicae,
1478 1616 1540 1676 pro
1560 1618 1594 1662 eo
1615 1598 1698 1680 qnod
1716 1598 1917 1683 aniana]

269 1703 345 1762 nato
366 1697 526 1763 Faa‘derici
547 1697 704 1778 qnondam
725 1698 924 1781 inperatoris
945 1697 1057 1762 dianna
1084 1699 1308 1765 celebraverint
1332 1701 1624 1778 excommunicatos,
1649 1702 1754 1766 irritet
1778 1706 1808 1766 ec
1829 1703 1918 1767 amic

270 1803 336 1867 siae
358 1801 395 1866 de
410 1820 550 1882 persana
570 1800 684 1866 idonea
697 1799 872 1884 provideat.
1567 1808 1662 1885 1247,
1685 1803 1762 1869 Ian.
1776 1807 1833 1870 22.

374 1922 438 1976 Inn.
455 1923 503 1976 IV
523 1921 586 1990 Rea.
604 1922 695 1991 Votl,
713 1930 776 1986 407‚·
801 1921 863 1976 Lib.
882 1922 935 1991 IV,
953 1930 1010 1978 861.

373 2011 468 2079 Berper
484 2015 555 2064 2859.

805 2141 843 2159 ..
873 2086 1084 2179 episcopo
1112 2085 1379 2162 Cervicnsi².

378 2219 445 2284 Sua
478 2219 569 2284 nobis
601 2218 786 2303 Hugolinus
820 2224 853 2282 et
885 2217 1086 2284 Rolandinus
1121 2221 1268 2284 canonici
1303 2221 1442 2286 ecclesie
1479 2218 1672 2285 Pratensis⁸
1706 2219 1917 2285 Pistorienais

271 2323 410 2387 diocesis
427 2324 585 2410 petitione
602 2327 830 2402 monstrarunt,
847 2320 932 2406 quod
949 2321 1111 2408 quondam
1127 2322 1303 2388 Zonchello
1320 2324 1488 2410 capellano
1511 2330 1635 2405 nostro,
1657 2323 1761 2410 ipsius
1776 2323 1918 2389 ecclesie

270 2428 451 2515 preposito,
481 2428 567 2490 viam
594 2427 746 2491 universe
781 2425 886 2490 carnis
923 2425 1090 2510 ingresso,
1121 2427 1177 2491 alii
1206 2428 1352 2491 canonici
1380 2426 1528 2492 eiusdem
1559 2427 1718 2507 ecclesie,
1745 2427 1825 2492 licet
1852 2427 1918 2491 sint

270 2532 399 2596 vinculo
422 2524 771 2596 excommunicationis
795 2530 935 2609 astricti,
966 2551 1024 2616 pro
1053 2550 1091 2594 eo
1116 2530 1203 2616 quod
1225 2530 1282 2595 F!
1304 2537 1381 2595 nato
1404 2530 1562 2596 Friderici
1585 2530 1748 2616 quondam
1772 2531 1916 2615 impera·

270 2636 350 2700 toris
384 2641 418 2700 et
445 2635 518 2699 aliis
547 2635 838 2698 excommunicatis
867 2656 887 2698 a
913 2634 1008 2698 nobis
1038 2634 1169 2721 publice
1200 2634 1368 2700 celebrare
1398 2633 1524 2715 divina,
1554 2633 1596 2699 de
1625 2635 1786 2700 electione
1816 2634 1918 2698 faturi

270 2741 439 2827 prepositi,
456 2759 591 2826 corpore
608 2739 710 2824 ipsius
733 2738 876 2803 nondum
899 2738 1017 2803 tradito
1043 2741 1221 2825 sepulture,
1243 2745 1433 2820 tractantes,
1453 2737 1660 2824 Raynaldum
1680 2738 1783 2803 lilium
1800 2737 1918 2802 nobilia

270 2843 332 2907 viri
353 2842 591 2929 Adelprandini
615 2840 818 2923 Oanacontis,
841 2842 1058 2928 persecutoris
1082 2843 1234 2924 ecclesie,
1257 2843 1291 2906 in
1307 2843 1454 2908 eiusdem
1479 2843 1619 2908 ecclesie
1634 2842 1838 2929 prepositum
1860 2860 1919 2926 per

272 2947 427 3011 secularis
444 2947 543 3011 etiam
558 2946 730 3033 potestatis
746 2946 883 3010 abusum
906 2944 947 3010 dc
965 2945 1051 3010 iacto
1068 2946 1192 3030 eligere
1208 2952 1486 3032 presumpserunt.
1531 2945 1734 3028 Mandemus,
1751 2946 1918 3031 quatinus,

272 3050 299 3114 si
322 3058 373 3115 est
395 3051 456 3130 ita,
489 3051 681 3116 electionem
705 3050 828 3137 ipsam,
858 3056 970 3136 utpote
994 3051 1035 3115 ab
1059 3050 1348 3114 excommunicatis
1372 3056 1496 3114 temere
1519 3054 1764 3135 attemptatam,
1789 3048 1916 3113 denun-

271 3156 355 3219 tians
378 3157 509 3242 penitus
533 3155 655 3219 nullam
679 3176 764 3235 esse,
789 3153 896 3218 eidem
913 3155 1054 3220 ecclesie
1071 3154 1262 3218 auctoritate
1281 3160 1390 3217 nostra
1413 3152 1454 3217 de
1478 3174 1617 3239 persona
1639 3151 1758 3216 idonea
1781 3151 1917 3216 studeas

271 3258 458 3346 providere;
483 3257 737 3323 contradictores
760 3265 821 3322 etc.

377 3379 453 3442 Dat.
476 3379 637 3464 Lugduni,
660 3378 693 3444 X
715 3378 790 3445 Kal.
815 3379 899 3461 Iulii,
923 3400 1007 3443 anno
1030 3378 1108 3442 ΙΙΙΙ.

887 3640 1296 3649 ——-..—--—-—

1047 3869 1119 3941 401

374 3966 592 4059 Innocentius
614 3990 635 4054 1
641 3988 670 4054 V
697 4012 787 4071 papa
816 3989 1046 4076 [Theoderico]
1076 3990 1304 4072 archiepiscopo
1336 3988 1518 4056 Ravennati
1550 3987 1678 4074 samiis
1713 3993 1917 4073 quarundam

268 4096 495 4178 possessionum
516 4094 658 4159 molestae
679 4113 763 4172 seiae,
786 4113 873 4174 artas,
894 4116 914 4158 a
937 4099 1068 4175 tempore
1091 4099 1176 4159 artac
1191 4093 1364 4158 discordiae
1386 4095 1469 4158 inter
1491 4093 1648 4159 conciam
1670 4099 1701 4158 ct
1714 4095 1916 4161 Fridericntn

270 4201 426 4282 qnondam
447 4201 663 4281 imperatorem
683 4220 704 4262 a
731 4197 916 4280 quibusdam
936 4198 1054 4263 civibus
1075 4197 1336 4263 Ferrariensibns
1362 4200 1539 4278 occupatae,
1568 4216 1752 4278 recuperare
1778 4218 1812 4263 se
1827 4217 1918 4280 poan

270 4305 383 4383 credat,
407 4304 527 4370 tamdia
543 4303 759 4384 peroptandus
778 4302 921 4381 concedit,
943 4302 1037 4367 nanc
1058 4303 1093 4365 in
1114 4303 1241 4367 melesio
1262 4321 1321 4367 sna
1343 4320 1447 4366 secare
1467 4303 1652 4367 minorari
1665 4303 1777 4383 posen.

1561 4406 1653 4484 1247,
1677 4405 1753 4472 Iun.
1776 4408 1831 4472 25.

374 4527 438 4582 Inn.
452 4528 500 4581 IV
515 4525 578 4596 Rea.
596 4527 688 4594 Vna,
706 4533 769 4593 406,·
788 4525 844 4580 nn.
859 4525 912 4594 IV,
931 4532 990 4578 857.
1022 4524 1177 4594 uanam,
1194 4523 1266 4591 qnod
1284 4524 1382 4592 Βῆριν
1399 4523 1487 4592 edidit,
1505 4539 1565 4576 ain
1584 4523 1701 4592 Reaeetia
1718 4526 1831 4579 mnne
1846 4532 1870 4581 et
1885 4544 1919 4581 cn·

270 4613 306 4666 eia
323 4613 450 4681 mppkoit
468 4612 498 4667 V.
512 4611 550 4666 Ol.
563 4613 598 4666 A.
612 4612 690 4666 Man.

374 4701 557 4768 Reperiam.

730 4831 767 4847 ..
795 4773 1142 4866 archiepiscopo
1171 4771 1457 4846 Ravennam.

380 4907 432 4971 Ex
455 4912 546 4993 parta
569 4913 626 4971 tua
649 4907 711 4970 suit
727 4906 821 4970 nobis
838 4906 1003 4970 humiliter
1019 4905 1245 4991 supplicatum,
1269 4911 1304 4969 ut
1328 4925 1399 4967 cum
1417 4904 1557 4990 quedam
1574 4906 1814 4992 possessiones,
1837 4929 1921 4995 quas

271 5013 505 5077 monasterium
529 5012 633 5076 sancti
653 5010 786 5076 Andree
811 5010 852 5075 de
868 5008 1028 5075 Ravenna
1050 5010 1176 5096 optinet
1199 5009 1240 5072 ab
1264 5010 1407 5073 ecclesia
1422 5008 1618 5091 Ravennati,
1641 5016 1825 5096 atempore
1849 5019 1921 5077 orte

459 5155 525 5160 -.-
553 5155 569 5159 -
608 5155 615 5159 .
657 5155 689 5160 .-.
706 5154 787 5160 ..---.
800 5154 837 5162 ,-.
870 5154 901 5159 -
926 5154 949 5159 .-
990 5153 1055 5159 -.—..
1072 5153 1152 5157 -.—.
1174 5152 1182 5157 -
1217 5151 1453 5157 „-.-.-.--.-.-.—..
1479 5151 1498 5157 -
1515 5151 1569 5157 ——
1591 5152 1633 5157 -.-
1665 5152 1749 5159 --.-.-
1760 5153 1807 5159 .—

377 5240 402 5303 1)
423 5237 528 5291 Eodem
546 5234 587 5289 die
600 5253 676 5304 papa
694 5234 791 5289 decano
809 5240 832 5288 et
849 5234 1017 5289 macenaria
1033 5233 1127 5288 Sancti
1139 5233 1227 5286 Blasii
1244 5231 1276 5286 de
1288 5233 1432 5287 Bnansnric
1447 5232 1592 5302 inundant,
1610 5248 1644 5286 nc
1660 5248 1720 5287 nain
1736 5238 1830 5286 amitae
1847 5233 1922 5289 hanc

270 5325 459 5379 conmanenan
476 5323 608 5378 mandari
623 5328 797 5391 peierantem
815 5323 917 5392 Beroen
933 5329 1006 5377 2836.
1092 5322 1120 5389 2)
1139 5320 1194 5374 Hic
1211 5320 1346 5389 episcopia
1363 5320 1504 5375 Bononiae
1520 5319 1663 5387 moinum
1678 5319 1714 5387 cf.
1733 5319 1920 5388 Bcryerwd.

271 5414 299 5474 3)
318 5411 349 5465 Ε
364 5428 424 5465 mer.
443 5417 466 5464 ct
483 5427 521 5464 or.
540 5410 587 5464 cin.
606 5409 718 5477 Piniana
805 5411 833 5478 4)
853 5409 914 5464 set.
932 5408 1069 5463 Elida-ico
1085 5408 1116 5462 dc
1134 5408 1284 5476 Antiochia,
1302 5424 1378 5476 paen
1395 5408 1537 5477 imperator
1552 5424 1578 5463 o.
1596 5413 1671 5474 1246,
1692 5404 1770 5461 Febr.
1789 5408 1920 5461 matun

270 5515 351 5551 annm
366 5499 510 5566 potetatem
525 5513 572 5565 per
587 5497 711 5551 Tnsmaan
728 5501 753 5550 et
769 5497 803 5549 ab
815 5496 921 5550 Asudio
938 5512 1021 5565 inmte
1039 5496 1182 5551 Gornetm
1199 5499 1222 5548 et
1234 5509 1286 5562 per
1303 5494 1470 5548 mannaan
1486 5493 1670 5560 constituam
1687 5490 1920 5562 unae-Fama,

271 5584 287 5636 l.
305 5600 325 5639 c.
343 5590 414 5638 tate.
497 5586 524 5650 5)
543 5582 599 5637 Hic
615 5598 699 5651 masec
715 5583 753 5636 ad
769 5583 849 5650 finem
866 5601 892 5638 a.
912 5590 974 5639 1246
990 5584 1092 5639 cacitas
1108 5584 1140 5638 in
1157 5581 1263 5652 Apulia
1280 5585 1454 5636 connatam
1471 5584 1535 5648 nat,
1553 5579 1624 5633 ncta
1640 5577 1696 5648 ipat
1712 5576 1783 5632 dixit
1798 5580 1922 5648 captim

271 5669 443 5738 imperatoria,
462 5667 506 5722 sed
520 5669 630 5736 sartam
646 5685 702 5722 non
719 5670 826 5723 annino
843 5670 959 5737 invitae,
980 5675 1038 5725 tnnc
1056 5671 1212 5727 Bononiam
1229 5669 1346 5738 ansepr't,
1368 5666 1415 5722 ndi
1436 5684 1462 5720 a
1482 5671 1552 5733 aad,
1571 5664 1634 5720 losa
1650 5668 1685 5721 28
1701 5662 1812 5733 adoran
1827 5666 1862 5732 σῇ
1880 5682 1921 5735 φ.
