4328 6232
199 332 262 396 204
752 323 801 379 EX
820 320 1040 379 Innocuam
1058 322 1099 378 IV
1116 321 1300 383 aramme

306 504 391 568 Item
415 503 680 568 excommunices
704 523 817 566 omnes
840 501 925 581 illos,
950 500 1005 586 qui
1029 500 1200 565 occasione
1225 501 1474 567 coniurationis·
1496 501 1684 570 huiusmodi
1708 506 1857 593 prelatos

197 607 378 695 impedient
415 609 463 672 uti
500 606 723 671 iurisdictione
753 606 977 671 ecclesiastica
1004 605 1037 667 in
1069 604 1217 686 casibus,
1256 607 1289 669 in
1317 607 1435 690 quibus
1463 607 1511 671 eis
1535 610 1696 695 competit
1720 608 1762 674 de
1786 610 1857 675 iure

200 713 251 775 vel
277 711 510 776 consuetudine
534 710 724 797 approbata.
1197 706 1200 710 ’

305 814 391 878 Item
408 814 671 878 excommunices
690 834 802 877 omnes
819 812 902 891 illos,
920 811 974 896 qui
990 811 1180 898 impedient,
1197 812 1377 878 turbabunt
1392 835 1451 879 seu
1466 815 1690 880 molestabunt
1707 823 1858 902 agentes,

199 919 445 1004 respondentem,
471 919 679 997 assistentes,
703 917 947 1003 patrocinantes
972 917 1025 980 vel
1047 915 1228 981 iudicantes
1259 918 1291 981 in
1319 917 1389 981 loro
1413 919 1638 984 eeclesiastico
1666 921 1702 984 iu
1726 919 1859 984 casibus

199 1021 411 1109 supradictis,
444 1044 571 1087 necnon
595 1029 629 1086 et
652 1023 744 1098 illos,
777 1022 830 1106 qui
856 1040 967 1084 eorum
989 1020 1190 1106 propinquos
1218 1022 1251 1085 in
1275 1023 1424 1108 personis
1453 1024 1505 1087 vel
1534 1022 1634 1087 rebus
1664 1033 1861 1110 presumant

199 1127 372 1190 occasione
396 1125 581 1190 huiusmodi
605 1127 781 1192 molestare
804 1163 846 1173 -
869 1125 1159 1190 nonobstantibus
1182 1126 1344 1211 aliquibus
1359 1126 1570 1212 indulgentiis
1594 1150 1654 1193 seu
1675 1130 1860 1216 privilegiis

199 1229 448 1316 quibuscunque
477 1231 626 1316 personis
662 1231 703 1294 ab
731 1230 914 1316 apostolica
950 1228 1028 1294 sede
1068 1231 1253 1310 concessis,
1281 1236 1318 1294 ut
1348 1232 1382 1295 in
1412 1252 1470 1297 eas
1504 1233 1558 1298 vel
1585 1233 1723 1297 earumb
1751 1241 1860 1298 terras

199 1335 548 1399 excommnuicationis
584 1337 656 1400 vel⁰
691 1335 854 1399 interdicti
887 1335 1049 1399 sententie
1088 1335 1163 1399 lerri
1197 1356 1262 1400 uon
1297 1336 1428 1400 valeant
1461 1335 1586 1421 absque
1621 1338 1727 1422 ipsius
1767 1336 1857 1402 sedis

199 1439 331 1503 licentia
355 1438 501 1524 speciali.
547 1438 642 1512 Quod
666 1440 693 1503 si
717 1439 827 1502 forsan
842 1438 967 1503 inventi
989 1438 1111 1503 fuerint
1133 1439 1233 1524 aliqui
1255 1440 1451 1526 pertinaces,
1474 1441 1634 1522 noscunt,
1657 1440 1745 1527 qnod
1769 1441 1857 1505 omui

200 1543 373 1628 privilegio
397 1544 438 1607 ab
463 1545 645 1629 apostolica
668 1543 746 1608 sede
771 1543 904 1607 obtento
928 1542 1097 1623 attendis,
1121 1545 1147 1607 si
1171 1565 1237 1629 qua
1257 1550 1373 1608 tenent
1396 1545 1438 1609 ab
1455 1544 1617 1625 ecclesiis,
1639 1546 1858 1631 privabuntur

200 1665 375 1732 eorumque
409 1648 519 1733 proles
547 1648 588 1711 ad
614 1649 800 1713 clericatum
831 1650 883 1713 vel
907 1649 1170 1714 ecclesiasticum
1191 1648 1386 1715 beneficium
1418 1671 1476 1715 seu
1500 1648 1694 1734 dignitatem
1725 1651 1858 1716 minime

202 1756 398 1815 assumetur.
445 1750 563 1817 Clerici
587 1772 730 1839 quoquc,
759 1753 812 1838 qui
843 1775 916 1817 cum
940 1752 1096 1839 predictis
1119 1760 1326 1839 permanent,
1356 1754 1416 1817 nisi
1440 1754 1657 1819 incontinenti
1680 1763 1755 1840 post
1778 1753 1859 1840 pub-

200 1852 295 1916 licam
319 1855 529 1919 monitionem
553 1862 641 1920 tuam
665 1856 706 1920 ab
730 1877 841 1920 eorum
859 1857 1015 1922 recedant
1039 1857 1197 1942 obsequio
1221 1862 1255 1920 et
1276 1857 1425 1929 consilio,
1449 1857 1598 1922 omnibus
1622 1859 1858 1922 ecclesiasticis

200 1955 367 2020 beneficiis
391 1964 424 2020 et
447 1959 545 2022 etiam
569 1961 742 2023 clericatus
765 1960 937 2045 privilegio
961 1959 1179 2025 nudabuntur.

309 2059 406 2124 liat.d

818 2206 1016 2214 »-—-..-..-.-„
1024 2206 1229 2213 ...η-Ἣ

986 2399 1072 2470 art.

307 2493 525 2592 Innocentius
548 2529 570 2592 Ι
575 2527 605 2592 V
617 2550 706 2612 ponpa
729 2527 887 2612 [ilenrico
902 2529 981 2612 ΙΙΙ]
1001 2530 1140 2613 episcopo
1155 2530 1381 2612 Arpcntmcasi
1402 2528 1610 2612 dispummudi
1631 2552 1701 2595 aaut
1716 2531 1859 2620 liudulfo

200 2633 238 2696 dc
267 2631 430 2715 llscnrbcrp
456 2637 485 2696 et
513 2632 625 2697 Heliae
654 2637 734 2695 nuta
763 2634 920 2714 peccudum
947 2632 1096 2710 llcnrici,
1125 2633 1242 2713 fratris
1263 2632 1425 2698 Laidormci
1450 2635 1594 2699 advocati
1618 2635 1656 2698 da
1677 2635 1858 2717 Litonrbcrr,

200 2741 236 2798 ut
258 2756 322 2799 arna
345 2735 482 2798 obstante
504 2741 616 2817 quarto
638 2737 922 2818 ccascnpur'aitatis
942 2740 972 2797 ct
993 2736 1167 2821 uffiaitctis
1187 2737 1291 2818 produ
1313 2739 1349 2800 ia
1363 2738 1563 2803 matrimonio
1580 2743 1737 2802 contracto
1759 2763 1859 2805 reatu·

200 2859 276 2902 aare
293 2839 431 2918 posunt,
458 2838 640 2918 frrcrdtotaat
672 2840 820 2915 raecedit,
848 2860 915 2902 arsa
949 2839 1026 2902 dicti
1051 2839 1170 2902 uolrilcs
1190 2839 1367 2923 H[carico]
1388 2841 1455 2921 rapi
1476 2838 1692 2905 Romanorum
1720 2845 1857 2908 simliter

201 2944 364 3007 (tractant.
1524 2945 1619 3023 1247,
1643 2944 1717 3011 Iera.
1743 2948 1774 3013 5.

306 3061 369 3116 Ian.
384 3061 431 3113 Il'
447 3061 509 3129 Rop.
532 3061 586 3116 Vol.
605 3062 627 3130 I,
646 3069 706 3129 3513
725 3062 785 3116 Lib.
799 3063 819 3115 I
821 3062 851 3129 V,
869 3069 923 3116 359.
962 3062 1059 3114 Porcii
1080 3063 1213 3130 emungatur
1232 3062 1393 3114 maritimas
1413 3077 1473 3115 cram
1497 3062 1660 3132 Salmatia,
1685 3067 1772 3119 Alunt.
1796 3066 1859 3134 dipl.

202 3155 220 3202 r.
241 3150 307 3216 tp.
319 3156 373 3215 aaa,
392 3166 419 3201 a.
437 3156 492 3202 aaa

309 3235 440 3302 Pottlrust,
461 3235 526 3303 Ray.
541 3239 635 3299 1238&
653 3234 751 3304 Barpcr
762 3242 830 3290 Μ.

702 3436 708 3452 .
739 3440 748 3457 .
776 3383 1103 3474 Argentinensi
1131 3384 1363 3476 episcopo.

314 3498 456 3564 Romani
477 3501 638 3586 pontilicis
662 3500 877 3585 providentia,
900 3499 1019 3563 tradita
1044 3500 1106 3564 sibi
1130 3498 1251 3584 ligandi
1276 3505 1375 3584 atquc
1398 3498 1548 3564 solvendi
1570 3498 1749 3566 aDcmino
1766 3509 1857 3589 pote·

202 3609 299 3671 state,
324 3602 579 3690 dispensationis
603 3603 748 3687 adauget
775 3605 914 3687 gratiam
944 3609 1021 3667 tunc
1050 3604 1222 3689 potissime
1254 3603 1340 3667 circa
1363 3601 1538 3688 quosdam,
1568 3625 1642 3668 cum
1666 3604 1699 3668 id
1723 3606 1862 3671 evidens

201 3706 367 3771 blanditur
396 3707 521 3770 utilitas
552 3707 604 3771 rel
634 3708 813 3771 necessitas
844 3707 1033 3792 persuadet.
1078 3705 1162 3772 Cum
1194 3708 1309 3792 igitur,
1340 3708 1424 3772 sicut
1454 3707 1549 3772 nobis
1579 3728 1748 3794 exponere
1768 3729 1863 3775 cura·

202 3811 290 3890 visti,
316 3809 456 3873 dilectus
480 3811 566 3874 lilius
590 3810 706 3874 nobilis
730 3810 779 3872 rir
800 3809 961 3875 Radnllus
991 3811 1031 3875 de
1054 3811 1258 3876 Usemberc¹
1287 3811 1329 3874 ad
1353 3810 1514 3875 sedandas
1537 3832 1655 3895 graves
1677 3811 1862 3877 discordias

202 3922 238 3976 et
261 3914 404 3997 grandes
435 3916 619 3979 inimicitias
643 3914 832 4001 sopiendas,
856 3914 975 3978 dudum
1000 3916 1212 4001 interipsum
1244 3937 1286 3979 ex
1310 3922 1403 4000 parte
1430 3935 1496 3978 una
1518 3922 1551 3977 et
1574 3915 1731 3980 dilectum
1756 3916 1858 3982 lilium

203 4018 349 4081 nobilem
376 4019 477 4081 sirum
502 4018 702 4083 Ludovicum
726 4018 919 4082 advocatum
951 4018 991 4083 de
1015 4019 1227 4086 Litembero²
1255 4026 1289 4083 ct
1311 4018 1474 4105 quondam
1498 4017 1695 4097 Henricum,
1726 4019 1863 4086 tratrem

202 4124 291 4193 eius,
321 4123 574 4206 Argentinensis
602 4123 741 4188 diocesis
777 4145 819 4187 cx
848 4124 953 4188 altera
983 4125 1140 4208 agitatas,
1175 4124 1329 4189 dilectam
1363 4124 1396 4187 in
1424 4122 1554 4187 Christo
1583 4123 1683 4188 tiliam
1716 4122 1863 4189 nobilem

203 4227 377 4291 mulierem
400 4226 582 4307 Helicam⁶‚
612 4235 719 4292 natam
744 4229 862 4314 prefati
885 4228 1038 4294 Henrici.
1066 4228 1185 4294 ducere
1209 4228 1401 4294 desiderans
1424 4229 1456 4290 in
1485 4248 1635 4307 uxorem,
1658 4229 1864 4294 contraxerit

203 4330 370 4416 sponsalia
393 4352 466 4395 cnm
483 4333 609 4401 eadem.
633 4354 694 4398 nec
711 4334 816 4418 possit
835 4333 1020 4397 huiusmodi
1037 4334 1280 4398 matrimonium
1297 4332 1495 4412 consumari,
1519 4352 1562 4395 ex
1584 4353 1625 4396 eo
1642 4331 1729 4417 quod
1745 4339 1862 4419 quarto

202 4435 497 4520 consanguinitatis
521 4443 554 4499 et
576 4437 744 4501 affinitatis
761 4437 865 4523 gradu
889 4436 1091 4501 adinvicem
1115 4459 1150 4501 sc
1171 4439 1346 4522 attingunt,
1370 4458 1431 4501 nec
1454 4436 1553 4500 ctiam
1578 4436 1619 4501 ab
1644 4437 1715 4523 ipso
1734 4437 1860 4502 retrahi

202 4538 326 4622 absque
350 4541 441 4623 grani
466 4548 499 4604 et
522 4539 637 4624 grandi
661 4543 808 4626 periculo
832 4543 1062 4628 plurimorum:
1086 4542 1181 4606 nobis
1205 4542 1371 4607 humiliter
1392 4540 1596 4625 supplicasti,
1618 4547 1655 4604 ut
1676 4540 1863 4607 huiusmodi

201 4641 361 4706 obviando
392 4644 547 4728 periculis
571 4646 783 4709 consumendi
807 4648 855 4710 sic
879 4655 1083 4710 contractum
1100 4646 1342 4710 matrimonium
1366 4652 1400 4709 et
1415 4644 1606 4710 remanendi
1630 4646 1663 4708 in
1687 4666 1727 4709 eo
1756 4646 1861 4711 lican-

201 4747 280 4810 tiam
311 4748 360 4810 eis
384 4746 426 4811 de
442 4755 601 4812 consueta
627 4749 712 4814 sedis
737 4752 917 4836 apostolice
933 4750 1158 4815 misericordia
1180 4751 1383 4834 largiremur,
1427 4747 1496 4811 Nos
1519 4747 1628 4831 igitur,
1649 4749 1861 4827 attendentes

201 4849 288 4934 quod
317 4851 379 4914 nisi
412 4850 592 4936 predictum
628 4854 891 4918 consumeretur‘
919 4854 1176 4921 matrimonium.
1213 4862 1349 4939 possent
1384 4851 1532 4938 pericula
1562 4852 1675 4936 gravia
1707 4852 1860 4924 suboriri.

203 4955 356 5040 quodque
380 4957 479 5020 etiam
502 4956 579 5020 dicti
605 4958 742 5037 nobiles,
767 4960 850 5023 sicut
874 4960 1006 5024 asseris.
1031 4980 1066 5022 se
1083 4968 1249 5045 promptos
1265 4956 1474 5021 exhibuerint
1496 4957 1529 5020 in
1553 4957 1695 5041 negotiis
1718 4956 1859 5021 ecclesie

305 5217 329 5279 ⁸)
348 5219 555 5271 coniurationum
575 5220 602 5271 V.
673 5217 698 5273 hl
719 5220 764 5273 n.-
782 5238 869 5272 eorum
884 5220 969 5287 Rcyu.
990 5219 1017 5269 V.
1087 5217 1111 5282 Β)
1129 5230 1154 5270 et
1175 5217 1253 5268 1).ῐῖ
1325 5215 1350 5280 d)
1367 5216 1462 5275 com:
1480 5219 1577 5268 Datum
1589 5218 1721 5285 Lugduni,
1735 5219 1759 5268 ll
1774 5219 1859 5270 Nouus

204 5304 324 5370 luruarii,
343 5308 507 5372 pontificatus
524 5309 603 5359 nostri
622 5326 689 5360 auno
709 5319 800 5374 quarto
816 5308 847 5358 1).
867 5308 895 5360 V.
965 5312 988 5357 *l
1007 5308 1109 5359 Heliam
1129 5305 1443 5370 13.ers..·rt.epaomea
1462 5313 1561 5354 tanturn
1574 5305 1705 5370 proebrrit.
1775 5301 1796 5367 s)
1816 5303 1859 5363 84

201 5392 395 5445 conlinnaretur
413 5395 444 5446 P.

306 5532 332 5593 ¹>
350 5530 399 5583 Er
416 5535 477 5599 *rt
495 5532 540 5584 cir·
563 5531 695 5586 mcum.
812 5535 839 5586 a
860 5530 1044 5602 aceruatos,
1064 5546 1098 5584 a
1115 5535 1177 5600 aa.
1194 5536 1218 5583 a
1235 5546 1284 5583 mc.
1301 5532 1348 5582 aa.
1367 5529 1507 5598 amaa.
1525 5558 1559 5568 -
1577 5524 1729 5583 mm
1742 5527 1859 5583 m.

202 5615 403 5684 Arpmtiaeasir
419 5623 483 5668 erut.
