4328 6232
756 351 804 411 EX
822 347 1039 412 munerata
1056 347 1095 411 IV
1113 346 1292 412 REGIS'I'RO

305 774 523 868 lensensis
548 799 603 864 rr
620 820 710 884 papa
731 798 855 864 amieo
883 798 921 861 a
943 799 1093 863 earnm
1115 796 1294 883 [nemin]
1314 797 1522 880 nepsam
1547 796 1678 861 arms
1700 795 1851 878 nauca,

199 910 235 970 nt
268 927 320 985 ea,
351 926 431 987 qaae
463 903 500 967 de
531 903 620 967 benis
650 903 790 969 Conradi
813 903 878 984 filie·
906 901 1102 986 F[riderier]
1122 900 1280 982 qnondam
1300 900 1499 981 imperatoria
1524 901 1732 983 occupaverit,
1756 900 1851 963 iibere

199 1012 342 1074 retineat.
1506 1006 1600 1081 1248,
1622 1006 1706 1084 Apr.
1731 1006 1761 1066 5.

304 1129 366 1182 an.
386 1127 437 1181 rr
450 1127 516 1196 aa.
532 1126 587 1181 ra.
606 1126 630 1196 r,
650 1133 715 1192 sao,-
731 1126 791 1181 ce.
809 1125 840 1195 r,
861 1131 913 1181 aa
1243 1133 1246 1138 ·

303 1216 398 1285 Berya·
415 1220 487 1269 3i'87.

315 1393 465 1468 Nobili
491 1395 589 1468 viro
616 1392 810 1466 domino
838 1392 892 1464 de
918 1388 1169 1463 Aueheim⁸¹
1197 1385 1494 1480 Augustensis
1521 1386 1730 1460 diocesis.

305 1542 386 1607 Cum
421 1565 478 1630 pro
515 1543 741 1608 ecclesiastica
773 1541 926 1607 libertate
961 1560 999 1604 ae
1028 1538 1092 1603 fida
1122 1537 1285 1602 catholica
1313 1535 1536 1615 defendenda,
1559 1558 1655 1621 quam
1680 1536 1848 1603 Corradus

200 1647 283 1710 iilius
305 1646 342 1711 F.
366 1646 528 1731 quondam
551 1646 756 1733 imperatoris
779 1651 813 1710 et
835 1643 975 1709 ecclesie
997 1642 1147 1706 iuimicus
1169 1640 1299 1705 viuculo
1320 1640 1665 1705 excommunicationis
1690 1643 1848 1708 astrictus

202 1751 385 1837 impugnat,
409 1770 482 1814 cum
504 1748 542 1814 E.
566 1755 643 1814 nato
666 1756 722 1813 tuo
746 1754 780 1813 et
802 1746 996 1833 quibusdam
1023 1746 1095 1809 aliis
1124 1745 1183 1808 tibi
1214 1743 1448 1808 adherentibus
1471 1743 1656 1809 resistendo
1680 1746 1744 1810 sibi
1769 1748 1848 1811 riri·

200 1855 289 1933 liter,
319 1853 458 1940 quedam
481 1852 522 1917 de
546 1852 640 1917 bonis
672 1853 740 1918 suis
768 1869 946 1936 occupasse
974 1849 1109 1913 dicaris:
1137 1853 1174 1911 ut
1201 1868 1242 1912 ea
1271 1846 1357 1910 bona
1386 1846 1476 1911 salva
1506 1849 1709 1914 conscientia
1742 1851 1849 1916 libere
1898 1878 1920 1916 u

201 1959 311 2022 valeas
345 1959 502 2038 retinere,
537 1957 602 2020 tuis
636 1956 764 2021 devotis
798 1952 1087 2042 supplicationibus
1122 1951 1286 2031 inclinati,
1320 1951 1513 2015 auctoritate
1547 1952 1606 2016 tibi
1644 1957 1848 2039 presentium

201 2063 417 2147 indulgemus.
461 2060 551 2126 Nulli
574 2068 636 2128 etc.
659 2067 771 2127 nostre
796 2059 1014 2125 concessionis
1037 2064 1097 2122 etc.

302 2183 378 2250 Dat.
401 2182 564 2266 Lugduni,
588 2181 691 2246 Nonis
715 2182 820 2267 April.
844 2201 929 2246 anna
943 2180 999 2245 V⁰.

981 2706 1068 2779 532.

306 2817 523 2913 Innocentius
545 2844 600 2911 IV
618 2867 708 2927 papa
739 2846 846 2911 abbati
883 2845 995 2913 Sancti
1028 2845 1183 2909 Iohannis
1216 2843 1401 2909 Parmensis
1432 2844 1578 2924 inundat,
1609 2850 1645 2909 at
1672 2847 1853 2929 aretiiprrs-

202 2951 343 3035 byternm
359 2950 463 3030 plebis
478 2948 589 3016 Sancti
607 2948 772 3028 Vincentii,
794 2954 904 3014 nata-m
927 2950 1034 3015 larabi
1052 2949 1151 3014 Veltri
1173 2949 1210 3014 cte
1227 2948 1436 3027 Wrtnisncria,
1458 2969 1561 3014 arcem
1581 2950 1719 3014 einsmm
1742 2953 1804 3016 leci
1824 2957 1856 3016 et
1904 2980 1925 3017 a

203 3059 305 3119 terras
327 3055 421 3134 elias,
444 3076 523 3137 qnae
542 3074 601 3136 pro
623 3056 778 3120 cemanni
799 3053 969 3119 Parmensi
990 3054 1026 3117 in
1049 3074 1154 3118 ceram
1175 3053 1334 3118 montanis
1364 3057 1544 3130 tenmntnr,
1566 3056 1798 3133 conservantis,
1819 3057 1857 3119 in

199 3160 310 3241 aliqua
333 3159 532 3224 ecclesiaram
554 3158 780 3223 cattedratinns
802 3158 1025 3237 Lanterdiac,
1048 3158 1231 3235 Parmensi,
1255 3157 1425 3235 lauriensi,
1448 3156 1573 3239 Rapina
1599 3162 1629 3222 et
1656 3155 1858 3222 Placentina

200 3263 342 3343 exerptis,
364 3263 462 3343 recipi
479 3259 586 3346 faciat
607 3263 643 3327 in
665 3263 858 3328 canonicum.
1510 3263 1603 3339 1248,
1624 3262 1708 3342 Apr.
1733 3263 1766 3328 5.

304 3383 367 3437 ren.
385 3382 507 3452 rrae.
527 3382 581 3437 ror.
602 3384 626 3451 1,
646 3390 711 3450 aa·
728 3381 788 3436 no.
807 3382 837 3450 r,
853 3388 904 3437 rer.
941 3382 1090 3451 apinam
1107 3398 1139 3437 a
1158 3383 1276 3452 nemu
1294 3382 1428 3451 caepa
1445 3381 1474 3435 r.
1489 3380 1528 3436 a.
1541 3380 1571 3436 o.
1582 3381 1615 3435 a
1627 3381 1720 3437 reae.

303 3470 402 3538 Bereer
419 3475 490 3525 utto

547 3650 556 3669 .
587 3652 595 3670 .
623 3595 776 3669 abbati
804 3595 968 3668 Sancti
994 3595 1211 3669 Iohannis
1237 3595 1503 3670 Parmensis.

305 3746 482 3833 Cupientes
515 3746 608 3833 proni
641 3745 681 3810 ad
717 3746 854 3831 gratiam
892 3745 1028 3810 inveniri
1056 3751 1117 3810 etc.
1150 3752 1186 3808 ut
1222 3743 1341 3831 suprab
1374 3766 1495 3830 usque:
1525 3744 1712 3811 vendicare.
1763 3745 1859 3811 Hinc

201 3857 262 3931 est,
286 3850 371 3936 quod
394 3872 453 3936 pru
476 3849 595 3914 dilecto
618 3850 685 3914 filio
709 3900 743 3918 ..
766 3849 1048 3935 archipresbytero
1071 3849 1178 3936 plebis
1207 3848 1320 3914 Sancti
1335 3849 1516 3931 Vincentii,
1544 3855 1621 3915 nato
1652 3846 1767 3914 dilecti
1796 3850 1860 3915 filii

202 3955 318 4019 nobilis
342 3955 400 4018 viri
423 3953 535 4019 Iacobi
550 3955 675 4019 Veltri⁰
697 3953 738 4019 de
757 3952 996 4035 Valvisueriai,
1020 3975 1129 4018 arcem
1154 3952 1299 4017 eiusdem
1323 3954 1386 4018 loci
1409 3963 1443 4020 et
1467 3961 1570 4018 terras
1587 3953 1679 4030 alias,
1704 3973 1771 4038 que
1794 3974 1861 4039 pro

202 4059 363 4123 communi
383 4057 555 4124 Parmensi
579 4059 612 4122 in
636 4078 749 4122 eorum
773 4058 935 4121 montanis
958 4063 1122 4137 tenentur,
1146 4056 1186 4121 ad
1210 4057 1367 4123 honorem
1382 4057 1446 4124 Dei
1470 4066 1503 4122 et
1526 4056 1666 4122 ecclesie
1689 4077 1756 4121 uon
1780 4058 1858 4122 siue
1911 4088 1925 4126 r

201 4163 328 4248 magnis
363 4163 517 4248 expensis
549 4167 583 4226 ct
615 4162 780 4226 laboribus
817 4160 1074 4242 conservantis³,
1107 4160 1318 4243 mandamus,
1354 4162 1506 4246 quatinus
1537 4162 1644 4248 ipsum
1679 4160 1712 4224 in
1743 4161 1863 4247 aliqua

202 4265 412 4330 ecclesiarum
448 4265 685 4330 cathedralium
713 4264 927 4346 Lombardie,
962 4263 1149 4345 Parmensi,
1183 4263 1355 4346 Iauuensi,
1389 4264 1569 4351 Regiuensi
1600 4271 1634 4329 et
1659 4263 1863 4330 Placentina

201 4371 356 4455 exceptis,
381 4370 578 4435 auctoritate
601 4376 714 4434 nostra
736 4369 838 4456 recipi
862 4369 987 4433 faciens
1011 4368 1044 4432 iu
1070 4369 1263 4434 canonicum
1286 4369 1375 4433 etin
1397 4368 1552 4449 fratrem,
1581 4365 1803 4453 prebendam,
1830 4368 1862 4432 si

203 4474 323 4558 quain
346 4473 487 4538 eeclesia
509 4475 579 4560 ipsa
594 4481 690 4540 vacat
712 4474 753 4538 ad
775 4474 993 4560 presens,ch
1011 4493 1107 4557 quam
1130 4473 1271 4559 primum
1294 4472 1334 4536 ad
1358 4472 1390 4536 id
1414 4472 1570 4537 obtulerit
1592 4493 1628 4535 se
1644 4470 1798 4551 facultas,
1825 4473 1859 4537 ei

202 4576 382 4642 liberaliter
415 4578 564 4643 conferre
591 4598 747 4662 procures
771 4615 812 4625 —
835 4598 900 4641 uon
923 4575 1097 4642 obstanted
1126 4577 1153 4640 si
1183 4598 1242 4663 pro
1273 4576 1345 4640 aliis
1372 4575 1494 4641 ibidem
1517 4575 1697 4640 direximus
1728 4576 1859 4661 scripta
1912 4603 1925 4642 s

202 4685 325 4760 nostra,
348 4678 465 4765 quibus
488 4686 550 4745 etc.
573 4701 693 4766 usque:
718 4680 884 4764 generari,
908 4700 967 4745 seu
998 4680 1025 4743 si
1048 4678 1089 4744 de
1113 4679 1267 4744 mandato
1291 4679 1402 4744 dilecti
1425 4679 1484 4744 filii
1507 4678 1547 4744 G.
1570 4677 1612 4745 de
1634 4678 1859 4765 Moutelongo

202 4781 394 4846 subdiaconi
418 4789 449 4847 et
473 4779 592 4848 notarii
614 4783 727 4864 nostri,
751 4783 930 4869 apostolice
954 4783 1042 4847 sedis
1065 4782 1184 4868 legati,
1213 4789 1270 4847 aut
1296 4805 1357 4868 per
1384 4783 1562 4869 capitulum
1583 4783 1686 4869 ipsius
1709 4783 1861 4849 ecclesie

202 4885 396 4950 auctoritate
418 4887 550 4973 propria
573 4887 607 4951 in
630 4885 746 4952 eadem
769 4887 870 4973 aliqui
894 4892 969 4952 sunt
991 4889 1132 4973 recepti,
1164 4888 1282 4973 quibus
1311 4909 1386 4954 cum
1415 4886 1552 4974 preferri
1574 4887 1744 4969 volumus,
1768 4889 1860 4953 sieut

202 4988 242 5053 de
276 4991 345 5054 iure
379 4989 477 5054 fuerit
507 4990 737 5076 preferendus,
769 4997 803 5056 et
831 4997 952 5057 statuto
980 4991 1021 5058 de
1051 4999 1140 5058 carto
1163 4993 1393 5058 canonicorum
1425 5010 1560 5055 numero
1589 4991 1774 5057 iuramento
1799 4994 1857 5059 rel

304 5252 328 5318 ⁸)
346 5253 471 5305 Anchsim
489 5253 521 5305 B.
617 5251 642 5319 1’)
662 5255 779 5322 epismta
796 5271 861 5319 prae
879 5254 915 5305 sic
932 5254 1029 5320 incipit,
1045 5272 1098 5306 non
1115 5254 1254 5316 anucedia
1270 5255 1304 5321 cf.
1322 5272 1349 5305 n.
1368 5256 1423 5306 139.
1516 5253 1539 5317 ο)
1556 5253 1628 5304 Vatri
1646 5250 1681 5302 B.
1768 5248 1795 5316 θ)
1814 5270 1854 5304 an
1907 5269 1925 5309 a

201 5357 252 5391 non
270 5340 336 5391 obst.
355 5359 388 5383 =
407 5340 656 5394 nonobstantibus?

305 5477 330 5539 1)
348 5474 475 5544 dictiaco,
495 5475 657 5546 litamen,
676 5476 810 5547 mam
827 5482 870 5532 est.
904 5475 947 5531 Da
964 5475 1050 5530 wdem
1067 5480 1090 5529 et
1108 5476 1146 5531 Ε.
1163 5480 1229 5530 nato
1245 5474 1302 5529 circs
1318 5475 1352 5542 es.
1368 5492 1397 5530 n.
1417 5483 1472 5531 616.
1584 5474 1612 5540 2)
1631 5472 1679 5528 ms
1693 5490 1733 5529 or.
1754 5473 1855 5531 Pena·

205 5558 333 5626 ermuli,
351 5560 382 5612 in
398 5563 530 5616 nantibus
547 5565 696 5633 Apernsini.
799 5565 827 5631 3)
846 5562 929 5617 Initio
950 5562 1045 5616 mareis
1063 5561 1162 5615 Martii
1178 5562 1322 5631 imperator
1342 5567 1431 5616 cesara
1449 5561 1618 5616 Matcranac
1639 5566 1664 5616 et
1685 5560 1787 5617 aava
1802 5560 1856 5635 [a

200 5651 263 5713 sept.
281 5648 467 5714 anffimiamm
486 5649 583 5704 Pontis
603 5650 732 5720 aaut]
749 5655 866 5720 camah·
885 5647 1115 5716 Rama-Ficta,
1134 5648 1152 5702 t.
1170 5664 1192 5702 c.
1210 5648 1355 5704 &tlh-d.
