4328 6232
708 373 908 430 ncrsronne
927 375 1118 432 SELECTAE.
1157 378 1230 431 1249.
1736 385 1798 448 489

145 549 349 635 apostolicam
373 550 540 636 pertinere
563 549 740 636 specialius
762 547 987 624 dinoscuntur;
1019 558 1154 636 propter
1182 552 1269 636 quod
1300 554 1415 617 merito
1441 555 1649 639 propensiori
1675 555 1715 618 ad
1739 576 1797 619 eos

144 652 310 738 diligentia
331 654 524 739 respicimus
547 675 586 719 ac
610 652 652 718 ed
674 653 796 717 bonum
818 653 963 739 ipsorum
987 660 1108 719 statum
1133 676 1211 719 eura
1239 655 1438 721 intendimus
1469 658 1605 742 potiori,
1638 664 1675 721 ut
1704 665 1737 722 ct
1765 658 1797 722 in

146 776 178 821 se
200 755 300 842 ipsis·
319 756 516 823 modestiam
540 764 574 822 et
597 758 682 821 inter
705 779 741 822 se
765 757 981 821 communiter
1002 779 1117 843 pacem
1142 765 1284 824 servent.
1323 759 1409 834 Quia
1433 782 1510 825 vero
1533 767 1612 826 tunc
1629 761 1797 848 potissime

145 856 273 924 utilitati
295 860 476 925 consulitur
498 860 654 946 regionis,
684 880 757 924 oum
780 859 821 924 de
845 861 1065 945 gubernatore
1089 862 1152 925 sibi
1175 861 1311 947 provido
1335 862 1533 948 providetur,
1565 865 1664 929 talem
1689 864 1796 929 eidenr

144 962 284 1029 marchio
306 963 466 1050 preficere
488 962 686 1029 intendimus
709 963 743 1027 in
766 971 937 1043 rectorem,
967 965 1060 1028 euius
1085 966 1272 1031 maturitate
1297 966 1457 1051 dirigatur
1481 968 1664 1047 salubriter,
1689 964 1798 1031 studio

145 1063 242 1151 degat
263 1086 430 1153 prospere,
453 1067 610 1150 cuiusque
634 1066 676 1129 ab
699 1065 845 1131 adversis
869 1067 1019 1152 potentia
1042 1069 1217 1133 muniatur.
1255 1068 1307 1134 De
1331 1071 1538 1155 providentia
1561 1072 1662 1156 igitur
1685 1070 1797 1135 dilecti

144 1168 199 1233 filii
220 1170 322 1234 nostri
337 1166 375 1236 P.
391 1168 504 1234 Sancti
520 1169 654 1255 Georgii
677 1170 719 1234 ad
733 1169 853 1235 Velum
870 1171 1015 1235 Aureum
1041 1171 1169 1236 diaconi
1195 1172 1392 1237 cardinalis¹
1408 1175 1589 1259 pleniorem
1604 1175 1638 1239 in
1654 1173 1797 1237 Domino

145 1271 300 1339 hebentes
322 1272 484 1353 fiduciam,
507 1275 614 1360 ipsum
638 1275 787 1360 regimini
811 1275 882 1339 eius
906 1269 1113 1361 prefecimus,
1139 1277 1312 1340 rectoriam
1336 1277 1440 1362 ipsius
1465 1277 1528 1342 sibi
1544 1279 1690 1363 plenarie
1708 1297 1797 1342 eorn-

144 1374 316 1441 mittentes.
361 1375 505 1462 Ideoque
528 1378 733 1442 universitati
756 1384 864 1443 vestre
888 1378 948 1442 sub
972 1377 1082 1443 debito
1106 1378 1274 1444 fidelitatis
1299 1380 1443 1445 districte
1467 1381 1682 1467 precipiendo
1706 1400 1797 1444 man-

146 1480 269 1562 damus,
291 1481 445 1566 quatinus
468 1479 575 1547 eidem
599 1481 766 1561 cardinali,
798 1484 883 1546 siout
904 1484 964 1548 tali
988 1505 1026 1547 ao
1050 1490 1140 1548 tauto
1164 1482 1312 1548 membro
1336 1483 1475 1549 ecclesie
1500 1485 1662 1562 convenit,
1694 1485 1798 1548 omni-

145 1584 270 1649 modam
292 1584 572 1650 honorificentiam
596 1584 807 1663 exhibentes,
841 1586 905 1649 sibi
934 1594 1091 1672 tanquam
1120 1588 1239 1652 rectori
1263 1594 1372 1652 vestro
1396 1589 1429 1651 in
1453 1586 1605 1651 omnibns
1630 1586 1799 1652 intendere

145 1709 179 1753 ac
206 1686 248 1754 dc
276 1688 440 1753 universis
468 1686 593 1752 iuribus
622 1695 655 1752 et
685 1687 757 1751 aliis
785 1688 827 1752 ad
858 1690 1030 1754 rectoriam
1062 1690 1168 1775 ipsam
1199 1690 1426 1776 spectantibus
1449 1690 1577 1775 integre
1601 1690 1799 1776 respondere

146 1791 274 1857 curetis.
317 1790 473 1877 Alioquin
496 1793 693 1857 sententiam
718 1794 787 1858 sive
810 1815 941 1879 penam,
965 1815 1061 1880 quam
1085 1795 1302 1880 spiritualiter
1323 1796 1376 1859 vel
1400 1797 1627 1880 temporaliter
1649 1803 1712 1859 etc.

251 1912 330 1978 Dat.
352 1920 390 1977 nt
411 1934 520 2000 supra.

42 2060 81 2097 rs
248 2034 290 2100 In
313 2033 454 2101 eundem
476 2035 605 2100 modurn
630 2034 792 2101 nobilibus
817 2036 895 2099 viris
919 2037 1080 2100 universis
1104 2037 1283 2102 baronibus
1307 2046 1341 2102 et
1363 2038 1437 2102 aliis
1453 2037 1629 2118 nobilibus,
1652 2059 1714 2102 nec
1731 2059 1797 2102 non

141 2138 369 2225 potestatibus,
392 2136 585 2217 rectoribus,
609 2138 797 2203 consulibus
820 2145 882 2204 etc.
905 2146 942 2202 ut
965 2160 1065 2226 supra
1088 2160 1206 2225 usque:
1238 2140 1390 2206 fidelibus
1415 2141 1537 2205 nostris
1561 2162 1620 2226 per
1644 2141 1798 2205 ducatum

142 2240 358 2329 spoletanum
379 2242 576 2308 constitutis.

942 2499 1001 2565 IV.

248 2601 467 2695 Innocentius
485 2630 540 2695 IV
555 2652 645 2715 papus
666 2630 796 2716 P[etro]
818 2631 978 2696 cardinali
1007 2610 1172 2695 rector-iens
1200 2630 1357 2696 irrorebinc
1380 2632 1602 2697 Ariconitarurc
1630 2629 1800 2694 cornrnr'ttit.

1471 2736 1564 2809 1249,
1588 2734 1669 2815 Apr.
1687 2738 1715 2795 7.

10 2821 51 2861 ²⁰
248 2820 313 2875 Iure.
325 2819 373 2873 IV
389 2818 453 2889 ch.
471 2818 532 2873 Lib.
547 2818 595 2886 VI,
613 2820 634 2884 f.
650 2827 684 2886 71,
703 2836 761 2873 cur.
778 2836 806 2873 u.
819 2827 861 2872 32.

247 2906 377 2973 Puuet,
396 2905 460 2975 Rae.
474 2912 569 2973 132745
587 2908 686 2976 Berper
703 2913 778 2961 rone.

273 3106 316 3179 P.
344 3106 496 3179 Sancti
523 3104 703 3197 Georgii
730 3103 784 3177 ad
808 3103 959 3175 Velum
986 3104 1184 3176 Aureum
1212 3103 1402 3176 diacono
1432 3103 1665 3190 cardinali,

639 3223 917 3318 apostolice
946 3222 1080 3296 sedis
1108 3222 1302 3315 legete².

253 3375 347 3441 Licet
369 3374 409 3441 de
440 3376 600 3441 universis
631 3375 769 3440 ecclesie
792 3372 942 3436 Romane
972 3372 1125 3436 fidelibus
1155 3372 1300 3456 cogitare
1333 3373 1472 3437 sollicite
1504 3383 1684 3439 teneamur.
1717 3374 1803 3436 circa

10 3480 29 3517 ⁵
141 3481 218 3546 illos
241 3488 352 3546 tamen
375 3480 415 3545 de
437 3479 644 3546 Anconitana
667 3478 813 3544 marchia
836 3500 875 3541 oo
899 3477 1058 3541 attentius
1082 3476 1220 3562 vigilare
1245 3498 1303 3540 nos
1328 3477 1497 3555 convenit,
1530 3497 1593 3562 quo
1623 3476 1664 3539 ed
1688 3475 1801 3540 sedem

146 3582 387 3673 [apostolicam]
409 3583 593 3671 pertinereb
617 3591 678 3648 etc.
702 3589 739 3647 ut
768 3603 867 3667 supra
897 3582 929 3644 in
958 3581 1029 3654 illa,
1061 3602 1125 3665 que
1154 3580 1294 3643 mittitur
1317 3579 1545 3649 Marelrianis0.
1573 3579 1684 3644 verbis
1713 3600 1801 3644 com·

145 3696 299 3774 patenter
320 3689 465 3753 mutatis.

253 3808 293 3874 In
316 3809 457 3875 eundem
480 3809 612 3876 modum
635 3807 741 3873 eidenr
764 3829 822 3893 pro
847 3807 912 3871 illis
936 3805 977 3869 de
1002 3805 1124 3869 ducatu
1148 3806 1339 3891 Spoletauo.

259 3988 618 3995 -—--——..—--..·--
642 3986 657 3993 ι-
1219 3984 1256 3989 .-

251 4105 277 4169 ⁸)
295 4107 364 4173 ipsos
380 4123 447 4158 corr.
467 4108 537 4173 ipsis.
642 4103 666 4166 b)
683 4123 711 4156 se
727 4104 731 4168 Ι
747 4105 873 4171 pertinere
893 4104 937 4164 It.,·
955 4104 1023 4155 ekes!
1040 4104 1215 4170 apostilicam.
1322 4106 1343 4164 ι·)
1363 4120 1387 4152 n.
1401 4101 1437 4151 ll
1440 4101 1455 4151 I
1458 4119 1466 4157 ‚¹
1486 4104 1519 4167 of.
1538 4101 1615 4152 etiem
1632 4101 1678 4151 rub
1697 4119 1724 4150 n.
1743 4099 1770 4149 V.

10 4240 47 4311 Ὗ
150 4256 286 4313 Credimus
302 4257 373 4312 tore
389 4274 428 4326 ep.
443 4258 539 4326 pnnno,
556 4258 611 4312 scil.
624 4258 674 4311 sub
686 4258 754 4325 Apr.
767 4266 786 4324 7,
807 4275 862 4310 non
879 4257 984 4324 scrinis
1001 4256 1085 4310 vcerinis
1097 4258 1226 4309 Ueterum
1239 4284 1271 4292 —
1285 4254 1495 4315 committenda,
1514 4254 1550 4307 ud
1563 4254 1663 4307 Siculos
1680 4252 1805 4306 (liranum

148 4360 213 4411 ona·
234 4360 301 4398 noni
324 4346 352 4413 a)
371 4360 410 4413 cp.
427 4344 462 4398 iis
478 4343 509 4397 dc
524 4343 574 4398 iure
590 4360 619 4397 re
635 4344 737 4412 scripte
753 4344 784 4396 in
803 4344 867 4411 Ray.
885 4343 964 4409 deest,
990 4343 1019 4409 b)
1037 4359 1076 4410 ep.
1094 4360 1152 4395 riou
1168 4343 1266 4409 irnajre
1284 4343 1437 4410 rapturum,
1459 4358 1509 4410 per
1530 4357 1612 4407 qrurrn
1631 4356 1708 4407 parea
1725 4339 1806 4393 Petro

149 4432 300 4501 depectionem
317 4430 348 4484 in
363 4446 443 4500 regno
459 4430 574 4485 cordidit
591 4430 633 4498 [n.
646 4430 684 4484 II
677 4431 704 4500 J,
721 4431 850 4483 nutrirem
867 4430 904 4482 uri
921 4448 959 4497 ep.
972 4429 1070 4482 Siculis
1088 4429 1248 4482 riestirratorn
1264 4427 1378 4495 rreqrieit,
1398 4432 1423 4495 o)
1444 4428 1520 4480 rerba
1538 4426 1666 4481 Ceterum
1686 4456 1718 4465 -·
1732 4443 1805 4480 conr·

151 4517 301 4583 mittenda,
322 4524 354 4572 ut
375 4534 409 4573 ea
429 4535 458 4573 u.
473 4518 529 4571 111
540 4517 724 4585 cennmirnns,
750 4517 816 4584 Ayn.
832 4525 847 4569 7
862 4516 961 4584 scriptu
978 4532 1031 4568 cisse
1047 4531 1104 4568 uon
1121 4518 1245 4581 quesierit,
1272 4513 1340 4580 cretio
1358 4514 1454 4567 Patrne
1471 4515 1572 4582 lapistus
1591 4513 1621 4564 in
1640 4512 1766 4565 Marcius
1783 4518 1806 4565 et

153 4604 264 4660 Danau
280 4604 402 4659 nondrrm
418 4610 488 4672 erct,·
506 4605 540 4670 cf.
559 4604 639 4657 etiarn
655 4621 684 4657 u.
698 4603 763 4670 XV,
784 4603 814 4655 in
831 4621 886 4670 qun
904 4620 942 4671 ep.
963 4602 1094 4670 ›rapetinm
1113 4601 1185 4668 rapui
1196 4600 1304 4654 Sicilire
1320 4601 1440 4653 canuto
1457 4618 1515 4654 riou
1532 4603 1758 4653 cornnrernorotar.
1773 4628 1805 4636 -

10 4676 57 4721 ²⁵
154 4690 225 4762 Ergo
242 4690 386 4761 mindens,
404 4691 473 4745 sicin
491 4706 549 4745 usin
565 4706 651 4758 supra
664 4689 845 4758 prruelruirnus,
860 4695 921 4756 pon
939 4707 966 4741 n.
982 4688 1049 4755 XV,
1068 4689 1086 4740 i.
1100 4705 1121 4741 e.
1137 4692 1198 4755 pest
1211 4688 1278 4755 Apr.
1294 4695 1393 4754 15-17,
1411 4686 1503 4739 (iritum
1515 4702 1621 4754 carisque
1633 4690 1691 4738 turn
1702 4684 1807 4753 qrrirlern

150 4783 257 4848 propter
275 4777 417 4847 ‘ncpolirrm
434 4777 515 4847 rcpni'
532 4781 657 4830 secretum
673 4776 755 4842 tunsa
771 4781 906 4842 pertonsus.
994 4776 1021 4838 ⁸2)
1040 4775 1084 4828 Dc
1101 4779 1169 4827 noto
1185 4774 1301 4827 cirrorrol.
1320 4774 1353 4837 cf.
1373 4777 1427 4826 nol.
1441 4783 1462 4825 1.

255 4882 282 4949 l)
299 4880 381 4950 Papo
398 4898 484 4949 neque
497 4882 609 4935 Patruus
627 4882 741 4948 luridensi
758 4880 885 4947 reppellat,
902 4896 987 4947 neque
1004 4879 1036 4933 dc
1054 4879 1185 4946 epulone
1203 4879 1262 4931 eins
1277 4877 1419 4944 quicqrunn
1436 4881 1625 4941 wnuucrnorul,
1644 4893 1705 4929 crini
1722 4876 1754 4927 in
1766 4892 1806 4943 ep.

153 4984 175 5021 n
189 4966 262 5035 XX,
281 4966 396 5035 XXIV,
415 4966 532 5036 XXIX,
553 4966 648 5020 XXX
664 4966 860 5020 isobilotoribus
878 4965 1022 5020 Maniliae
1040 4971 1063 5019 et
1081 4964 1209 5018 Ducutns
1226 4964 1352 5029 scribens,
1372 4981 1432 5016 erem
1449 4963 1566 5031 briullon
1584 4979 1665 5015 ertum
1682 4962 1808 5029 appellet,

152 5053 225 5110 unde
241 5054 429 5109 corceludintue
447 5055 567 5121 Petrrnn,
591 5071 652 5106 crim
670 5052 736 5106 liure
754 5069 793 5119 ep.
812 5059 981 5118 curreretur,
999 5054 1113 5120 depictum
1134 5050 1275 5104 illorelsiee
1293 5056 1318 5103 rt
1335 5050 1460 5103 ureae
1477 5047 1599 5101 inondum
1615 5047 1707 5113 senne.
1745 5048 1808 5115 Qrcn

20 5130 69 5175 ¹⁰
150 5139 181 5196 dc
201 5158 291 5197 wana
315 5141 349 5195 dc
373 5142 502 5210 Quiesce
528 5141 585 5193 ains
607 5141 638 5192 iu
662 5155 744 5206 repno
767 5140 895 5205 tocrrerit,
922 5139 1012 5191 ridens
1030 5155 1057 5205 p.
1075 5144 1140 5205 488,
1165 5143 1218 5190 not.
1236 5147 1257 5190 1.
1281 5167 1313 5175 -
1340 5136 1492 5203 Epistulam
1517 5134 1806 5203 c.A1n.7eoriptnrn

142 5235 292 5293 paterium
307 5246 373 5281 rrum
390 5229 415 5281 ni
428 5245 505 5296 popio
517 5228 627 5281 Petrum
643 5231 752 5294 praeter
769 5226 925 5294 depretionem
943 5225 975 5277 in
992 5242 1074 5293 regno
1091 5225 1170 5277 ricello
1184 5229 1316 5291 protestata
1336 5224 1366 5275 in
1379 5222 1466 5275 ltalia
1482 5221 1571 5274 nudie
1590 5225 1720 5287 eunoun,
1737 5220 1809 5272 idern

145 5314 221 5370 saw
245 5314 348 5381 fferre
371 5315 510 5384 potuim
547 5315 665 5381 Propter
689 5312 761 5379 priori
785 5313 939 5380 &partionem
970 5313 1043 5365 illrrrn
1068 5317 1092 5363 rt
1118 5311 1261 5363 neoterium
1283 5311 1355 5362 iuuu‘
1380 5308 1460 5361 siurrrl
1483 5308 1508 5361 ei
1533 5308 1646 5359 collatini
1670 5305 1808 5359 eredimus.

141 5400 207 5457 &b
218 5403 288 5469 apr.
300 5405 348 5454 fet
359 5410 383 5468 9,
399 5418 427 5454 u.
440 5400 499 5455 Vll
505 5404 529 5453 et
542 5399 579 5467 X,
593 5416 672 5467 pepe
684 5399 722 5450 mi
732 5399 803 5451 lurrrc
814 5399 958 5452 rectoriam
970 5416 998 5451 se
1009 5399 1108 5462 referre
1122 5396 1232 5449 ridetur.
1302 5400 1329 5461 2’)
1351 5394 1434 5448 t'erbe
1446 5394 1617 5461 ‘apostolieae
1629 5392 1703 5446 sedis
1715 5390 1809 5459 lepmo'

141 5490 242 5543 mim&
264 5492 336 5541 reete
357 5487 498 5557 odacripte
519 5487 654 5554 ridentur,
678 5503 738 5538 essm
758 5486 869 5539 Petrum
892 5487 1008 5555 depictum
1032 5502 1087 5537 csse
1108 5483 1268 5537 Marciiieni
1292 5483 1360 5536 neira
1382 5498 1438 5534 uon
1459 5480 1576 5533 deterere
1595 5484 1620 5533 et
1640 5480 1672 5531 in
1692 5495 1732 5547 ep.
1749 5477 1810 5547 ipsc

14 5553 57 5593 ⁴⁵
140 5570 252 5647 legatio
268 5573 328 5628 eius
342 5590 402 5628 nen
417 5578 645 5639 concurrentum
668 5574 700 5640 cll
720 5590 747 5626 n.
765 5572 821 5626 ΠΙ.
852 5574 947 5626 b'crrlre
963 5573 1047 5639 facile
1065 5587 1158 5626 errrrrc
1171 5571 1273 5639 potnit,
1290 5571 1355 5638 qnia
1373 5570 1405 5622 in-
1422 5569 1486 5621 uliir
1503 5585 1553 5636 ep,
1570 5571 1601 5618 ut
1618 5566 1651 5618 in
1666 5582 1695 5620 n.
1709 5565 1749 5633 Π,
1766 5564 1811 5619 bic

140 5662 249 5717 tilerias
265 5665 337 5715 reete
353 5660 457 5729 apponi
474 5660 601 5717 debncrd.

255 5754 322 5809 ltro.
337 5754 418 5811 Pone.
432 5754 468 5811 11.
1570 5748 1605 5805 62
