4328 6232
127 359 153 413 X
852 359 1069 416 PRAEFATIO.

127 565 215 634 quae
234 542 391 631 aderam,
418 543 464 612 ad
484 544 750 630 rapistraturam
772 541 901 611 allatos
924 563 995 612 esse
1012 542 1085 610 iam
1104 561 1145 611 ea
1166 542 1207 612 de
1227 562 1333 612 causa
1352 541 1544 633 opinamur,
1572 544 1655 635 qnia
1681 566 1785 636 quas·

127 665 209 734 dam
236 664 398 754 epistolas
425 687 467 735 en
494 662 635 734 minutis
661 663 700 733 in
727 663 876 753 Repesta
902 663 1133 752 transcriptas
1159 643 1231 733 esse
1257 665 1361 734 etiam
1387 662 1469 734 abiis
1500 664 1685 736 decausis
1712 689 1786 737 cer-

127 790 200 854 tum
225 785 370 855 reddere
390 807 585 875 possumus.
618 761 834 855 'Praeterea
865 785 904 854 in
939 783 1019 854 Inn.
1037 782 1102 854 IV
1116 781 1194 854 Ina.
1213 783 1309 854 ΙΙ-
1318 782 1372 854 VJ
1397 785 1556 877 inprimis
1591 789 1682 857 inter
1715 791 1785 878 cpi·

127 907 232 978 statas
258 907 373 977 rettimi
398 906 525 977 mensis
562 905 646 975 anni
667 905 907 995 pontificatus,
934 906 957 974 i.
986 926 1012 975 e.
1039 926 1082 974 m.
1109 901 1222 991 Iunii,
1257 905 1346 976 atiae
1382 890 1535 977 insertae
1566 913 1646 978 sunt
1678 907 1785 978 mutto

127 1033 205 1098 ante
230 1026 389 1117 scriptae.
451 1025 520 1098 Sed
546 1048 661 1116 causa,
697 1047 760 1097 cur
785 1024 846 1096 sub
872 1022 1073 1095 Innocentio
1091 1022 1155 1094 IV
1176 1045 1287 1096 mense
1312 1021 1418 1096 Innio
1445 1025 1557 1116 ptura
1589 1027 1786 1100 autbentiea

127 1170 235 1238 usque
261 1170 297 1218 eo
323 1170 393 1216 nort
421 1149 547 1218 emissa
573 1147 729 1237 cupedita
756 1145 887 1233 fuerim
913 1167 1017 1236 quam
1044 1143 1125 1215 otiis
1143 1145 1323 1233 mensione,
1347 1144 1448 1216 nubta
1465 1153 1621 1238 apparet.
1675 1147 1785 1220 Immo

127 1291 183 1339 res
209 1291 249 1339 ea
276 1275 368 1339 erat:
397 1290 474 1339 cum
500 1268 586 1340 tiber
604 1267 826 1357 Repestaram
839 1288 951 1358 paene
970 1288 1076 1356 mque
1104 1266 1152 1336 ad
1179 1266 1282 1355 finem
1304 1269 1493 1357 perductus
1523 1275 1615 1359 esset,
1643 1291 1784 1360 peracre·

129 1389 239 1477 batur,
269 1413 352 1460 num
380 1389 518 1479 aliquae
543 1389 699 1461 minutae
724 1387 890 1479 aaran
916 1388 967 1458 oei
993 1389 1159 1479 sepositae
1185 1396 1413 1479 superessent,
1451 1413 1538 1480 quae
1573 1393 1611 1462 in
1638 1391 1785 1480 Reaesta

126 1511 237 1601 recipi
264 1511 438 1597 deberent,
466 1515 496 1580 et
521 1531 595 1597 eae,
632 1532 719 1599 qaae
752 1508 1027 1596 inveniebantur,
1063 1531 1139 1580 cum
1172 1511 1455 1599 rapistrarentur,
1487 1510 1556 1582 aiio
1587 1511 1659 1583 ioco
1686 1519 1786 1603 (etam

124 1630 213 1701 inter
239 1631 401 1721 epistolas
426 1631 555 1714 mensis
583 1629 681 1700 Iunii
709 1627 872 1700 cotiocari
906 1650 975 1698 non
1003 1633 1173 1717 poterant.
1236 1630 1286 1717 2)
1312 1627 1359 1700 In
1390 1629 1523 1700 Urbani
1541 1630 1569 1700 I
1572 1630 1604 1701 V
1633 1631 1708 1703 Vol.
1726 1632 1789 1703 IV

128 1754 177 1823 ad
201 1752 327 1824 mattas
354 1752 515 1843 epistolas
542 1751 778 1821 annotationes
801 1747 838 1818 in
865 1749 1023 1838 mereim
1048 1748 1228 1839 appositae
1259 1756 1339 1819 sunt
1347 1748 1368 1838 ¹,
1402 1756 1460 1820 ut:
1493 1750 1567 1823 Ter
1595 1751 1663 1823 fuit
1688 1751 1785 1825 lecta

128 1892 196 1962 per
214 1872 556 1944 vicecancellarium
577 1874 613 1942 et
630 1874 688 1942 ter
706 1873 865 1956 cassata,
884 1867 1016 1940 ultimo
1036 1867 1213 1940 dominus
1232 1867 1416 1942 concessit
1435 1891 1517 1943 eam
1546 1876 1583 1944 et
1608 1872 1785 1962 magister

126 1992 352 2065 Laurentius
378 1993 627 2085 promovebat
654 2011 738 2062 eam
748 2011 756 2076 ;
793 1989 847 2062 ret
874 1988 1051 2061 Correcta
1086 1988 1155 2061 fuit
1189 2008 1258 2079 per
1291 1989 1485 2061 dominum
1511 1995 1700 2077 nostrum
1731 1994 1784 2064 aet

126 2115 180 2187 De
208 2113 363 2187 consilio
392 2112 533 2184 damini
559 2111 730 2184 Iordanis
758 2110 857 2182 card.
885 2109 955 2181 fuit
980 2107 1147 2181 iudicata
1172 2108 1244 2182 ista
1272 2115 1309 2182 et
1331 2115 1465 2201 postea
1483 2110 1658 2183 dominus
1677 2112 1782 2185 audi·

126 2235 289 2308 viteam
319 2240 355 2308 et
382 2234 575 2307 mandavit
605 2255 688 2306 eam
717 2229 893 2322 expediri.
947 2230 993 2300 In
1021 2230 1224 2302 authenticis
1253 2232 1333 2302 baec
1359 2231 1464 2301 uerba
1494 2254 1564 2303 non
1590 2234 1782 2306 eatiterunt.

129 2356 226 2428 Unde
252 2360 452 2447 reaistratar
477 2378 517 2425 ca
544 2353 782 2445 deprompsit?
832 2351 893 2422 En
918 2352 1071 2423 minutis.
1124 2351 1234 2422 Parra
1260 2353 1299 2422 in
1324 2353 1477 2443 epistolis
1503 2354 1577 2443 t.I,
1604 2356 1727 2426 33150
1753 2362 1784 2427 et

125 2477 194 2548 151
221 2500 243 2546 a
269 2477 366 2547 uobis
392 2477 493 2548 editis
520 2477 619 2546 inrita
644 2475 901 2565 inscriptionem
928 2473 1070 2563 tepitur:
1099 2493 1185 2545 cum
1212 2477 1310 2555 seium
1345 2497 1431 2565 persae
1459 2475 1562 2546 uerba
1595 2498 1665 2546 non
1695 2477 1782 2568 repi-

124 2603 257 2668 strator
284 2597 454 2687 apposnit,
482 2596 564 2687 arcia
589 2597 783 2667 anthentica
809 2595 869 2685 fito
896 2595 1004 2666 serico
1031 2599 1157 2665 ornata
1182 2594 1221 2663 in
1238 2595 1398 2665 manibus
1416 2594 1543 2686 babuit,
1566 2598 1625 2667 sed
1650 2597 1783 2669 invenit

125 2741 166 2790 ea
192 2719 232 2788 in
258 2719 412 2805 ruinntis,
440 2715 563 2808 quibus
589 2723 753 2788 annotata
780 2723 890 2806 erant,
915 2722 953 2786 ut
978 2714 1073 2786 butio
1097 2714 1156 2804 fito
1182 2717 1291 2786 serico
1319 2717 1579 2806 appenderem.
1634 2717 1677 2804 3)
1702 2716 1781 2787 Aii-

125 2845 205 2929 quot
222 2837 307 2910 locis
325 2838 486 2929 epistotae
503 2861 571 2909 nan
588 2839 716 2928 intepre
735 2839 836 2908 datae
861 2842 941 2907 sunt
967 2837 1029 2907 sed
1055 2835 1161 2907 lector
1189 2837 1237 2905 ad
1254 2835 1432 2927 epistotam
1457 2836 1560 2907 muita
1579 2843 1657 2907 ante
1675 2840 1780 2929 repis·

124 2963 251 3028 tratum
268 2964 461 3046 revocatur,
479 2963 518 3028 ut
535 2956 616 3028 Iun.
631 2956 658 3027 Ι
662 2955 696 3027 V
705 2955 784 3026 lib.
799 2955 826 3025 I
830 2955 869 3043 V,
888 2957 984 3027 702:
1004 2953 1099 3026 Cum
1117 2959 1243 3028 autem
1262 2960 1418 3046 propter
1435 2956 1508 3029 hoc
1526 2955 1609 3047 ipsa
1627 2955 1781 3030 ecelesia

124 3078 234 3168 quasi
269 3078 316 3150 ad
358 3077 536 3150 nichilum
572 3077 669 3149 sicut
704 3075 916 3167 accepimus
951 3075 1000 3148 sit
1037 3075 1188 3149 redacta
1215 3080 1284 3149 etc.
1321 3081 1364 3149 ut
1400 3096 1516 3167 supra
1551 3077 1589 3148 in
1617 3076 1781 3149 DCLXX

123 3197 265 3286 littera,
303 3220 377 3290 que
405 3198 578 3271 scribitur
605 3197 780 3289 episcopo
809 3196 1047 3269 Anconitano
1070 3217 1209 3287 usque:
1243 3202 1444 3270 teneantur
1469 3197 1602 3271 eidem.
1655 3198 1780 3271 Altero

123 3321 265 3414 epistota
290 3321 317 3409 s.
341 3322 435 3407 391⁴,
470 3320 581 3391 attera
612 3319 753 3409 fl388‘
786 3319 918 3410 scripta
956 3313 1031 3389 est².
1095 3317 1190 3389 Num
1225 3321 1426 3411 repistrator
1457 3321 1570 3410 scirit,
1609 3344 1674 3412 quo
1709 3320 1780 3393 ioco

124 3443 241 3514 eadem
266 3441 367 3513 acrba
395 3439 541 3532 leperit?
592 3439 643 3510 Et
676 3440 708 3511 si
739 3441 831 3531 forte
865 3439 1035 3527 meminit,
1065 3462 1123 3530 ea,
1149 3441 1182 3511 si
1208 3440 1438 3512 authenticum
1462 3442 1677 3531 repistrarit,
1704 3464 1781 3512 cunr

125 3563 231 3635 attero
259 3562 328 3634 laco
353 3561 510 3650 conferre
536 3560 681 3649 eiciebat,
709 3567 893 3650 numquam
916 3582 957 3632 ea
977 3560 1040 3632 isto
1061 3563 1162 3632 moda
1185 3562 1360 3632 inertum
1381 3563 1564 3650 contraiit,
1588 3568 1619 3632 et
1637 3568 1779 3653 tempus,

125 3685 180 3756 cui
200 3705 348 3774 parcere
372 3681 515 3769 uolebat,
537 3683 757 3772 perdidisset.
809 3678 1005 3773 Propterea
1022 3683 1060 3752 in
1079 3681 1242 3772 erempto,
1262 3683 1354 3773 arrad
1374 3684 1607 3774 transcripsit,
1634 3683 1781 3754 aiteram

124 3803 301 3895 epistotam
322 3804 463 3875 citatam
488 3804 561 3872 iam
579 3802 689 3890 fuisse
709 3801 898 3887 credimus,·
925 3803 1015 3892 quad
1032 3803 1197 3873 nimiunn
1215 3805 1254 3873 in
1271 3806 1405 3875 minuta
1423 3801 1519 3893 suit³.
1571 3803 1615 3889 4)
1643 3803 1691 3873 In
1712 3803 1779 3873 ati·

125 3930 207 4015 qnot
232 3923 384 4014 epistolis
411 3924 606 4013 repistratis
631 3924 759 3995 urendo
783 3929 975 4011 occurrunt,
1004 3946 1090 4014 quae
1117 3924 1337 4014 repistrator,
1367 3925 1399 3995 si
1425 3925 1578 3995 minutas
1604 3946 1672 3994 non
1699 3923 1780 3994 bene

122 4051 153 4115 et
178 4050 335 4116 accurate
357 4050 508 4134 paratas
534 4044 765 4133 transcripsit,
790 4043 917 4114 minari
949 4043 1126 4134 ditipentia
1150 4067 1236 4116 risus
1262 4045 1368 4135 facite
1394 4045 1576 4132 conmisit,
1604 4046 1665 4116 sed
1692 4066 1780 4135 quae

121 4167 161 4237 in
196 4166 411 4253 authenticis,
446 4187 488 4235 ne
520 4165 745 4236 redderentur
771 4171 944 4256 suspecta,
981 4165 1108 4237 evitata
1128 4171 1303 4256 putamm.
1356 4164 1396 4238 Si
1421 4164 1522 4254 infra
1552 4165 1592 4235 in
1627 4164 1780 4255 epistolis

121 4311 156 4360 n.
183 4288 244 4375 58,
271 4288 356 4374 345,
383 4287 466 4373 681,
493 4283 613 4373 ΧΧΧ,
640 4286 714 4356 683
740 4287 909 4375 quaedam
933 4285 1107 4377 formulae
1125 4286 1196 4358 teca
1214 4309 1284 4359 non
1310 4309 1370 4358 sno
1397 4288 1437 4357 in
1461 4288 1531 4376 fine
1556 4285 1779 4378 epistolarum

122 4407 291 4498 lepuntur,
306 4404 519 4477 arbitramur
539 4427 607 4493 eas,
627 4429 703 4477 aun
721 4407 873 4477 minutae
895 4413 1133 4498 exararentur,
1155 4408 1301 4478 omissas
1319 4413 1483 4498 etpostea
1508 4409 1545 4477 in
1572 4408 1640 4496 fine
1668 4428 1778 4476 anno·

121 4534 211 4600 tatas
239 4550 319 4617 esse,
352 4529 495 4618 ideoque
518 4528 634 4598 minus
667 4533 754 4598 reete
780 4526 963 4599 collocatas
994 4528 1032 4598 in
1064 4527 1212 4618 Repesta
1247 4549 1377 4619 quoqae
1409 4528 1601 4615 transiisse,
1637 4549 1715 4598 cum
1740 4526 1779 4595 in

124 4651 327 4722 authenticis
353 4673 396 4720 ea
420 4670 528 4720 eausa
547 4652 757 4738 praenotata
774 4671 875 4719 suum
894 4648 1006 4720 iocum
1026 4648 1242 4720 obtinuerint.
1295 4648 1380 4720 Atia
1400 4649 1523 4719 mnata
1546 4646 1778 4738 Repestorum,

122 4791 209 4859 qnae
235 4772 274 4840 in
301 4769 505 4839 auttnnticis
531 4768 605 4838 sine
637 4767 739 4839 dubio
765 4767 863 4857 facta
893 4792 963 4840 non
988 4775 1087 4856 sunt,
1124 4768 1223 4858 infra
1254 4769 1538 4855 monstrabimus,
1567 4768 1778 4859 praesertim

120 4888 179 4961 ubi
210 4890 251 4960 de
279 4887 561 4980 inscriptionibus
588 4888 807 4979 epistolarum
832 4888 1017 4980 monemur.
1071 4890 1119 4976 5)
1146 4889 1359 4977 Quibusdam
1384 4888 1467 4960 locis
1486 4887 1590 4959 uerba
1608 4887 1776 4977 traantur,

121 5033 209 5101 puae
233 5008 448 5101 repistrator,
483 5007 514 5080 si
545 5008 619 5080 sota
647 5009 842 5080 authentica
868 5009 1157 5101 transcripsisset,
1191 5009 1228 5081 in
1258 5010 1405 5101 Reperio
1425 5031 1556 5101 ponere
1583 5033 1652 5082 non
1672 5015 1776 5101 potu·

119 5131 210 5219 isset,
237 5132 320 5222 quia
346 5152 387 5202 er
411 5129 510 5201 nubta
531 5129 677 5220 epistota
698 5136 837 5221 sumpta
859 5136 949 5221 sunt,
976 5135 1013 5201 nt
1039 5136 1061 5201 t.
1081 5130 1109 5201 I
1130 5130 1192 5202 sub
1218 5153 1267 5222 ep.
1295 5154 1329 5202 n.
1348 5130 1432 5217 750,
1454 5152 1492 5221 p.
1515 5131 1600 5218 654,
1627 5130 1689 5202 tin.
1711 5133 1777 5199 10.-

224 5398 250 5465 1)
276 5396 318 5464 Gt·
344 5396 381 5453 N·
405 5398 440 5452 A
463 5403 483 5453 t.
503 5396 541 5466 Χ,
562 5403 662 5466 nors.
782 5399 810 5466 2)
834 5398 901 5452 Atia
924 5399 1043 5467 ampo
1063 5399 1138 5464 3333
1155 5418 1185 5471 p.
1203 5408 1245 5467 n,
1268 5404 1323 5454 aa.
1341 5408 1364 5467 1,
1387 5406 1430 5466 a,
1453 5397 1502 5451 33.
1522 5402 1568 5464 rs,
1590 5402 1669 5462 3333,
1692 5399 1776 5460 seia,

118 5481 203 5552 med
222 5483 299 5551 4333,
317 5489 373 5551 om,
397 5484 443 5540 nn.
463 5491 494 5540 is
512 5489 537 5538 a
553 5489 601 5548 33,
618 5483 715 5553 Bucar
732 5489 788 5549 us,
807 5489 868 5552 334,
887 5491 943 5552 343,
961 5489 1312 5554 &miserescamus
1330 5491 1405 5553 4433,
1421 5489 1494 5551 eois,
1512 5490 1583 5550 4333,
1601 5487 1677 5549 4341,
1695 5486 1777 5546 eoam

118 5566 249 5708 33.ἑώίὲ
265 5567 343 5634 intra
359 5585 388 5624 n.
409 5574 469 5638 294,
487 5576 546 5638 296,
564 5575 623 5638 318,
641 5575 697 5639 313,
718 5567 825 5638 74371,
847 5569 913 5641 VIL
933 5569 1004 5639 XIL
1026 5569 1117 5627 XIII.
1236 5572 1264 5640 ³)
1285 5569 1327 5639 Of.
1344 5571 1424 5638 infra
1446 5569 1479 5625 de
1502 5570 1591 5637 forma
1609 5567 1777 5622 mmmmm

116 5669 145 5722 p.
244 5695 249 5708 .
