4784 6334
854 353 1262 450 caenomanensium.
1299 389 1374 450 aie.

978 745 980 750 ,
1070 696 1158 771 625.

391 809 611 905 Ismenias
632 834 690 901 JV
708 856 798 920 papa
825 835 1035 924 [annaio]
1056 837 1237 920 mamona
1263 839 1293 901 e
1322 836 1460 918 marae
1489 835 1746 902 caminensem
1778 837 1943 918 enema

286 942 525 1019 absolutionem,
551 961 615 1022 qna
636 937 858 1024 R[aynerins]
879 938 1016 1005 senene
1037 939 1169 1004 Mariae
1190 941 1227 1004 in
1252 939 1411 1006 Oosmidin
1433 941 1585 1006 diaconas
1607 940 1796 1017 cardinalis,
1821 942 1942 1020 aposto

287 1047 366 1112 lioae
392 1045 475 1110 seclis
505 1044 638 1127 lcyatns,
670 1062 721 1108 eos
751 1043 791 1106 alr
821 1044 1137 1108 excommunicatione
1165 1042 1358 1122 liberaverit,
1391 1065 1485 1124 qnam
1518 1044 1715 1108 incurrerint
1739 1041 1942 1126 nminem]

287 1149 444 1232 qnondam
467 1145 649 1228 imperatori
667 1141 816 1230 fouendo.
1592 1149 1686 1226 1248,
1708 1145 1785 1213 Dec.
1800 1147 1853 1212 23.

391 1268 456 1323 Ina.
468 1265 517 1321 IV
532 1265 597 1336 Rea.
616 1263 677 1320 mo.
695 1264 948 1332 V1,f.17,n.279.

391 1352 522 1421 Politian,
543 1351 606 1420 ileo.
619 1357 714 1414 13134,·
731 1352 830 1420 Berycr
847 1357 919 1404 4271.

569 1587 609 1606 ..
636 1528 910 1624 preposito¹
940 1534 986 1603 et
1013 1531 1232 1625 capitulo
1259 1531 1664 1606 Ariminensibua

396 1681 494 1762 Cum,
525 1681 609 1747 elcut
635 1681 722 1746 lecta
744 1690 875 1745 coram·
897 1682 994 1746 nobis
1016 1686 1128 1747 vestre
1155 1683 1272 1771 petitio
1303 1683 1510 1764 continebat,
1544 1683 1686 1748 dilectus
1714 1683 1801 1749 filine
1831 1690 1943 1750 noster

288 1787 328 1853 R.
353 1785 474 1852 Sancte
501 1785 606 1850 Maria
637 1786 670 1848 in
699 1783 868 1850 Coemidin
895 1784 1051 1852 diaeonus
1082 1785 1272 1869 cardinalis,
1304 1787 1486 1875 apostolice
1514 1786 1601 1851 sedis
1631 1786 1778 1872 legatus,
1812 1785 1852 1851 ab
1881 1807 1940 1850 ex·

289 1889 590 1954 communicationis
614 1889 788 1969 sententia,
818 1909 915 1973 quum
938 1888 976 1954 1⁴¹.
1000 1888 1164 1974 quondam
1188 1891 1378 1977 imperatori
1400 1890 1541 1956 favendo
1564 1890 1616 1954 vel
1640 1889 1721 1954 aliae
1744 1888 1941 1955 videbamini

287 1991 474 2072 incurrisse,
497 2012 556 2056 voe
581 1991 774 2057 anctoritate
797 2013 818 2056 a
840 1992 936 2057 nobis
959 2013 1059 2080 super
1079 1991 1142 2058 hoc
1165 1995 1365 2078 generaliter
1387 1994 1450 2058 eibi
1474 1991 1653 2059 coneeeea²
1676 1992 1807 2058 duxerit
1828 1993 1938 2058 absol-

286 2094 409 2159 vendae
433 2101 466 2160 et
488 2095 656 2161 vobiscum
687 2116 787 2180 super
813 2095 1111 2180 irregularitatibus
1141 2097 1262 2162 exinde
1290 2097 1467 2164 contractis
1497 2097 1596 2162 etiam
1622 2095 1835 2184 dispensarit:
1867 2115 1939 2176 noe,

286 2198 469 2265 devotionis
493 2206 603 2266 vestre
631 2201 785 2288 precibus
813 2206 1010 2280 annuentes,
1041 2200 1128 2286 quod
1152 2221 1252 2289 snper
1274 2201 1335 2266 hoc
1358 2201 1400 2267 ab
1425 2199 1542 2267 eodem
1566 2200 1723 2267 cardinali
1746 2200 1867 2266 iactum
1891 2204 1942 2264 est

288 2309 393 2369 ratum
416 2303 576 2370 habentes
600 2313 634 2370 et
655 2310 795 2391 gratum,
819 2302 901 2368 illud
924 2304 1119 2370 auctoritate
1143 2307 1323 2390 apostoliea
1345 2307 1576 2371 confirmamus
1598 2311 1632 2370 et
1647 2303 1812 2391 presentie
1829 2301 1941 2390 scripti

223 2459 227 2468 .
287 2409 470 2494 patrocinio
494 2410 741 2475 communimus.
786 2407 877 2472 Nulli
901 2428 978 2494 ergo
1002 2414 1064 2473 ete.
1088 2414 1198 2473 nostre
1221 2409 1474 2474 confirmationis
1497 2415 1559 2473 ete.

206 5347 232 5386 ³5

394 2529 471 2595 Dat.
495 2529 659 2617 Lugduni,
683 2530 715 2595 X
737 2528 813 2596 Kal.
837 2529 991 2612 Ianuarii,
1015 2551 1100 2596 anno
1117 2529 1181 2594 VI⁰
1194 2531 1217 2594 ³.

393 2650 501 2717 Datne
526 2658 579 2718 est
601 2653 649 2718 eie
673 2673 772 2740 super
793 2651 856 2717 hoc
880 2657 1090 2717 conservator
1113 2702 1146 2717 ..
1171 2653 1347 2740 epiecopus
1370 2651 1540 2717 Fanensis.

1071 3160 1160 3234 626.

390 3272 610 3366 Innocentius
632 3299 656 3364 I
657 3297 688 3364 V
699 3319 791 3380 papa
811 3297 970 3384 [Adicite]
991 3301 1130 3382 episcopo
1151 3297 1298 3366 Fanensi
1319 3297 1444 3364 obtenta
1465 3297 1597 3380 canituli
1618 3302 1647 3362 et
1671 3296 1844 3364 mmmnnis
1864 3294 1943 3361 Ari·

285 3405 489 3483 minensiam,
516 3401 558 3468 Il.
579 3401 743 3468 Maletestc
765 3401 803 3466 dc
824 3400 976 3468 Vernctclo
997 3403 1110 3468 militis
1131 3403 1328 3484 aliorumque
1349 3401 1498 3480 concedit,
1526 3403 1562 3465 nt
1583 3401 1758 3466 eiectionem
1779 3397 1943 3479 Bonifatii

286 3508 431 3574 canonici
451 3507 488 3570 in
503 3506 722 3588 praepositam
735 3506 970 3570 Ariminensem
992 3507 1160 3588 confirmet,
1181 3526 1246 3570 nori
1269 3505 1408 3569 obstante
1430 3503 1513 3586 qaod
1534 3507 1667 3585 empore
1682 3502 1839 3568 electionis
1857 3501 1943 3582 capi-

284 3609 394 3688 telam,
408 3609 610 3695 menneo]
620 3607 778 3690 qnondam
792 3609 978 3690 imperatori
989 3609 1175 3688 adhaerens,
1187 3608 1485 3676 cccommnniootam
1494 3607 1602 3689 faerit
1649 3607 1743 3684 1248,
1754 3602 1829 3670 Dec.
1843 3605 1897 3671 23.

388 3728 454 3784 aa.
466 3729 516 3783 ir
529 3728 595 3799 aa.
614 3727 673 3783 mo.
692 3728 739 3796 rc
753 3728 775 3795 s.
787 3737 826 3798 ιν,
844 3746 873 3783 a
885 3735 947 3783 ceo.

389 3814 520 3882 Panae,
537 3815 600 3885 aa.
621 3821 711 3879 aza,-
728 3815 824 3885 aecer
842 3821 913 3871 iere.

844 4052 883 4071 ..
913 3997 1139 4091 episeopo
1167 3996 1386 4073 Fanensi.

395 4146 527 4212 Dilecto
553 4147 620 4212 lilio
643 4145 807 4211 Bonifatio
839 4147 996 4212 canonico
1020 4147 1240 4228 Ariminensi,
1273 4146 1385 4212 dilecti
1414 4144 1474 4208 filii
1499 4143 1603 4208 nostri
1625 4141 1668 4206 R.
1692 4143 1813 4207 Sancte
1836 4139 1941 4206 Maria

284 4251 318 4314 iu
342 4248 511 4315 Ooemidin
537 4249 667 4314 diaconi
695 4249 869 4316 cardinalis
900 4251 1080 4337 apostolice
1111 4249 1197 4316 sedis
1228 4251 1330 4336 legati
1360 4249 1493 4328 clerico,
1526 4246 1712 4332 accepimus
1741 4243 1941 4323 intimanteb,

285 4351 372 4440 qnod
395 4353 518 4420 dudum
541 4355 684 4420 eeclesia
706 4354 778 4440 ipea
799 4358 931 4442 pastore
955 4374 995 4417 ac
1016 4355 1185 4441 preposito
1208 4358 1347 4418 vacante
1370 4350 1481 4416 dilecti
1503 4349 1562 4413 lilii
1586 4348 1763 4434 capitulum
1792 4345 1941 4412 eiusdem

284 4444 431 4522 ecclesie¹
450 4457 558 4544 ipsum
580 4479 640 4544 per
663 4457 858 4524 electionem
882 4457 1071 4522 eanonicam
1095 4456 1299 4523 concorditer
1322 4457 1495 4541 elegerunt
1518 4453 1550 4517 in
1574 4451 1788 4538 prepositum,
1817 4449 1876 4515 sed
1898 4471 1941 4515 ne

285 4559 469 4625 huiusmodi
493 4562 612 4626 electio
629 4583 672 4627 ex
688 4583 728 4626 eo
743 4562 889 4648 patiatur
908 4562 1139 4648 calumpniam,
1162 4562 1249 4647 quod
1265 4561 1388 4626 dictum
1408 4557 1584 4644 capitulum
1602 4553 1773 4620 electionis
1791 4559 1940 4640 tempore

287 4665 635 4750 excommunicationis
665 4665 829 4730 sententia
856 4665 1040 4746 tenebatur,
1071 4687 1114 4731 ex
1142 4687 1182 4730 eo
1211 4664 1298 4751 quod
1325 4660 1543 4728 Arimineneie
1574 4658 1688 4723 civitas
1716 4655 1752 4724 F.
1777 4656 1940 4742 quondam

284 4766 476 4853 imperatori
499 4773 576 4834 tunc
599 4768 755 4855 temporis
778 4767 994 4850 adherebam,
1017 4767 1183 4855 provideri
1206 4768 1269 4834 eibi
1292 4787 1392 4854 super
1413 4765 1476 4830 hoc
1499 4785 1520 4829 a
1542 4761 1637 4827 uobis
1653 4760 1761 4825 dietus
1777 4757 1815 4824 Β.
1834 4758 1940 4824 humi-

1725 4917 1836 4926 .-.u-...-

387 5027 411 5092 2)
428 5044 514 5081 eoram
532 5029 600 5082 deest
617 5028 649 5079 Il.
753 5027 778 5094 Β)
796 5031 910 5082 cotinite
930 5028 962 5080 ll.

388 5165 415 5231 1)
434 5163 472 5232 Gt:
487 5181 517 5219 n.
529 5171 585 5220 626.
674 5165 702 5230 2)
720 5165 826 5222 Maio.
857 5166 902 5220 De
919 5165 1005 5221 eodan
1021 5167 1104 5236 leonto
1120 5167 1152 5232 ci
1169 5166 1249 5220 diam
1261 5162 1550 5230 Hammo-aroana,
1569 5162 1587 5216 l.
1599 5177 1620 5216 c.
1638 5165 1657 5216 t.
1673 5159 1719 5228 VI,
1733 5175 1762 5228 p.
1777 5166 1833 5226 161,
1851 5162 1942 5212 nott.

283 5249 312 5315 3)
330 5247 386 5304 8ιώ
402 5249 487 5304 mon
503 5249 546 5304 die
558 5267 637 5320 papa
656 5250 777 5306 Iohanni
793 5253 891 5308 scolari
908 5253 941 5307 de
958 5253 1091 5322 Antiniana,
1115 5253 1224 5307 ‘naratio
1240 5250 1386 5322 praepositi
1410 5257 1434 5304 et
1450 5248 1563 5318 mpitnli
1580 5247 1716 5314 Arimini),
1735 5245 1850 5314 aratiam
1865 5243 1943 5310 fecit,-

286 5334 382 5404 Βῆριν
399 5341 480 5403 4173;
497 5337 628 5405 Petiliam,
649 5337 713 5406 Ray.
725 5343 813 5393 13136.
899 5339 928 5406 4)
948 5338 987 5405 Os.
1005 5345 1104 5394 11616.
1135 5339 1169 5392 Α.
1183 5345 1254 5407 1148,
1276 5337 1344 5391 Mai.
1374 5335 1550 5390 Octaiiannm
1570 5332 1733 5387 cardinalari
1750 5331 1865 5400 anm
1881 5344 1942 5382 cnm

285 5421 502 5476 Bonmininlrne
520 5423 629 5492 Gnelsoa
649 5423 805 5478 Armeniam
821 5423 959 5479 radicalem
974 5426 1052 5492 refert
1073 5425 1180 5492 Temni,
1200 5423 1508 5491 neomeniarum.
1540 5421 1596 5474 Srob
1613 5437 1639 5475 a.
1653 5425 1723 5486 1266,
1742 5417 1810 5485 Apr.
1824 5423 1855 5470 1⁷
1866 5429 1942 5484 papa

281 5509 407 5576 potestati
423 5513 447 5562 et
464 5509 598 5564 marani
615 5510 831 5565 Ariminmalme
847 5512 982 5580 cititotan,
1007 5513 1136 5567 suburbia
1153 5519 1177 5567 et
1193 5512 1345 5567 mndatnm
1361 5508 1450 5579 ipsias
1466 5525 1526 5562 acm
1540 5507 1683 5577 portabas,
1698 5503 1792 5572 portis,
1810 5499 1943 5555 nandmis

283 5601 306 5648 et
323 5601 425 5650 moneta
443 5596 556 5664 allianum
573 5597 688 5665 methca,
705 5597 774 5652 aciat
786 5617 805 5652 a
817 5597 956 5654 Fi'iderieo
966 5599 987 5652 1
994 5599 1152 5668 impmatore
1163 5601 1197 5654 iia
1208 5614 1327 5654 oenomao
1340 5602 1430 5665 essent,
1448 5593 1624 5662 wnfimtumt;
1641 5590 1769 5656 Parma
1784 5588 1848 5657 dico.
1859 5593 1942 5643 16961.

285 5681 323 5754 ld.
341 5683 567 5752 mrifimmtimeem
586 5683 712 5738 Willelmi
729 5685 796 5753 reolo
813 5691 925 5753 61166,
947 5686 1016 5740 Mai.
1031 5699 1061 5746 13
1078 5706 1124 5759 ap,
1137 5683 1372 5753 Raima-Fictor,
1390 5683 1406 5738 l.
1420 5699 1442 5737 c.
1460 5688 1533 5736 5002.
