4328 6232
200 373 263 436 262
757 364 805 420 EX
824 362 1043 420 luuocuurn
1061 362 1100 417 IV
1117 360 1298 419 austerae

200 527 379 618 scientiam,
396 522 524 607 morum
541 541 751 606 honestatem
774 546 807 604 et
824 538 1108 603 conversationem
1126 537 1336 616 laudabilem,
1355 559 1454 624 super
1473 539 1591 626 quibus
1608 542 1671 606 sibi
1687 541 1855 607 laudabile

199 647 422 711 testimonium
445 644 653 731 perhibetur,
684 649 879 729 eapropter
908 642 971 705 hoc
999 663 1061 706 nec
1093 662 1159 706 non
1188 641 1235 704 tui
1262 661 1302 705 ac
1323 643 1443 726 prefati
1467 643 1578 708 militis
1602 645 1724 709 intuitu
1750 644 1855 730 ipsum

200 750 311 814 favore
335 749 486 813 benivolo
511 753 759 833 prosequentes,
782 744 994 831 dispensandi
1019 765 1092 809 eum
1117 765 1167 822 eo,
1191 743 1279 829 quod
1302 752 1413 830 preter
1437 746 1616 821 beneficia,
1639 769 1704 833 que
1729 747 1857 812 obtinet

201 873 313 916 curam
337 852 520 915 animarum
543 849 712 927 habentia,
741 850 846 935 possit
873 849 938 912 alia
961 848 1061 912 etiarn
1085 848 1225 912 similem
1253 868 1364 912 curam
1388 848 1546 914 habentia
1567 871 1674 936 usquc
1698 850 1743 914 ad
1767 872 1855 915 sunr-

200 977 299 1036 mam,
322 976 419 1040 quam
443 953 600 1040 expedire
624 953 756 1034 videris,
780 954 884 1018 libere
910 954 1070 1039 recipere,
1094 953 1123 1015 si
1146 952 1208 1016 sibi
1232 953 1388 1018 canonice
1411 954 1605 1035 offerantur,
1634 961 1670 1020 et
1692 977 1761 1019 una
1784 977 1856 1020 cum

201 1059 344 1123 obtentis
373 1059 478 1123 libere
511 1048 652 1123 retinere
676 1097 716 1106 -
747 1078 813 1123 non
842 1059 995 1123 obstante
1025 1057 1259 1133 constitutione
1287 1058 1416 1123 concilii
1448 1057 1611 1142 generalis
1636 1096 1689 1139 -,
1719 1058 1857 1123 liberam

202 1160 261 1224 tibi
295 1162 490 1225 auctoritate
525 1162 728 1247 presentium
763 1160 974 1226 concedimus
1013 1161 1221 1236 facultatem;
1251 1162 1382 1246 proviso
1419 1162 1505 1246 quod
1542 1162 1658 1227 eadem
1696 1162 1858 1225 beneficia

203 1264 323 1328 debitis
347 1272 409 1329 etc.
434 1287 556 1350 usque:
580 1266 776 1350 negligatur.

311 1386 386 1450 Dat.
411 1386 572 1471 Lugduni,
597 1386 664 1450 VII
686 1386 734 1451 Id.
760 1386 847 1465 Maii,
867 1384 970 1471 {anno
994 1384 1121 1472 quarto]
1132 1397 1155 1450 ⁸.

989 1889 1075 1964 352.

309 1989 527 2081 Innocentius
550 2015 572 2079 1
578 2014 607 2078 V
624 2035 714 2097 papa
743 2014 851 2078 altena
878 2017 908 2074 ct
935 2014 1099 2077 concentui
1126 2013 1164 2076 dc
1186 2013 1355 2079 chrnchc
1381 2013 1426 2077 cd
1441 2033 1550 2094 preces
1571 2014 1717 2100 [uertet]
1742 2018 1862 2080 conicitis
1908 2050 1910 2054 ·

206 2122 242 2184 dc
260 2120 481 2187 distenderet
496 2118 636 2196 inundat,
658 2123 694 2180 nt
709 2116 840 2181 Nicolco
862 2117 972 2181 elerico
986 2118 1215 2200 Argentincnsi
1235 2118 1272 2179 in
1286 2117 1489 2181 eeclesiastico
1508 2117 1653 2198 &aalide
1661 2120 1862 2202 proculcant.

1496 2222 1589 2298 1247,
1612 2220 1698 2284 Mai.
1724 2225 1775 2286 10.

313 2344 374 2395 Inrr.
390 2341 438 2394 IV
453 2341 517 2409 Rea.
536 2341 589 2393 Vol.
613 2340 634 2408 Ι,
654 2346 720 2403 387,·
738 2340 797 2393 Lib.
816 2339 867 2406 IV,
887 2346 941 2392 002.
979 2339 1129 2406 Epistulam
1147 2352 1179 2390 aa
1198 2337 1315 2405 Regalis
1331 2336 1465 2405 desnipuit
1489 2338 1571 2392 1401.
1589 2340 1623 2394 A.
1645 2339 1727 2395 Marc.

311 2428 410 2494 Beryae·
427 2435 499 2480 2661).

210 2646 249 2662 ..
279 2588 434 2662 abbati
471 2595 510 2662 et
550 2589 797 2661 conventui
839 2590 892 2661 de
930 2587 1194 2661 Swarzahe¹
1230 2587 1401 2660 ordinis
1444 2590 1593 2662 sancti
1629 2590 1862 2664 Benedicti

736 2707 1103 2800 Argentinensis
1130 2707 1345 2782 diocesis.
1616 2704 1623 2715 ’

319 2858 372 2922 Ad
387 2858 570 2923 faciendam
593 2857 713 2923 dilecto
736 2857 802 2921 filio
818 2856 956 2920 Nicolao
980 2855 1100 2920 elerico
1121 2854 1356 2940 Argentiuensi
1378 2857 1519 2942 gratiam
1541 2859 1732 2943 specialem,
1756 2860 1867 2925 dilecti

210 2965 269 3027 lilii
298 2963 417 3026 nobilis
446 2962 504 3026 viri
528 3013 561 3028 ..
593 2962 720 3026 comitis
751 2960 792 3026 de
822 2959 1090 3024 Wirtemberch²
1121 2981 1239 3046 preces
1268 2982 1305 3025 ae
1333 2961 1435 3047 ipsius
1465 2962 1574 3026 clerici
1602 2964 1739 3044 merita,
1769 2986 1869 3050 super

212 3067 329 3154 quibus
346 3067 375 3130 ei
392 3065 613 3130 testimonium
630 3065 820 3151 perhibetur
837 3064 1012 3141 laudabile,
1029 3084 1088 3128 nos
1103 3063 1269 3128 inducunt.
1303 3065 1471 3150 Rogamus
1486 3068 1598 3152 itaque
1614 3067 1866 3132 universitatem

213 3177 357 3236 vestram
381 3171 537 3234 attentius
561 3176 595 3234 ct
618 3189 805 3245 monemus,
835 3167 1030 3233 mandantes
1054 3170 1207 3254 quatinus
1230 3168 1337 3234 eidem
1354 3171 1472 3234 clerico
1496 3191 1556 3256 pro
1571 3171 1754 3257 apostolice
1778 3170 1867 3236 sedis

215 3282 248 3340 et
271 3280 385 3339 nostra
408 3275 595 3339 reverentia
617 3276 651 3339 in
667 3273 893 3339 eeclesiastico
914 3273 1073 3338 beneficio
1097 3274 1305 3358 competenti,
1329 3273 1415 3358 quod
1439 3273 1481 3338 ad
1497 3275 1707 3339 collationem
1725 3280 1869 3340 vestram

215 3379 378 3464 pertineat
401 3386 434 3443 et
455 3377 683 3443 consueveritb
708 3378 833 3442 clericis
850 3378 1053 3441 secularibus
1076 3378 1247 3462 assignari,
1271 3398 1366 3462 quam
1391 3378 1456 3443 cito
1481 3401 1517 3444 se
1540 3378 1680 3443 facultas
1704 3379 1870 3459 obtulerit,

213 3482 395 3546 liberaliter
410 3480 580 3568 providere
598 3481 718 3546 curetis
734 3518 776 3528 —
797 3502 862 3544 non
884 3480 1034 3545 obstante
1065 3483 1092 3545 si
1116 3480 1297 3546 direximus
1320 3482 1413 3547 vobis
1437 3503 1495 3569 pro
1515 3483 1589 3547 aliis
1605 3483 1730 3570 scripta
1745 3492 1870 3553 nostra,

216 3586 334 3671 quibus
354 3586 504 3649 uolumus
521 3592 583 3650 ete.
598 3606 717 3669 usque:
742 3585 905 3668 generari,
922 3585 975 3649 vel
993 3584 1138 3668 qualibet
1154 3584 1357 3669 indulgentia
1375 3585 1416 3648 ab
1433 3586 1613 3672 apostolica
1628 3587 1707 3653 sede
1724 3588 1870 3667 obtenta,

215 3711 274 3776 per
296 3711 393 3775 quam
415 3688 600 3753 huiusmodi
620 3688 727 3772 gratia
750 3687 906 3751 retardari
930 3688 1035 3773 possit
1058 3709 1117 3752 seu
1141 3689 1239 3753 ctiam
1263 3688 1424 3774 impediri.
1469 3690 1635 3775 Alioquin,
1658 3692 1814 3756 nolentes
1837 3700 1870 3755 ut

218 3792 258 3856 ad
283 3815 342 3857 nos
365 3792 501 3877 verbum
525 3798 672 3856 nostrum
696 3812 834 3855 vacuum
850 3797 1044 3869 revertatur,
1060 3792 1242 3856 venerabili
1257 3791 1350 3855 fratri
1365 3798 1477 3856 nostro
1502 3841 1536 3858 ..
1560 3794 1718 3881 episeopo
1742 3797 1870 3879 Argen·

215 3896 360 3961 tinensi³
384 3895 499 3960 damus
528 3895 651 3959 uostris
674 3895 791 3958 litteris
815 3895 847 3958 in
870 3894 1047 3975 mandatis,
1079 3901 1114 3958 ut
1138 3894 1209 3980 ipsc
1232 3916 1331 3980 super
1353 3895 1417 3959 hiis
1441 3894 1630 3960 mandatum
1655 3899 1869 3983 apostolicum

217 4008 417 4086 exequatur;
443 3998 701 4064 contradictores
725 4004 788 4063 etc.

324 4120 400 4185 Dat.
425 4118 587 4204 Lugduni,
611 4117 659 4182 VI
682 4117 760 4182 Idus
783 4116 871 4195 Maii,
895 4138 979 4180 anno
1002 4115 1081 4180 IIII.

1004 4608 1090 4682 353.

323 4702 540 4797 Innocentius
556 4730 578 4794 Ι
583 4729 613 4794 V
631 4710 719 4814 popo
743 4727 872 4814 P[ctro]
894 4730 1006 4796 Sancti
1030 4731 1159 4814 Georgii
1182 4732 1225 4797 cd
1258 4731 1366 4797 Velnm
1388 4734 1530 4798 Auream
1551 4732 1683 4798 damno
1703 4734 1868 4810 cardinali,

219 4839 404 4920 apostolieae
426 4833 509 4899 sedis
530 4834 643 4917 tapeto,
666 4832 806 4911 attondat,
829 4838 864 4896 at
885 4832 1034 4918 [Iacobo]
1056 4837 1195 4917 episcopo
1210 4836 1348 4901 Metelrsi
1369 4837 1593 4901 sanemarium
1614 4837 1718 4900 sorceti
1732 4834 1871 4901 Martini

222 4938 470 5008 (llaradaricnsis
491 4955 617 5014 cacans,
639 4937 669 4999 si
690 4935 835 5020 expedire
856 4936 978 5016 obterit,
994 4937 1283 5005 adilonistrcndanc
1303 4941 1480 5005 contradict.
1525 4939 1790 5018 1247,Mat.10.

328 5062 391 5114 Ian.
412 5057 462 5111 IV
478 5057 540 5125 ch.
558 5055 611 5110 Vol¹
632 5056 654 5121 I,
673 5063 737 5113 384:
755 5054 817 5110 Lib.
837 5055 888 5124 IV,
903 5063 961 5112 030.

325 5146 424 5214 Berge·
443 5152 512 5198 2627.

325 5268 497 5277 ,ι------
522 5268 734 5275 -.-----...-
758 5270 764 5275 .
795 5270 827 5275 .--
897 5271 1009 5278 -.-.—

324 5356 349 5419 ὅ)
367 5374 434 5407 anuo
452 5364 545 5422 quarto
562 5355 631 5408 deest
648 5355 680 5407 Ii.
785 5353 811 5417 b)
829 5357 964 5408 consuevit
980 5355 1029 5420 10,Ι
1045 5358 1078 5421 cf.
1096 5375 1122 5408 n.
1134 5360 1193 5408 325.

325 5474 351 5539 1)
369 5472 539 5526 8101111111ιώ
556 5488 569 5525 e
585 5487 647 5525 mn.
665 5476 690 5524 et
708 5486 758 5526 occ.
777 5471 826 5525 cic.
847 5471 963 5525 ltrcstctt.
1044 5472 1070 5539 2)
1089 5472 1144 5525 Hie
1160 5472 1192 5525 in
1205 5490 1300 5543 popm
1317 5492 1342 5529 c.
1363 5480 1436 5543 1210,
1453 5475 1524 5544 Arce.
1541 5482 1558 5529 o
1574 5472 1650 5543 opacet
1665 5474 1715 5531 eie.
1732 5472 1871 5531 stom

220 5557 274 5622 tint
287 5557 361 5622 sema
377 5573 397 5609 c
413 5562 492 5624 pone
514 5556 632 5612 Oesarcdc¹
652 5557 720 5625 repis
742 5556 779 5610 od
801 5557 952 5611 Hennenm
971 5557 1060 5626 acone
1082 5574 1165 5627 repent
1186 5561 1342 5622 bonane&
1359 5558 1608 5631 Bebasen-Faber,
1627 5560 1647 5619 l.
1663 5577 1686 5621 c.
1704 5558 1796 5617 40100.
1830 5558 1872 5627 0!-

222 5641 301 5695 ‹ct-iam
317 5658 345 5697 n.
364 5647 422 5697 361.
527 5644 554 5710 3)
573 5643 691 5698 Henioc
709 5644 765 5700 ΠΙ.
