4328 6232
205 341 265 403 104
761 337 808 391 EX
827 337 1046 392 INNOCEN'III
1064 338 1103 391 IV
1123 336 1303 393 REGIS'I'RO

200 511 327 592 seqniis,
349 510 519 593 dispensat,
547 515 592 589 at,
615 512 685 575 ticet
707 511 889 594 illcpitinras
911 512 962 590 sit,
984 513 1021 574 in
1041 512 1154 593 reliqna
1175 511 1303 576 catasta
1323 511 1413 593 nepai
1434 510 1595 575 Franccae
1615 510 1652 573 in
1673 510 1862 575 aconiaca

200 613 299 698 recipi
320 614 433 679 661661.
1519 614 1613 691 1245,
1636 614 1722 697 Sept.
1740 617 1773 678 4.

304 734 367 786 lna.
381 733 429 786 IV
445 733 511 801 Rea.
530 733 705 801 11611229,
722 733 783 788 In'b.
797 734 857 802 ΙΙΙ,
878 743 929 789 117.
968 736 1118 804 spaniam
1134 752 1167 790 aa
1184 736 1301 805 Repertis
1317 735 1453 803 descripsit
1471 734 1501 788 V.
1516 734 1556 788 Gt
1570 735 1604 788 Δ.
1620 735 1701 789 Man.

305 823 489 891 1111661477.

298 1001 521 1075 Willelmo
549 1003 602 1076 de
629 1000 875 1076 Charner.³¹
903 1004 1196 1078 thesaurario
1226 1003 1420 1079 ecclesie
1446 1001 1764 1096 Senogiensis²

729 1122 1074 1200 Cameracensis
1101 1124 1329 1200 diocesisl.

311 1268 393 1334 Cum
417 1271 449 1334 in
474 1271 638 1357 aliquibus
663 1272 810 1337 ecclesiis
834 1271 926 1356 regni
949 1270 1103 1351 Francis,
1132 1279 1169 1336 ut
1191 1271 1393 1356 accepimus,
1425 1269 1467 1334 sit
1491 1275 1652 1335 statutum
1675 1271 1859 1347 iuramento

201 1375 363 1439 firmatum
391 1381 424 1440 et
452 1373 493 1439 do
521 1376 757 1441 consuetudine
787 1375 948 1440 hactenus
980 1373 1157 1438 observata
1187 1374 1220 1437 iu
1251 1372 1374 1438 eisdem
1406 1373 1592 1453 obtentum,
1622 1379 1659 1436 ut
1688 1374 1799 1438 nullus
1827 1373 1860 1436 in

201 1478 293 1562 ipsis,
329 1477 392 1541 nisi
426 1477 511 1542 iuret
540 1500 575 1542 sc
608 1478 648 1543 de
679 1478 827 1563 legitimo
856 1477 1062 1542 matrimonio
1097 1483 1224 1558 natum,
1259 1479 1290 1542 in
1327 1478 1518 1543 canonicum
1554 1483 1755 1542 assumatur:
1790 1500 1858 1555 nos,

202 1580 397 1646 dilectorum
419 1582 558 1646 filiorum
581 1583 738 1647 nobilium
756 1584 896 1647 virorum
914 1630 921 1644 .
937 1629 944 1644 .
961 1581 1052 1645 ducis
1069 1581 1269 1645 Brabantic⁴
1289 1588 1323 1647 et
1339 1630 1368 1646 ..
1386 1583 1514 1646 comitis
1531 1581 1696 1661 Guclric⁵,
1719 1602 1858 1666 quorum

202 1684 327 1748 insistis
351 1683 524 1768 obsequiis,
548 1684 843 1770 supplicationibus
867 1684 1026 1765 inclinati,
1049 1690 1169 1764 tecum,
1193 1685 1285 1748 utin
1308 1685 1420 1770 aliqua
1442 1683 1619 1749 earundem
1645 1685 1860 1749 ecclesiarum

202 1787 290 1851 licite
306 1789 338 1851 in
356 1787 548 1851 canonicum
571 1794 605 1854 et
628 1788 661 1852 in
678 1787 810 1853 fratrom
826 1788 928 1873 recipi
944 1788 1057 1852 valeas
1074 1824 1113 1833 -
1130 1808 1194 1851 non
1210 1787 1419 1852 obstantibus
1435 1792 1557 1851 statuto
1575 1793 1608 1852 et
1624 1786 1862 1851 consuetudins

203 1891 357 1976 predictis
389 1912 593 1976 quacumque
624 1891 777 1956 firmitate
808 1892 938 1956 vallatis
962 1929 1014 1970 -,
1039 1892 1235 1956 auctoritate
1259 1892 1461 1977 presentium
1486 1891 1721 1977 dispensamus.
1769 1891 1862 1956 Nulli

203 2016 282 2080 ergo
306 2032 346 2044 —
369 2002 480 2060 nostre
504 1995 759 2081 dispensationis
783 2003 846 2061 etc.
893 1995 928 2061 Si
952 1997 1023 2082 quis
1047 2003 1157 2061 autem
1182 2003 1245 2062 etc.

311 2117 388 2181 Dat.
412 2114 577 2201 Lugduni,
601 2116 636 2180 II
658 2116 741 2181 Non.
766 2117 857 2203 Sept.
881 2140 967 2184 anno
991 2119 1118 2184 tartio⁶.

308 2720 527 2812 Innocentius
542 2746 600 2811 IV
613 2768 702 2827 papa
724 2747 970 2812 coarsidcrationc
992 2748 1111 2812 coriatis
1133 2748 1170 2812 dc
1185 2748 1249 2813 Las
1270 2752 1298 2811 ct
1320 2749 1357 2811 dc
1376 2751 1454 2815 Ocni
1468 2755 1496 2813 ct
1514 2751 1687 2814 arcanea
1699 2750 1862 2814 Avaritiae

202 2875 240 2917 ac
266 2851 410 2916 docrinae
435 2851 472 2914 dc
494 2849 642 2914 Monioac
669 2872 738 2915 cani
765 2850 908 2914 Iohanne
935 2850 972 2914 dc
999 2849 1167 2934 Dnnpirrc
1195 2852 1344 2916 6666616)
1373 2852 1485 2916 Sancti
1506 2852 1657 2935 Dionysii
1677 2851 1863 2916 166ιί166616

203 2977 299 3040 snper
317 2954 505 3035 pluralitate
527 2953 744 3034 inofficiosum
766 2953 938 3036 dispensat.
1523 2956 1617 3033 1245,
1639 2954 1725 3040 Sept.
1743 2956 1774 3019 5.

307 3073 372 3126 Ian.
386 3074 434 3127 IV
448 3073 512 3144 Rep.
530 3072 623 3139 VotI,
642 3080 701 3136 262,
718 3073 777 3128 Lib.
790 3073 849 3140 111,
869 3081 924 3129 278.
953 3073 1103 3142 1111616166
1120 3090 1153 3128 aa
1174 3074 1288 3143 Rapastis
1305 3073 1440 3143 descripsit
1456 3074 1484 3128 V.
1499 3073 1540 3129 Gt
1554 3075 1588 3128 Α
1603 3074 1683 3128 Mna.

306 3161 404 3230 Berycr
416 3166 484 3215 1637.
965 3174 970 3179 ·

443 3339 633 3413 Iohanni
661 3341 715 3415 de
742 3340 968 3433 Dunpirre
996 3343 1218 3417 canonico
1247 3343 1440 3417 eccteste
1467 3344 1620 3418 sancti

778 3461 975 3535 Dionisii
1001 3462 1289 3538 Leodiensis.

310 3611 407 3676 Licet
433 3618 566 3696 propter
595 3611 792 3676 ambitiones
821 3611 1040 3697 quorundam,
1072 3613 1189 3699 nequis
1216 3612 1327 3698 plures
1360 3612 1518 3679 ecclesias
1540 3613 1594 3679 vel
1616 3614 1861 3679 ecclesiasticas

204 3714 381 3799 dignitates
405 3715 537 3795 habeat,
562 3715 646 3778 sacri
670 3715 801 3779 concilii
818 3716 1007 3781 constitutio
1024 3716 1209 3796 interdicat,
1233 3717 1413 3802 apostolice
1430 3723 1541 3782 tamen
1558 3717 1646 3782 sedis
1662 3717 1860 3803 benignitas,

203 3817 336 3903 provide
365 3838 508 3902 pensans
540 3819 657 3883 merita
688 3819 907 3904 singulorum,
941 3820 1015 3884 illos
1046 3828 1289 3908 nonnumquam
1322 3822 1428 3906 gratia
1459 3820 1669 3908 prosequitur
1698 3822 1860 3909 ampliori,
1925 3868 1929 3878 .

203 3922 258 4007 qui
288 3920 448 3985 nobilibus
478 3922 539 3985 orti
568 3922 749 4002 natalibus,
781 3923 863 3987 alias
894 3923 986 3988 donis
1015 3926 1194 4010 potioribus
1216 3926 1419 3991 adiuvantur.
1464 3924 1552 3990 Hinc
1575 3932 1644 4005 est,
1680 3925 1769 4012 quod
1791 3931 1859 3990 tam

203 4024 373 4089 nobilitate
403 4025 534 4109 generis
564 4032 598 4090 et
626 4026 752 4090 meritis
782 4027 955 4111 probitatis
982 4035 1053 4109 tue,
1085 4050 1184 4114 super
1215 4030 1330 4115 quibus
1359 4028 1418 4092 tibi
1448 4028 1612 4093 laudabile
1636 4029 1862 4094 testimonium

204 4129 405 4215 perhibetur,
430 4151 526 4216 quarn
550 4129 813 4195 consideratione
836 4132 956 4196 nobilis
972 4133 1032 4196 riri
1049 4181 1078 4196 ..
1097 4132 1137 4197 dc
1155 4131 1222 4196 Los
1245 4139 1279 4198 et
1302 4132 1343 4196 de
1359 4131 1464 4197 ceum
1480 4131 1629 4197 comitis⁸
1644 4153 1684 4197 ac
1699 4132 1861 4198 nobilium

204 4233 377 4298 mulierum
402 4280 410 4296 .
433 4281 441 4296 .
466 4234 629 4298 comitisse
652 4232 820 4298 Avernie⁰
847 4256 886 4299 ac
909 4284 947 4299 ..
976 4236 1106 4302 domine
1136 4235 1198 4301 (leb
1229 4236 1378 4302 Moniore
1392 4237 1420 4276 ¹⁰
1449 4235 1705 4324 supplicantium
1738 4259 1797 4323 pro
1827 4243 1861 4303 tc

307 4457 331 4523 ⁸)
350 4460 469 4512 Cbarnsf
481 4460 514 4511 B.
602 4459 627 4527 b)
645 4479 677 4514 ac
694 4463 796 4514 dominc
806 4497 815 4514 ·.
829 4501 836 4514 .
850 4463 881 4514 dc
894 4462 926 4512 R.

307 4594 334 4660 1)
357 4594 392 4649 Ut
414 4594 516 4649 vidant
540 4595 677 4650 Garndrcs
703 4611 735 4649 aa
757 4612 794 4650 or.
819 4597 865 4650 cis.
892 4596 980 4650 Morta
1020 4597 1100 4650 Alias
1128 4597 1200 4650 1666
1228 4596 1311 4651 linias
1337 4597 1454 4651 manas
1481 4613 1513 4652 aa
1536 4615 1575 4653 or.
1596 4599 1643 4653 civ.
1665 4597 1862 4653 mannaan

202 4680 271 4734 atas
293 4686 357 4734 crat.
436 4683 464 4749 2)
483 4681 539 4736 La
558 4683 735 4752 8666616666,
761 4684 892 4752 86196166,
914 4701 946 4738 aa
967 4689 1028 4753 sept.
1051 4689 1129 4737 otor.
1149 4683 1195 4737 cic.
1216 4682 1306 4737 Mons.
1383 4685 1412 4751 3)
1431 4682 1506 4737 Idan
1522 4702 1566 4753 ap.
1586 4686 1686 4754 Rapa·
1698 4692 1763 4740 1688
1783 4684 1862 4739 m

204 4767 322 4820 ‘amans
336 4767 477 4837 HIenrici]
491 4770 637 4837 praqnsiti
653 4771 819 4838 Xantcnsra',
840 4771 872 4825 dc
889 4789 941 4838 qao
956 4771 1032 4837 infra
1049 4771 1099 4824 666
1115 4788 1139 4824 6.
1156 4777 1228 4837 1246,
1246 4771 1317 4838 Aac.
1333 4778 1370 4837 17,
1386 4775 1501 4824 rwatrcr.
1575 4771 1603 4838 4)
1623 4769 1663 4837 Cf.
1677 4770 1776 4840 Bcracr
1790 4777 1861 4826 1612.

202 4851 289 4921 5)(11.
306 4853 493 4922 1169611680.
571 4856 599 4919 6)
618 4857 697 4910 Alias
720 4857 843 4925 mistam
866 4857 1028 4923 insaturata
1045 4858 1103 4911 cias
1120 4856 1199 4910 datae
1216 4857 1647 4926 ap.Berpcr1478,1588,1630.
1727 4857 1755 4924 l)
1773 4855 1862 4927 06619

203 4938 242 4991 ad
257 4940 284 5007 (t.
296 4938 389 5008 Sanoy
405 4939 436 4991 ia
449 4956 525 5007 proc.
540 4942 648 5011 Betpica
660 4942 839 5012 Limnntnp.
917 4946 945 5010 8)
958 4944 1068 5009 Annuit
1083 4943 1113 5009 V,
1131 4942 1162 4996 dc
1179 4959 1232 5010 qno
1245 4944 1277 5010 as.
1291 4943 1391 4997 Obron
1410 4943 1521 4996 Hanon
1534 4942 1606 5011 qaod
1619 4941 1861 4997 dicitarBatdaini

204 5027 305 5078 Accnn.
326 5024 374 5079 SS.
386 5030 404 5078 1.
420 5026 516 5095 XXV,
531 5044 560 5096 p.
576 5035 632 5083 428.
668 5028 765 5082 Eidem
781 5029 870 5084 camai
886 5035 909 5083 at
928 5029 1067 5083 Iolranaac
1085 5030 1166 5083 acori
1183 5030 1239 5083 circs
1256 5029 1306 5083 aab
1324 5036 1433 5096 61216,
1452 5029 1654 5096 1611226666
1669 5028 1804 5096 66666611,
1828 5035 1860 5084 a

204 5113 255 5164 ani
276 5128 309 5166 aa
327 5113 392 5179 fitia
414 5129 504 5166 66666
522 5113 604 5167 lacerat
620 5131 681 5169 cnm
697 5115 805 5170 maline
821 5116 852 5169 in
869 5121 966 5185 quarto
980 5115 1069 5184 prada
1086 5115 1325 5184 ooraanpaiaitatis
1344 5117 1381 5169 ccl
1398 5115 1539 5182 afficiatis
1555 5115 1607 5170 ribi
1622 5115 1750 5169 61666116
1766 5115 1859 5168 matri·

202 5199 322 5253 nwniam
338 5201 506 5268 contram,
523 5203 714 5270 Bcrpcr19465
733 5204 764 5270 ct
780 5204 858 5257 aiam
871 5204 994 5258 Potttast
1013 5209 1102 5258 12183.
1189 5203 1216 5270 9)
1234 5203 1319 5257 Hanc
1335 5220 1388 5257 csse
1404 5202 1533 5257 aaran
1549 5199 1726 5255 sannam
1746 5217 1861 5256 aarum

204 5285 317 5340 Hernici
330 5285 369 5339 ΙΙ
379 5286 455 5340 dacis
469 5288 647 5357 1116666666,
665 5288 750 5344 deuoti
767 5291 892 5358 oeclcsiaa,
910 5306 980 5357 qaae
992 5289 1084 5357 priora
1095 5290 1215 5355 Arnatso
1227 5290 1275 5343 IV
1287 5288 1422 5343 66611166
1433 5289 1496 5356 Las,
1514 5293 1565 5341 661
1578 5291 1679 5356 pana
1695 5293 1746 5341 661
1762 5304 1861 5357 nisano

199 5376 301 5440 panaro
318 5372 430 5438 Amulii
443 5373 470 5426 V
483 5373 589 5443 [L’Art
610 5374 641 5428 dc
662 5375 765 5443 aeriter
782 5377 798 5429 l.
816 5375 840 5430 d
859 5382 877 5430 t.
892 5375 976 5444 XIV,
996 5392 1026 5444 p.
1040 5376 1116 5445 2631,
1138 5379 1195 5427 tam
1212 5374 1339 5428 Writdmo
1357 5375 1409 5428 XI
1427 5373 1516 5428 mindi
1533 5372 1676 5428 Aloanian
1693 5372 1861 5443 [damet]
1911 5387 1935 5426 ro

203 5463 331 5525 namot
354 5463 378 5513 61
398 5459 511 5525 fortasse
528 5477 616 5528 nuper
632 5461 729 5516 taam
746 5461 858 5516 viduata
875 5467 940 5530 crat,
963 5478 1024 5515 acm
1039 5460 1153 5514 canitia
1169 5459 1228 5514 cias
1245 5467 1355 5526 61216,
1373 5459 1451 5514 Febr.
1471 5463 1652 5514 mmmm
1668 5457 1819 5515 madae
1834 5464 1861 5514 st

203 5547 265 5596 anta
282 5549 524 5601 arncsmorncc
544 5546 860 5617 6666616616η11616κ,
879 5549 950 5603 Hist
965 5547 1064 5617 616661.
1083 5545 1115 5600 dc
1133 5546 1161 5599 Ia
1178 5545 1282 5599 manen
1298 5543 1467 5615 d’Anocrpnc
1484 5543 1862 5615 sasantinae.

204 5629 248 5697 10)
268 5629 321 5685 Ia
339 5629 991 5716 dc‘ttontoasdtonjotaemnrniaductnd,
1009 5631 1279 5704 mninElisalntt,
1297 5630 1394 5692 aidane
1411 5628 1783 5711 adamnati-tua
