4328 6232
202 319 244 385 68
759 312 806 371 EX
825 311 1042 373 lunooem'tss
1061 309 1099 370 IV
1118 307 1299 370 REGISTRO

204 493 356 558 obstante
387 490 517 557 defectu
548 493 704 557 natalium
729 514 826 578 quem
849 492 1029 579 patiebaris
1053 491 1093 557 de
1117 488 1317 555 subdiacono
1340 486 1472 573 genitus
1496 492 1530 551 et
1552 482 1661 554 soluta
1686 521 1721 532 -
1748 484 1855 572 possis

202 596 234 659 in
270 596 432 681 susceptis
467 596 653 661 ministrare
688 594 858 661 ordinibus
890 603 923 660 et
955 596 1136 661 ascendere
1169 594 1209 657 ad
1242 594 1384 658 maiores
1415 612 1454 655 ac
1482 590 1632 655 obtinere
1659 589 1856 654 beneficium

204 698 482 780 ecclesiasticum,
511 699 723 785 dispensavit.
767 698 837 764 Nos
860 700 987 786 itaque,
1019 719 1191 785 personam
1216 703 1306 761 tuam
1330 696 1449 760 intuitu
1471 695 1641 759 carissime
1665 693 1698 757 in
1721 691 1855 757 Christo

201 801 268 866 filie
300 800 344 865 M.
371 802 484 866 relicte
519 802 683 887 quondam
712 802 848 867 Ontonia
878 803 1099 868 Romanorum
1130 800 1337 886 imperatoris
1346 800 1368 879 ¹,
1399 799 1491 863 cuius
1522 797 1644 863 insistis
1674 797 1856 882 obsequiis,

202 905 352 969 volentes
374 906 528 990 prosequi
552 904 636 969 dono
660 906 765 990 gratie
789 908 955 993 specialis,
978 913 1097 987 tecum,
1121 913 1157 970 ut
1179 911 1390 991 personatum
1407 903 1460 967 vel
1482 903 1581 966 aliam
1597 902 1856 967 ecclesiasticam
1918 918 1921 954 ε

202 1007 405 1092 dignitatem,
423 1010 449 1073 si
465 1008 524 1073 tibi
541 1011 698 1074 canonice
714 1011 879 1081 offeratur,
903 1009 1050 1075 obtinere
1064 1010 1189 1089 valeas,
1208 1008 1403 1072 auctoritate
1419 1006 1601 1092 apostolica
1616 1004 1856 1091 dispensamus,

205 1111 251 1174 ita
280 1118 389 1176 tamen
420 1111 507 1198 quod
535 1114 562 1175 si
591 1122 624 1178 te
646 1115 688 1179 ad
711 1115 931 1201 pontificalem
956 1116 1065 1179 vocari
1089 1113 1265 1198 contigerit
1287 1112 1497 1197 dignitatem,
1526 1109 1618 1174 illam
1647 1129 1856 1195 nequaquam

203 1213 346 1299 recipias
377 1215 501 1300 absque
529 1216 684 1282 mandato
716 1218 803 1284 sedis
832 1219 1010 1303 apostolice
1039 1217 1187 1303 speciali.
1230 1215 1321 1279 Nulli
1351 1236 1430 1299 crgo
1454 1220 1516 1279 eto.
1546 1220 1658 1278 nostre
1681 1213 1856 1299 dispensa·

201 1317 300 1380 tionis
324 1323 388 1384 etc.
433 1317 469 1382 Si
492 1319 563 1405 quis
586 1329 648 1387 etc.

310 1438 386 1503 Dat.
411 1440 573 1525 Lugduni,
599 1444 632 1507 ΙΙ
654 1444 739 1507 Non.
763 1443 861 1509 Febr.
884 1464 968 1507 anno
993 1442 1147 1508 seeundo.

1000 1986 1062 2058 96.

305 2093 522 2186 lamellas
537 2122 595 2187 11*
608 2144 696 2207 popa
718 2123 834 2188 decom
857 2123 993 2189 Sanctae
1015 2124 1145 2188 Mortuo
1167 2128 1196 2188 et
1218 2121 1353 2208 officiali
1378 2120 1627 2186 Tmaoceasrbus
1648 2119 1794 2198 amadot,
1823 2123 1860 2183 al

196 2228 397 2307 praeceptum
430 2246 521 2290 sarem
551 2226 659 2290 {lotum
687 2227 725 2290 (le
748 2229 901 2308 murale,
932 2229 968 2291 iu
994 2248 1060 2308 qao
1084 2226 1275 2311 [Robrrtus]
1302 2227 1463 2309 episcopas
1490 2230 1520 2289 et
1548 2226 1649 2290 olemus
1675 2224 1860 2288 Iaeodimsis

199 2328 383 2413 [Conrado]
415 2330 644 2414 archiepiscopo
677 2331 856 2396 Coloniensi
890 2331 934 2394 orl
966 2332 1113 2394 solitudo
1147 2331 1250 2393 debito
1283 2330 1426 2393 ecclcsiae
1455 2330 1649 2394 Coloniensis
1682 2333 1859 2406 teneratur,

199 2434 312 2513 crepui
332 2432 463 2512 sacrant.
1512 2435 1605 2510 1245,
1627 2432 1723 2497 Febr.
1739 2435 1770 2497 8.

305 2554 367 2606 Iun.
381 2553 428 2606 IV
444 2552 506 2621 Req.
525 2553 616 2620 Voll,
638 2561 697 2619 Ηῖς
713 2553 773 2606 Lab.
787 2554 826 2621 Π,
845 2560 905 2608 242.

306 2640 404 2707 Beryer
415 2647 469 2694 992².

225 2875 263 2892 ..
292 2820 461 2893 decano
489 2819 694 2892 ecclesie
724 2821 856 2895 beate
883 2820 1027 2894 Mario
1055 2827 1097 2895 ct
1127 2877 1166 2894 ..
1195 2821 1393 2894 officiali
1420 2820 1836 2893 Tornacensibus⁸.

310 2967 403 3043 Cum,
419 2969 599 3033 venerabili
615 2968 715 3033 tratre
733 2978 843 3034 nostro
858 3021 865 3034 .
880 3022 887 3034 .
901 2972 1147 3058 archiepiscopo
1161 2972 1349 3037 Coloniensi
1367 2974 1511 3057 quintam
1528 2978 1655 3058 partem
1673 2971 1859 3035 reddituum

203 3071 502 3136 ecclesiasticorum
535 3072 701 3158 provincie
737 3095 795 3139 sue
831 3076 928 3139 unius
958 3077 1035 3139 anni
1066 3077 1157 3138 iuxta
1186 3075 1305 3139 iactam
1335 3075 1397 3138 sibi
1431 3096 1489 3160 pro
1522 3072 1686 3139 solvendis
1716 3073 1860 3139 ecclesie

202 3174 408 3241 Coloniensis
432 3175 553 3241 debitis
577 3177 618 3241 ab
643 3178 825 3263 apostolica
849 3179 928 3242 sede
951 3179 1113 3263 gratiam²
1138 3180 1323 3264 colligente,
1347 3201 1389 3243 ex
1413 3186 1507 3265 parte
1523 3178 1723 3242 venerabilis
1745 3178 1857 3242 fratris

201 3281 306 3344 nostri
330 3331 363 3346 ..
387 3282 533 3367 episcopi
556 3280 754 3346 Leodiensis
785 3289 818 3345 et
845 3283 925 3346 cieri
955 3282 1096 3345 civitatis
1124 3288 1157 3345 et
1188 3281 1328 3346 diocesis
1357 3281 1549 3345 Leodiensis
1579 3281 1697 3346 fuisset
1727 3289 1863 3368 propter

202 3383 263 3448 hoe
286 3384 328 3447 ad
351 3384 463 3450 sedem
488 3385 705 3471 apostolicam
729 3385 940 3470 appellatum.
965 3405 1032 3451 nos.
1057 3384 1181 3449 eisdem
1205 3385 1453 3470 archiepiscopo
1473 3407 1511 3449 ac
1528 3386 1682 3472 episcopo
1698 3385 1729 3449 in
1747 3388 1861 3449 nostra

202 3490 367 3575 presentia
395 3489 615 3556 constitutis³.
648 3489 732 3552 latas
760 3489 802 3552 ab
833 3490 905 3575 ipso
935 3489 1183 3574 archiepiscopo
1213 3489 1274 3552 bac
1306 3491 1477 3553 occasione
1507 3490 1537 3552 iu
1571 3488 1710 3552 eundem
1736 3489 1861 3553 elemm

201 3593 429 3677 suspensionis
453 3599 485 3657 et
509 3593 861 3657 excommunicationis
885 3594 1068 3657 sententias
1093 3594 1281 3657 relaxantes
1305 3615 1344 3657 ac
1367 3593 1598 3678 dispensantes
1615 3613 1687 3656 cnm
1705 3591 1782 3666 illia,
1806 3594 1862 3678 qni

202 3695 322 3759 exinde
346 3696 623 3780 irregularitatem
648 3698 791 3782 aliquam
809 3699 1024 3763 incurrerunt.
1049 3719 1107 3783 pro
1123 3697 1209 3760 bono
1226 3699 1316 3783 pacis
1332 3697 1442 3760 taliter
1457 3695 1609 3759 duximus
1625 3693 1859 3759 ordinandum:

201 3806 238 3862 nt
265 3799 352 3863 idem
382 3801 490 3863 clerus
519 3801 581 3863 tria
610 3800 699 3864 milia
725 3821 906 3864 marcarum
930 3802 1059 3885 argenti
1083 3801 1168 3864 infra
1190 3807 1325 3864 octavas
1348 3799 1502 3863 instantis
1529 3806 1754 3885 pentecostes,
1783 3798 1862 3863 dum

201 3914 311 3967 tamen
337 3903 533 3967 ordinationi
556 3912 670 3969 nostro
693 3904 931 3977 consenserint,
956 3904 1063 3969 eidem
1087 3903 1336 3989 archiepiscopo
1353 3904 1405 3967 rel
1428 3903 1631 3989 procuratori
1653 3922 1713 3966 suo
1730 3904 1863 3967 nomine

201 4015 314 4071 nostro
338 4006 539 4092 persolvant.
563 4028 660 4092 qnam
685 4009 856 4092 pec-uniam
880 4008 1046 4093 predictus
1070 4008 1243 4092 episcopus
1267 4006 1354 4070 inter
1376 4005 1535 4070 ecclesias
1551 4005 1698 4069 eiusdem
1716 4006 1862 4070 civitatis

202 4118 235 4175 et
265 4111 422 4177 diocesis.
452 4109 565 4175 habita
595 4110 855 4175 consideratione
884 4110 1078 4176 facultatum
1108 4132 1221 4175 earum
1249 4117 1282 4174 et
1311 4111 1410 4173 etiam
1440 4110 1680 4193 gravaminum,
1713 4131 1778 4195 que
1800 4129 1861 4195 pro

202 4213 378 4279 Leodiensi
408 4214 547 4279 ecclesia
576 4215 796 4299 pertulerunt.
828 4214 968 4281 taxabit.
999 4222 1095 4300 prout
1118 4215 1235 4278 viderit
1262 4213 1435 4300 expedire.
1469 4213 1585 4277 eodem
1609 4213 1859 4298 archiepiscopo

202 4320 398 4384 restituente
430 4319 479 4382 vel
511 4319 544 4382 in
575 4319 716 4383 solutum
750 4319 843 4382 iuxta
873 4325 1017 4383 restrum
1051 4318 1222 4382 arbitrium
1257 4324 1484 4403 computante.
1519 4338 1583 4402 que
1612 4314 1653 4379 ab
1687 4317 1768 4402 ipsis
1798 4317 1861 4380 hac

201 4424 376 4488 occasione
401 4421 584 4487 dinoscitur
607 4423 788 4508 recepisse:
811 4423 877 4508 qni.
900 4423 926 4485 si
947 4421 1116 4507 predictus
1132 4422 1239 4486 clerus
1255 4421 1450 4485 ordinationi
1467 4419 1664 4495 huiusmodi,
1687 4427 1862 4506 postquam

202 4529 251 4592 eis
283 4549 343 4615 per
370 4548 428 4591 vos
459 4526 610 4612 exposita
640 4526 755 4593 fuerit.
786 4525 953 4590 renuerint
982 4526 1184 4591 consentire.
1217 4536 1328 4588 utatur
1349 4524 1454 4588 libere
1476 4524 1583 4608 gratia
1606 4524 1669 4588 sibi
1692 4524 1798 4593 faeta.
1827 4532 1862 4588 et

202 4640 323 4695 extunc
349 4631 412 4698 illi.
444 4630 476 4693 in
501 4651 583 4715 quos
606 4628 753 4715 predicte
777 4630 941 4694 sententie
965 4630 1031 4694 late
1056 4629 1200 4694 fuerant.
1230 4629 1262 4692 in
1286 4626 1421 4692 easdem
1444 4627 1627 4692 sententias
1647 4627 1802 4692 noverint
1824 4649 1861 4692 se

201 4734 369 4799 reductos:
406 4734 432 4796 si
462 4754 542 4797 rero
574 4733 801 4797 consenserint
834 4741 868 4797 et
901 4742 1012 4796 tamen
1046 4733 1078 4795 iu
1111 4731 1259 4818 predicto
1292 4732 1434 4795 termino
1468 4729 1577 4794 eidem
1610 4730 1861 4817 archiepiscopo

201 4837 330 4923 prelata
355 4836 495 4923 pecunia
518 4857 583 4899 non
606 4835 704 4900 luerit
728 4837 855 4921 integre
877 4836 1053 4922 persoluta.
1075 4834 1180 4900 libera
1197 4836 1240 4900 sit
1255 4835 1286 4899 ei
1301 4831 1500 4923 procedendi
1515 4831 1695 4898 secundum
1711 4839 1860 4899 tenorem

200 4940 346 5005 eiusdem
376 4940 482 5025 gratie
514 4946 625 5003 contra
657 4940 746 5007 illos.
777 4940 831 5024 qui
860 4960 924 5003 uon
954 4940 1127 5005 solverint.
1159 4939 1294 5024 reliquis
1323 4939 1454 5025 penitus
1477 4938 1652 5015 absolutis,
1680 4937 1723 5002 de
1747 4944 1862 5003 nostra

200 5045 417 5131 permissione
447 5043 598 5107 facultas.
643 5040 803 5115 Quocirca
838 5041 1045 5109 mandamus.
1077 5044 1229 5128 quatinus
1259 5042 1301 5106 ad
1330 5040 1549 5107 Leodiensem
1580 5041 1756 5106 ecclesiam
1787 5044 1860 5108 sine

200 5171 290 5214 nuuc
321 5147 495 5234 dispendio
526 5145 743 5233 personaliter
765 5145 962 5213 accedentes
985 5153 1018 5211 et
1041 5146 1200 5210 iacientes
1223 5148 1346 5212 clerum
1369 5146 1472 5209 totius
1494 5145 1637 5209 ciuitatis
1661 5153 1695 5210 et
1716 5145 1861 5212 diocesis

302 5408 327 5459 *i
346 5411 481 5463 Temesaea
495 5410 540 5463 u:
557 5410 662 5463 mlrrio
680 5408 705 5459 b.
719 5406 823 5459 Mart«
847 5406 958 5459 limet
973 5406 1084 5460 artam

303 5543 330 5595 li
350 5542 459 5597 aare
478 5543 589 5598 tressis
608 5545 641 5599 ll
657 5544 735 5600 aeas
751 5542 936 5601 muas:
954 5545 986 5611 q:
1005 5561 1032 5598 a.
1045 5548 1089 5599 &t
1107 5548 1139 5597 st
1155 5547 1178 5594 rt
1197 5548 1241 5597 ss.
1321 5545 1350 5597 :li
1369 5542 1410 5609 Q:
1427 5550 1507 5600 ram
1588 5542 1620 5613 8)
1637 5540 1723 5599 Η
1735 5548 1861 5621 '5¹2⁶ss

199 5626 354 5695 eosdemse
374 5627 491 5683 armant
508 5647 530 5685 r.
544 5630 685 5686 llartorlea
700 5648 729 5702 p.
744 5638 786 5700 Δὶς
801 5630 836 5699 ts.
855 5646 883 5683 a
895 5636 931 5683 &t
945 5636 970 5684 rt
985 5636 1028 5685 δι’.

1911 3722 1921 3761 l
