4328 6232
202 342 268 405 468
760 336 808 391 EX
820 335 1045 414 ,muoouuuu
1062 335 1102 390 IV
1120 335 1301 427 uuolsuao

201 509 343 575 ecclesie
367 509 407 576 de
431 531 532 596 regno
549 508 790 592 Alammannie,
816 509 926 599 [quam
949 509 1082 576 duxerit
1104 507 1408 597 acceptandam]⁸¹,
1432 513 1694 597 quamprimum
1716 510 1761 575 ad
1776 511 1860 578 bocb

201 635 237 679 se
261 615 400 679 facultas
424 615 591 696 obtulerit,
615 615 649 678 iu
672 615 861 701 episcopum
885 615 1078 680 auctoritate
1101 620 1213 678 nostra
1234 614 1388 701 preficias
1411 621 1444 680 et
1465 621 1646 700 pastorem,
1675 613 1859 680 decernens

200 719 325 783 irritum
354 725 388 783 et
419 721 531 799 inane,
562 719 590 782 si
618 738 713 783 sacua
741 740 839 804 super
868 720 1054 805 provisione
1081 719 1168 783 illius
1196 719 1353 798 ecclesie,
1385 719 1437 782 eui
1465 717 1506 783 de
1534 719 1662 804 prefato
1689 719 1859 804 preposito

199 820 436 908 providendum
460 820 606 897 duxeris,
631 823 729 888 fucrit
752 828 998 908 attemptatum:
1022 821 1277 887 contradictores
1302 829 1363 887 etc.
1382 857 1423 870 -
1442 822 1614 907 privilegio
1635 822 1783 907 quolibet
1800 842 1860 885 seu

201 924 406 1011 indulgentia
429 925 517 990 aedis
541 927 725 1011 apostolice
747 947 812 990 non
837 927 999 991 obstante.

304 1047 381 1113 Dat.
404 1046 567 1131 Lugduni,
590 1046 675 1113 Non.
698 1048 880 1123 februarii,
905 1047 1079 1112 annoV10.

983 1691 1070 1766 654.
1151 1713 1154 1721 ·

304 1806 522 1898 Innocentius
547 1830 604 1896 IV
616 1852 706 1913 palio
733 1831 899 1916 [Alberto]
926 1832 1066 1914 episeopo
1093 1830 1322 1916 Ratisponensi
1353 1830 1499 1910 mandat,
1534 1836 1570 1895 nt
1597 1835 1801 1918 presbyteros
1831 1843 1858 1902 a

199 1934 326 2000 elericos
358 1936 497 2001 civitatis
530 1939 559 1999 et
590 1936 720 2000 dmeesis
752 1955 843 2013 snae,
882 1937 938 2017 qai
967 1934 1096 2020 [Ottoni
1123 1935 1183 2020 Il]
1211 1935 1286 2001 doci
1312 1935 1478 2001 Bononiae
1509 1939 1539 2000 a
1571 1936 1758 2024 Glonrodo]
1785 1947 1858 2006 noto

199 2038 395 2124 F[rideries]
417 2040 574 2121 qnondam
600 2040 802 2124 imperatoris
828 2041 864 2104 in
893 2040 1028 2105 ecelesiis
1043 2060 1105 2120 per
1126 2039 1350 2125 [Philippum]
1371 2040 1498 2104 electam
1520 2039 1766 2107 Ferrarienscm
1787 2049 1858 2110 tane

200 2142 334 2225 lepatom
361 2143 526 2208 interdicto
552 2144 723 2224 clamesitis
748 2143 971 2208 cebbroocrint
999 2161 1055 2206 nee
1083 2161 1177 2223 stepen
1203 2141 1259 2208 too
1284 2161 1317 2208 se
1345 2142 1552 2222 correxerint,
1582 2143 1743 2226 barefieiis
1768 2148 1855 2213 eccle-

198 2246 337 2311 siosticis
353 2247 467 2327 privet.
1511 2248 1605 2328 1249,
1627 2248 1726 2315 Febr.
1742 2252 1774 2315 5.

303 2366 367 2419 ron.
381 2366 429 2419 m
444 2367 508 2436 aa.
528 2367 587 2422 aa.
607 2367 655 2435 vr,
670 2369 692 2434 f.
709 2375 748 2436 25,
771 2384 798 2421 n.
815 2373 872 2423 aa.
912 2367 1067 2436 compar,
1093 2367 1164 2436 qaae
1180 2367 1288 2434 noso,
1312 2367 1329 2422 z.
1344 2382 1367 2422 ο.
1381 2384 1411 2434 p.
1425 2372 1475 2421 os
1496 2367 1590 2436 aaa,
1611 2373 1778 2426 miserans
1800 2391 1857 2429 a·

202 2452 432 2607 limbatas,
454 2540 519 2609 Rea.
535 2548 628 2610 raroa-
645 2543 744 2610 Besae
761 2548 839 2597 4334.

694 2795 732 2814 ..
762 2739 985 2832 episeopo
1013 2739 1369 2832 Ratisponensi⁰.

310 2887 407 2971 Cum,
440 2891 522 2954 sicut
552 2896 584 2954 te
615 2890 801 2975 accepimus
832 2890 1017 2970 intimante,
1049 2889 1195 2955 nonnulli
1226 2890 1412 2977 presbyteri
1445 2898 1478 2954 et
1507 2891 1619 2957 clerici
1650 2895 1796 2960 civitatis
1826 2906 1858 2962 et

199 2992 339 3059 diocesis
371 3002 426 3060 tue
456 3045 463 3060 .
488 3047 494 3060 .
522 2994 595 3058 duci
623 2992 773 3058 Bawaric
801 3000 835 3058 et
860 2992 896 3059 O.
920 3000 996 3058 nato
1024 2993 1061 3060 F.
1086 2992 1250 3079 quondam
1280 2994 1501 3079 imperatoris,
1534 2997 1674 3062 ecclesie
1703 3020 1858 3084 persecu-

198 3097 343 3179 toribus,
373 3099 406 3163 in
435 3098 628 3185 quibusdam
651 3099 800 3164 ecelesiis
824 3098 1001 3164 earundem
1024 3098 1166 3163 civitatis
1191 3103 1224 3162 et
1246 3097 1405 3180 diocesis,
1435 3120 1494 3185 per
1517 3099 1674 3166 dilectum
1698 3103 1803 3169 filium
1824 3155 1857 3170 ..

199 3199 444 3267 Ferraricusem
483 3204 641 3284 electum,
683 3209 760 3267 tunc
795 3203 828 3266 in
863 3203 1009 3289 partibus
1044 3202 1108 3266 illia
1143 3200 1323 3287 apostolice
1358 3200 1444 3266 aedis
1478 3202 1640 3288 legatum,
1682 3209 1857 3274 occasione

198 3304 364 3388 generalis
399 3305 560 3372 discordie
591 3305 769 3393 supositisd
799 3306 1025 3371 ecclesiastico
1054 3303 1243 3384 interdicto,
1281 3303 1464 3384 celebrare,
1504 3307 1603 3370 immo
1634 3317 1796 3394 quantum
1824 3314 1856 3378 in

199 3409 267 3472 eis⁰
290 3415 358 3486 eat,
385 3410 494 3474 verius
523 3411 783 3497 presumpserint
811 3411 1018 3497 prophanare
1046 3410 1170 3490 diviua,
1201 3415 1235 3473 et
1258 3408 1401 3474 nondum
1425 3431 1525 3496 super
1547 3409 1608 3476 hoc
1632 3434 1669 3478 se
1694 3416 1858 3502 condigna

200 3512 425 3577 satisfactione
455 3514 695 3580 correxeriut²z
731 3535 771 3578 ne
805 3520 894 3579 tante
924 3511 1202 3599 presumptionis‘
1229 3533 1384 3577 excessus
1413 3514 1590 3599 impunitus
1619 3527 1794 3584 remancat
1824 3529 1858 3584 et

199 3623 346 3681 trauseat
368 3618 440 3682 aliis
464 3619 496 3681 in
519 3619 716 3704 exemplum,
740 3618 937 3682 fraternitati
961 3625 1015 3682 tue
1039 3639 1097 3702 per
1119 3617 1299 3702 apostolica
1321 3618 1444 3703 scripta
1468 3619 1500 3683 ia
1518 3619 1641 3685 virtute
1664 3622 1856 3690 obedientie

199 3719 349 3784 districte
373 3721 585 3807 precipiendo
609 3721 811 3802 mandamus,
844 3722 997 3806 quatinus
1020 3721 1222 3808 presbyteris
1247 3727 1279 3785 et
1303 3721 1432 3786 clericis
1455 3723 1691 3809 premissorum
1714 3729 1856 3795 civitatis

200 3828 234 3886 ct
257 3821 407 3902 diocesis,
435 3845 515 3908 quos
538 3825 702 3889 inveneris
725 3845 826 3911 super
847 3824 909 3889 boc
932 3825 1043 3889 taliter
1065 3824 1260 3904 excessisse,
1287 3823 1458 3890 beneficiis
1482 3827 1718 3894 ecclesiasticis
1741 3842 1856 3918 perte

200 3925 396 3990 auctoritate
420 3933 532 3991 nostra
555 3929 706 4014 privatio,
735 3929 854 3993 altaria
876 3929 1089 3994 ecclesiarum
1111 3929 1256 4015 ipsarum
1280 3929 1312 3991 in
1335 3927 1592 3996 detestationem
1614 3934 1699 3997 tanti
1721 3937 1858 4001 sceleris

199 4027 315 4092 nudari
337 4028 439 4094 facias
463 4037 496 4095 et
519 4052 699 4113 remancre,
722 4031 878 4118 quamdiu
902 4031 1058 4118 expedire
1080 4032 1213 4112 videris,
1237 4030 1419 4106 denudata;
1444 4033 1705 4102 contradictores
1729 4046 1793 4105 etc.

312 4148 388 4214 Dat.
411 4148 574 4236 Lugduni,
597 4152 682 4218 Non.
706 4152 887 4235 Februarii,
912 4175 996 4218 anno
1013 4152 1088 4219 VI⁰.

303 4443 328 4511 ⁸)
346 4463 423 4512 quam
441 4447 544 4499 duxerit
560 4448 744 4515 acceptandam
761 4449 830 4501 deest
848 4455 873 4514 1,
895 4451 1067 4516 supplevimus
1083 4468 1114 4503 ee
1129 4455 1152 4502 2.
1184 4451 1302 4519 Apparet
1320 4460 1429 4519 propter
1451 4451 1515 4505 daec
1531 4453 1610 4506 serbo
1626 4455 1764 4521 epaazam
1781 4475 1854 4510 reno·

198 4540 285 4582 notant
302 4549 363 4584 erre.
459 4531 483 4597 b)
502 4535 528 4586 id
546 4538 570 4586 2.
665 4536 687 4600 c)
706 4537 795 4588 Eidem
807 4536 855 4598 R.,·
870 4539 995 4590 antecedit
1012 4556 1037 4590 n.
1050 4542 1103 4591 665.
1201 4536 1226 4603 d)
1244 4539 1281 4590 ita
1296 4538 1326 4590 R.
1419 4545 1442 4604 θ)
1461 4555 1493 4592 ao
1510 4557 1578 4592 corr.
1596 4541 1642 4593 eir.
1735 4539 1757 4605 f)
1775 4543 1855 4595 itali.

304 4685 330 4753 1)
348 4682 382 4738 Ut
396 4685 573 4754 afcbreitaein,
592 4686 647 4756 Ep.
660 4687 763 4755 Potae,
782 4706 826 4757 op.
839 4688 944 4756 Βαιιώ,
960 4689 1021 4744 Rer.
1035 4691 1129 4744 Aaron.
1144 4690 1196 4745 SS.
1209 4696 1227 4745 t.
1238 4691 1280 4758 11,
1295 4707 1324 4760 p.
1337 4698 1387 4746 502
1398 4696 1503 4759 narrat
1519 4691 1661 4748 (hornam
1678 4694 1856 4767 nnsoopcrtm

200 4769 384 4824 Pistoriensem
402 4770 447 4840 [af.
462 4788 491 4839 p.
504 4780 559 4840 467,
582 4779 636 4827 not.
650 4774 681 4844 3]
699 4775 806 4842 ascani
829 4791 855 4828 se
869 4790 946 4843 prosse
963 4776 1084 4843 sperant.
1117 4776 1206 4843 (baaz,
1231 4793 1311 4844 poam
1333 4777 1403 4831 idem
1422 4776 1574 4846 Conradm
1598 4782 1654 4848 ‘per
1671 4781 1814 4836 Amnon
1834 4788 1857 4836 rt

201 4853 322 4925 Styriom
343 4859 502 4925 apostolieae
523 4858 590 4913 aedis
611 4861 719 4928 topatus
737 4861 767 4913 ia
786 4861 905 4926 fororem
928 4862 1039 4930 episcopi
1057 4862 1228 4917 Seeoteienais
1244 4863 1314 4917 dedat
1333 4864 1477 4918 ‘ildoinus
1495 4864 1540 4918 VI
1553 4865 1620 4920 Kal.
1639 4866 1728 4922 Mart.
1746 4888 1773 4924 a
1787 4871 1857 4925 tm'

200 4941 315 5010 [Prasia
338 4943 454 5011 Diplom.
473 4960 552 4998 saera
571 4945 677 5016 Styrioe
694 4953 711 4999 t.
728 4947 757 5014 1,
772 4963 801 5015 p.
819 4954 884 5013 3205
908 4947 1082 5015 Mirtbaeber,
1106 4947 1214 5003 Oenea
1235 4947 1382 5018 Interrapn.
1400 4951 1472 5005 Ano.
1486 4967 1515 5020 p.
1531 4958 1575 5020 26,
1593 4968 1622 5008 a.
1641 4953 1674 5007 X
1678 4952 1725 5025 VJ,
1747 4956 1856 5024 doque

199 5027 263 5095 alia,
281 5026 347 5081 data
360 5029 499 5098 ‘foblanioa
518 5039 632 5100 o.1248,
653 5033 684 5085 X
695 5033 759 5088 Kal.
773 5034 857 5101 Apn',
872 5049 922 5101 per
937 5050 1018 5101 marn
1031 5035 1172 5089 waradien
1189 5035 1400 5105 ardriepisaopas
1417 5037 1586 5107 Coloniouia
1606 5041 1773 5109 ‘afflatione
1788 5042 1856 5099 adit

199 5113 310 5181 lepatos’
327 5122 358 5168 eo
376 5117 549 5186 consternavit,
573 5135 642 5187 qaae
658 5119 690 5172 in
706 5119 793 5174 eadem
810 5136 840 5174 re
858 5119 998 5174 Oeniadas
1015 5122 1058 5175 ille
1075 5125 1148 5177 ‘tanc
1165 5123 1288 5191 temperas
1305 5123 1337 5176 in
1354 5123 1483 5177 Attanae
1499 5129 1525 5179 et
1543 5124 1653 5196 Sasiae
1664 5129 1792 5196 mnam
1806 5130 1857 5185 adca

199 5205 292 5254 naara
307 5200 339 5254 ale
355 5201 423 5256 seda
440 5205 596 5272 mortalisne
612 5205 717 5273 speciali
733 5206 863 5260 manwto
880 5207 1017 5275 waronis
1033 5208 1147 5277 sononia
1164 5210 1257 5277 officia
1275 5216 1365 5280 eperat
1377 5209 1545 5280 lamam,
1565 5213 1649 5283 Repo.
1661 5213 1753 5272 Kane.
1764 5232 1789 5272 a.
1799 5215 1856 5272 Ha

199 5286 299 5355 dadan,
317 5289 393 5343 Ann.
411 5288 437 5344 d.
455 5290 515 5346 bist.
535 5292 591 5346 Ver.
607 5293 629 5359 f.
648 5291 673 5347 d.
692 5292 831 5348 Niedemb.
849 5294 919 5360 Hest
938 5299 981 5361 35,
997 5312 1026 5363 p.
1040 5301 1079 5362 35,
1097 5312 1125 5350 n.
1142 5299 1213 5366 270]‚
1236 5302 1267 5350 at
1290 5297 1368 5352 aerbo
1384 5298 1470 5352 estote
1486 5298 1678 5369 demonstrant,
1700 5301 1741 5356 od
1755 5318 1783 5358 a.
1793 5306 1857 5359 M

195 5373 342 5441 peninon·
365 5375 397 5442 cf.
416 5376 495 5431 etiam
512 5382 615 5432 cartam
635 5377 756 5432 Comoedi
769 5395 863 5448 praep.
883 5380 975 5448 ‘lopati'
994 5397 1020 5434 o.
1037 5387 1113 5450 1250,
1132 5383 1201 5451 Apr.
1214 5391 1254 5452 19,
1273 5383 1353 5438 Mon.
1372 5383 1468 5453 Boico,
1485 5388 1503 5438 t.
1519 5384 1583 5454 2⁹1⁸,
1599 5400 1632 5455 p.
1644 5391 1706 5443 810.
1740 5386 1856 5459 lum
1883 5404 1898 5415 ·

198 5466 316 5515 manant
334 5462 409 5516 Ana.
424 5463 569 5533 spasmo,
587 5464 634 5532 qai
647 5465 733 5533 plora
749 5465 782 5520 de
800 5466 856 5521 cito
869 5467 1015 5535 praepositi
1031 5470 1187 5524 minatore
1203 5470 1334 5536 ramea:
1357 5472 1392 5526 ‘o.
1405 5476 1471 5526 1119
1488 5468 1638 5527 M
1651 5508 1681 5527 n
1692 5512 1722 5531 ..
1735 5472 1898 5549 uspi-

199 5545 249 5600 iter
271 5547 302 5600 in
327 5546 369 5600 die
392 5547 519 5604 Omnium
541 5550 699 5605 &nomm
717 5552 798 5620 [Non.
816 5554 844 5623 1]
865 5552 948 5607 ciendi
970 5555 1001 5608 t'n
1024 5555 1187 5619 Areon-romb
1213 5556 1260 5611 SS.
1278 5561 1296 5613 t.
1313 5556 1419 5627 XVII,
1437 5572 1470 5627 ρ.
1484 5562 1529 5613 dd.
1698 5554 1731 5600 ²²-
1745 5564 1810 5599 “¹⁵

199 5630 232 5698 cs.
250 5631 328 5686 otiam
344 5641 391 5689 ott
407 5641 432 5689 et
448 5642 506 5692 608.
