4328 6232
819 370 866 424 EX
885 370 1102 425 lNNOCENTll
1121 370 1159 424 IV
1178 368 1358 424 naatsruo

1041 664 1134 729 XVI.

364 764 583 858 balaanan
606 792 664 856 rr
678 813 765 876 papa
784 792 994 873 praetensa
1022 793 1143 856 creme
1168 792 1298 856 rescae
1324 791 1676 856 acernaacerna
1699 792 1790 855 rari·
1810 794 1918 854 aare

257 896 337 977 facil
358 916 390 961 se
412 896 545 982 P[etro]
567 894 728 960 cardinali
743 894 859 976 pilanae
882 896 1046 978 legationis
1068 893 1210 979 officinm
1231 895 1267 958 in
1283 895 1434 976 partibas
1455 916 1561 960 carane
1582 897 1780 961 arelatense.

1442 1001 1535 1078 1249,
1558 1000 1639 1081 Apr.
1654 999 1806 1084 [15-17
1799 1001 1832 1086 ].

364 1086 428 1140 Irin¹
449 1085 496 1138 IV
511 1086 575 1154 Κεφ.
594 1084 654 1140 inb.
670 1085 718 1152 Vr,
734 1086 756 1150 s.
773 1094 812 1152 72,
831 1101 886 1138 caer.
904 1102 932 1137 n.
945 1093 989 1138 44.

365 1169 495 1238 Poltliaat,
516 1171 579 1239 Ray.
592 1177 686 1236 men,-
705 1171 803 1240 Berper
821 1176 896 1224 4706.

487 1390 525 1406 ..
554 1333 893 1425 archiepiscopo
922 1333 1087 1405 Pisano
1117 1338 1160 1404 et
1187 1333 1412 1407 universis
1440 1334 1689 1425 episcopis

302 1454 568 1538 ‘abbatibus
597 1455 849 1544 prioribus,
879 1452 1228 1540 archidiaconis,
1257 1454 1665 1546 archipresbyteris
1693 1461 1736 1529 et
1766 1455 1874 1528 aliis

306 1575 596 1649 ecclesiarum
632 1577 842 1666 prelatiS,
874 1597 953 1648 uec
981 1595 1065 1646 uon
1093 1574 1261 1648 ceteris
1289 1576 1500 1667 personis
1527 1576 1868 1664 ecclesiasticis

313 1701 401 1768 tam
429 1695 656 1787 religiosis
688 1718 817 1787 quam
851 1695 1153 1781 secularibus,
1186 1696 1401 1786 exemptis
1432 1702 1474 1769 et
1507 1719 1594 1770 non
1627 1697 1861 1789 exemptis

408 1837 486 1907 per
513 1817 719 1891 Tusciam
747 1823 789 1891 et
817 1817 1144 1891 Patrimonium
1174 1817 1295 1890 beati
1321 1816 1461 1890 Petri¹
1489 1819 1765 1892 constitutis

369 1963 584 2031 Incumbente
608 1967 702 2031 nohis
727 1968 933 2033 multitudine
958 1969 1164 2052 negotiorum
1189 1969 1370 2047 innumera,
1399 1968 1630 2054 profundarum
1654 1969 1807 2032 nimirum
1832 1971 1916 2054 cogi-

262 2069 422 2133 tationum
440 2069 598 2134 varietate
618 2069 838 2150 distrahimur,
863 2081 896 2136 et
912 2093 974 2156 quo
991 2071 1095 2156 nmgis
1112 2092 1170 2134 nos
1195 2071 1347 2135 omnihus
1371 2072 1557 2157 impositum
1581 2070 1676 2136 nohis
1698 2073 1919 2158 apostolatus⁸

261 2170 401 2235 osticium
425 2173 592 2238 constituit
614 2173 787 2253 debitores,
813 2183 874 2239 etc.
900 2181 935 2237 ut
958 2196 1057 2260 supra
1074 2175 1107 2237 in
1129 2175 1195 2254 illa,
1221 2196 1284 2260 que
1307 2176 1446 2240 mittitur
1462 2176 1627 2262 episcopis
1644 2181 1678 2240 et
1693 2176 1768 2240 aliis
1786 2177 1917 2262 prelatis

261 2274 404 2339 marchia
433 2275 653 2354 Anconitane,
683 2284 745 2342 etc.
775 2299 879 2363 usque
914 2277 1154 2342 destinandum.
1207 2277 1351 2362 ideoque
1386 2279 1591 2344 universitati
1624 2288 1733 2345 vestre
1769 2278 1915 2344 districte

261 2377 472 2465 precipiendo
496 2379 697 2460 mandamus,
721 2382 872 2465 quatinus
898 2382 1014 2467 ipsum.
1038 2383 1126 2445 inmo
1151 2382 1260 2467 potius
1283 2403 1343 2447 nos
1367 2383 1400 2446 in
1423 2384 1496 2469 ipso
1519 2389 1580 2449 etc.
1604 2403 1708 2469 usque
1731 2384 1770 2448 in*
1788 2383 1886 2449 tinem
1895 2383 1917 2448 ².

1036 2692 1145 2756 XVII.

368 2793 585 2888 Irritaccntias
600 2822 625 2886 I
629 2820 659 2884 V
664 2842 755 2901 papa
770 2819 900 2904 Platea]
915 2821 1076 2886 cardinali
1098 2823 1197 2904 lepalo
1220 2822 1356 2887 raecedit
1375 2827 1557 2903 patestatem
1578 2824 1724 2906 acipmdi
1746 2824 1920 2889 sabelliane

259 2945 319 3005 pro
342 2925 461 3006 negatio
482 2927 572 3007 rapiti
595 2924 726 2989 Siciliae
742 2924 951 3004 praecauenda
973 2925 1013 2989 ab
1035 2926 1193 2989 reatinensis
1215 2925 1366 3009 episcopis
1388 2929 1417 2990 cl
1438 2926 1515 2990 aliis
1532 2928 1679 3007 personis
1706 2927 1921 2993 ecclesiasticis

262 3032 291 3090 at
312 3027 448 3092 ecclesiis
469 3032 629 3092 terraram
652 3026 818 3111 legationis
839 3046 914 3091 snae
937 3031 965 3091 el
991 3025 1186 3109 Campaniae
1208 3034 1237 3093 cl
1259 3027 1448 3132 Maritimae
1470 3033 1499 3092 cl
1519 3028 1623 3096 Urbis.

1437 3134 1531 3210 1249,
1554 3132 1635 3214 Apr.
1652 3133 1835 3220 [15-17J.

370 3217 435 3271 dnn
449 3217 469 3268 Ι
472 3215 496 3269 V
513 3216 575 3285 Rep.
595 3217 654 3271 Lib.
674 3216 718 3284 VI,
738 3219 810 3284 filil,
829 3232 886 3268 cnr.
905 3233 932 3269 n.
948 3224 988 3270 53.

368 3302 497 3370 Portae,
518 3303 581 3372 aa.
595 3310 689 3368 13734‚·
708 3304 803 3371 Berper
821 3311 893 3356 erre.

354 3501 395 3575 P.
424 3501 586 3575 Sancti
615 3501 807 3593 Georgii
834 3501 1064 3574 adVelum
1091 3503 1299 3575 Aureum
1330 3501 1548 3591 [diacono
1577 3503 1826 3590 cardinali,

760 3622 1033 3714 apostolice
1060 3621 1192 3695 sedis
1219 3616 1428 3714 legato]¹'.

373 3772 455 3836 Cum
479 3779 511 3837 te
533 3794 591 3859 pro
616 3773 747 3857 negotio
773 3772 864 3856 regni
887 3772 1011 3851 Sicilie,
1035 3772 1208 3835 commisso
1232 3771 1290 3835 tibi
1314 3773 1412 3857 plene
1436 3774 1612 3858 legationis
1635 3774 1751 3849 officio,
1775 3772 1920 3840 destine-

265 3895 352 3954 mus,
382 3876 459 3960 quia
487 3896 550 3961 quo
573 3876 678 3959 magis
702 3884 754 3940 est
776 3875 913 3939 arduum
937 3875 1044 3960 ipsum
1068 3875 1251 3959 negotium,
1284 3896 1323 3939 eo
1353 3896 1410 3960 pro
1438 3875 1525 3940 illius
1556 3877 1753 3942 executione
1776 3876 1923 3942 subsidio

264 3978 393 4064 indiges
416 3979 551 4064 potiori,
579 3978 767 4044 discretioni
791 3985 846 4044 tue
872 3978 1024 4063 exigendi
1049 3979 1090 4042 ab
1114 3979 1275 4043 universis
1299 3979 1460 4064 episcopis
1484 3985 1518 4044 et
1540 3980 1614 4044 aliis
1638 3981 1792 4067 personis
1815 3982 1922 4046 ecole-

265 4083 407 4148 siasticis
431 4104 469 4147 aa
494 4084 642 4147 ecclesiis
665 4090 825 4149 terrarum
850 4090 905 4148 tue
930 4083 1105 4168 legationis
1130 4104 1259 4148 necnon
1277 4081 1456 4168 Campania
1481 4091 1513 4147 et
1529 4082 1718 4149 Maritime⁸
1735 4105 1775 4148 aa
1791 4085 1927 4172 insuper

265 4187 307 4250 ah
331 4186 479 4251 omnihus
504 4187 631 4252 clericis
654 4188 800 4251 locorum
824 4187 969 4272 ipsorum
993 4193 1027 4250 et
1051 4186 1148 4250 etiam
1172 4184 1273 4250 Urbis
1297 4183 1510 4270 prehendatis
1535 4188 1586 4253 vel
1610 4187 1692 4251 alias
1715 4187 1924 4252 beneficiatis

265 4291 297 4354 in
321 4290 386 4354 illis
409 4290 559 4376 partibus
583 4290 801 4355 existentibus
825 4289 1010 4353 subsidium
1032 4310 1092 4375 pro
1110 4288 1225 4352 eodem
1242 4287 1464 4373 promovendo
1481 4291 1625 4374 negotio,
1648 4291 1768 4355 sivein
1784 4291 1926 4378 pecunia

266 4395 334 4458 sive
366 4395 399 4458 in
427 4394 519 4474 aliis,
550 4400 646 4480 prout
669 4392 826 4480 expedire
850 4392 989 4469 rideris,
1020 4393 1225 4477 singulorum
1248 4391 1459 4456 facultatibus
1482 4400 1516 4457 et
1538 4393 1755 4477 proventibus
1780 4394 1921 4460 discrete

265 4498 423 4583 pensatis,
446 4498 613 4583 ipsosque,
637 4497 665 4561 si
681 4518 819 4563 neeesse
835 4497 943 4575 fuerit,
967 4496 1009 4561 ad
1027 4495 1105 4560 illud
1122 4495 1335 4582 prestandum
1351 4496 1546 4561 auctoritate
1567 4503 1679 4561 nostra
1700 4499 1922 4584 appellatione

266 4601 451 4686 postposita
488 4599 718 4687 compescendi
749 4639 788 4647 —
815 4600 987 4686 privilegio
1023 4599 1171 4684 quolibet
1199 4598 1250 4662 vel
1284 4597 1488 4692 indulgentia
1522 4597 1610 4663 sedis
1645 4600 1827 4686 apostolice
1861 4607 1935 4665 nou

265 4704 416 4768 obstante
441 4740 481 4750 -
505 4705 635 4789 plenam
659 4711 693 4768 et
715 4703 855 4768 liberam
880 4703 1089 4769 concedimus
1114 4709 1228 4768 tenore
1252 4702 1454 4788 presentium
1477 4709 1688 4788 potestatem.

374 4824 452 4890 Dat.
474 4831 511 4888 ut
534 4846 642 4911 supra.

370 5084 395 5150 ι)
413 5087 583 5152 apostolatum
602 5086 634 5136 a.
739 5084 765 5149 u
784 5087 873 5137 errem
891 5086 939 5150 a.‚·
957 5087 1082 5138 amara
1098 5105 1125 5139 a.
1139 5086 1280 5137 rrrrra.

371 5223 398 5289 1)
418 5222 480 5276 Sea.
502 5221 534 5273 in
556 5221 669 5283 timia,-
694 5236 759 5272 nam
780 5221 874 5288 lapario
898 5221 928 5273 in
951 5221 1095 5289 celebrabas
1114 5221 1237 5289 partdma
1260 5221 1424 5274 Patrimonii
1447 5221 1470 5273 ei
1494 5220 1525 5272 in
1547 5236 1585 5287 ep.
1609 5237 1636 5274 a.
1655 5218 1736 5273 XIX
1758 5222 1855 5274 nodata
1877 5225 1921 5284 eil,

265 5310 298 5375 as.
318 5309 398 5362 eliam
415 5325 443 5362 n.
458 5306 527 5361 XX.
614 5308 642 5373 ⁶2)
662 5307 701 5372 Os.
715 5324 744 5375 ρ.
758 5315 813 5373 495,
832 5312 885 5361 not
899 5316 923 5361 2.
954 5308 1010 5376 Ep.
1027 5314 1054 5362 ct
1071 5307 1131 5377 ipra
1148 5312 1210 5361 arcte
1226 5325 1254 5361 n.
1274 5305 1336 5360 XX
1352 5306 1456 5375 empta
1472 5312 1518 5360 eet.
1605 5304 1634 5373 3)
1655 5305 1756 5359 Petrae
1773 5307 1878 5376 tepulae
1893 5306 1920 5359 is

262 5394 387 5463 placabere
405 5394 484 5448 terris
500 5394 555 5446 ianr
573 5399 617 5460 est,
636 5392 686 5445 ie.
705 5392 736 5445 in
754 5392 854 5459 Sicilia,
876 5393 1009 5462 Marclria,
1026 5395 1140 5448 Dilecta
1157 5399 1180 5447 et
1202 5393 1309 5461 Tuscia,
1332 5410 1415 5462 nepae
1431 5408 1490 5447 aero
1507 5391 1538 5445 in
1556 5390 1750 5460 (lemniae
1769 5391 1922 5457 Mariti-ie,-

261 5485 372 5549 μηρία
395 5478 465 5549 quael
488 5484 602 5547 eppaet
622 5495 650 5532 n.
669 5477 770 5532 XVet
789 5477 872 5541 XVI,
895 5485 960 5533 arete
982 5478 1103 5533 22.er
1122 5480 1223 5548 πῆμα
1243 5484 1340 5533 ae-
1364 5475 1650 5547 caminensem
1671 5478 1922 5547 &apamio

265 5565 340 5633 repni
362 5564 485 5632 Siciliae’,
509 5582 567 5619 nan
588 5570 619 5619 at
640 5566 672 5618 in
693 5565 808 5635 epistolia
828 5566 860 5619 in
878 5564 943 5635 neq.
965 5565 1178 5620 antecedentiam
1200 5571 1224 5620 et
1246 5564 1414 5635 sernentibus
1436 5563 1478 5634 [a.
1493 5561 1623 5635 xxm]
1642 5562 1689 5616 ‘ad
1707 5568 1800 5634 partes
1820 5563 1919 5619 Μία)

266 5650 430 5706 amanam
446 5667 505 5707 ecee.
