4328 6232
735 327 936 384 EPISTOLAE
953 328 1144 386 subacens.
1182 332 1256 387 1246.
1768 336 1827 396 145

170 507 336 566 annuente
359 500 503 567 Domino
526 524 683 589 prospere
707 503 904 582 inchoatum,
929 505 1034 589 possit
1058 503 1205 570 ciusdem
1229 511 1429 589 cooperante
1453 506 1561 589 gratia
1583 505 1647 570 fine
1671 503 1829 569 laudabili

170 604 401 671 consummari.
446 603 542 671 Circa
570 606 808 672 exhibitionem
836 626 964 693 quoquc
996 609 1146 694 promissi
1171 630 1190 671 a
1214 609 1307 672 nobis
1331 608 1490 672 subsidii¹
1513 609 1622 673 nullus
1646 607 1828 693 reperietur

170 730 213 774 ex
237 715 332 794 parte
356 714 469 774 nostra
490 709 651 792 deiectus,
675 731 829 796 cumpro
853 712 1109 777 consummando
1134 711 1251 778 codem
1276 710 1408 794 negotio
1432 710 1639 775 intendamus
1663 712 1762 776 etiam
1786 710 1826 775 ad

171 813 305 877 maiora.
350 812 437 899 Regi
458 820 568 881 autem
591 814 720 902 prolato
744 815 888 880 nondum
911 817 1111 902 scripsimus,
1135 837 1193 902 pro
1216 836 1255 879 eo
1280 812 1365 899 quod
1389 815 1553 878 solemnes
1577 815 1680 900 ipsius
1695 816 1826 879 nuntios

171 921 390 1002 expectamus
400 914 425 996 ²,
460 937 535 982 cunr
561 918 678 1004 quibus
711 918 751 984 de
782 918 862 999 hiis,
892 940 955 1004 que
985 920 1049 1004 ipsi
1077 920 1209 1005 negotio
1237 917 1421 982 videbimus
1451 924 1652 1004 opportuna,
1680 918 1827 1003 plenarie

169 1019 397 1107 disponamus.

278 1139 357 1206 Dat.
379 1140 542 1228 Lugduni,
566 1141 598 1204 V
619 1142 698 1208 Idus
722 1144 793 1209 Iun.
818 1167 902 1210 anno
926 1144 987 1208 ΙΙΙ.

796 1406 1206 1414 ——-———-—--

961 1664 1045 1736 190.

278 1772 496 1864 Bissoccntins
510 1800 565 1865 IV
578 1823 668 1884 papst
682 1801 868 1887 [Philippo]
882 1805 974 1868 eleeto
989 1803 1196 1867 Ferrariensi
1220 1802 1298 1865 idern
1320 1801 1437 1877 scribit,
1459 1800 1580 1862 ‹icloens
1599 1804 1635 1861 nt
1649 1801 1829 1883 lasstprauto

168 1909 319 1984 sepserant,
340 1923 437 1984 qnam
458 1907 636 1968 constanter
657 1905 784 1969 ecclesio
806 1906 835 1969 ci
857 1908 1002 1970 assistere
1019 1910 1188 1989 proponet.
1481 1907 1573 1980 1246,
1597 1903 1671 1968 lest.
1690 1906 1740 1969 10.

278 2023 341 2076 Ins.
356 2022 401 2075 IV
416 2022 483 2092 sep.
501 2022 591 2090 Voti,
608 2029 672 2089 3053
691 2023 750 2079 Lib.
764 2024 824 2092 HI,
840 2040 896 2079 eser.
909 2032 947 2080 25.

277 2108 376 2178 Bsrpsr
395 2116 467 2164 1990.

737 2329 772 2347 ..
802 2272 947 2346 electo
974 2272 1271 2347 Ferrariensi.

280 2420 418 2485 Litteris
442 2420 507 2485 tuis
531 2422 711 2487 affectuoso
737 2423 888 2507 receptis,
912 2430 974 2489 etc.
998 2429 1035 2487 ut
1059 2446 1157 2509 supra
1182 2424 1214 2487 in
1239 2423 1386 2508 proxima
1409 2442 1529 2504 usquc:
1554 2419 1693 2482 viriliter
1716 2440 1826 2502 prosc-

171 2532 302 2608 quatur,
327 2544 499 2608 exponens
523 2525 563 2602 ci,
593 2547 689 2610 quam
712 2533 901 2591 constanter
923 2528 1081 2590 assistere
1107 2528 1169 2590 sibi
1193 2526 1344 2612 proponit
1367 2523 1523 2594 eeclesia,
1556 2544 1628 2584 cum
1654 2523 1684 2584 in
1710 2522 1770 2584 hoc
1796 2527 1828 2584 et

104 2654 115 2684 ··
171 2627 255 2708 regii
274 2626 406 2689 honoris
423 2634 634 2712 augmentum
657 2636 689 2692 ct
713 2629 872 2693 catholice
897 2629 972 2693 lidci
990 2631 1089 2694 robur
1107 2654 1145 2694 ac
1160 2631 1384 2694 defensionem
1403 2626 1586 2690 consideret
1602 2625 1826 2690 ecclesiastice

99 5562 125 5598 25

169 2729 344 2793 libertatis.
396 2729 491 2793 Circa
521 2731 779 2795 exhibitionem·
808 2753 939 2817 quoque
969 2733 1118 2819 promissi
1145 2754 1165 2795 a
1196 2734 1289 2796 nobis
1320 2730 1480 2795 subsidiil’
1511 2737 1572 2793 etc.
1603 2750 1725 2813 usquc:
1759 2727 1825 2791 dis-

171 2854 342 2918 ponemus.

281 2951 358 3017 Dat.
382 2953 546 3038 Lugduni,
570 2955 641 3020 Illl
664 2955 742 3019 Idus
766 2955 863 3033 lunii,
888 2979 973 3021 anno
997 2957 1104 3022 tertio.

797 3220 1207 3230 ———-—-.—-——

964 3479 1046 3552 191.

278 3586 497 3681 Innocentius
512 3617 567 3681 IV
582 3640 669 3699 puple
691 3619 875 3703 [Cossrodo]
897 3620 1127 3700 cretsicpiscopo
1153 3618 1331 3684 Coloniensi
1358 3617 1403 3680 cd
1424 3637 1532 3696 preces
1554 3615 1724 3698 [Histrici]
1747 3615 1828 3693 repis

93 3756 120 3791 2..
172 3720 391 3785 Rmacnornm
412 3721 551 3799 ηιαηᾱαι,
574 3727 608 3784 ut
625 3725 806 3804 praeposito
828 3724 963 3789 Sistsetce
986 3723 1116 3787 Μιινὶασ
1138 3722 1182 3785 ccl
1206 3721 1337 3787 (irrides
1362 3719 1557 3786 Uoltiniensis
1580 3718 1759 3781 incivitate
1782 3717 1829 3779 ccl

171 3822 288 3887 diocesi
312 3822 491 3889 Oolmsiensi
517 3825 554 3888 de
575 3826 749 3890 redditibus
771 3828 984 3890 ecelesiasticis
1000 3827 1179 3906 procident,
1208 3824 1371 3888 disctinctis
1398 3845 1502 3887 eornm
1521 3826 1691 3902 presentes
1712 3821 1827 3884 dumta-

174 3931 283 3990 tnrnm
304 3947 485 3992 marcorem
507 3929 632 4012 arpenti
652 3930 822 3994 annuatim
843 3931 1014 3994 volentium
1036 3949 1101 3994 nors
1122 3928 1281 3994 eamdent.
1322 3980 1326 3985 .
1483 3930 1575 4002 1246,
1602 3925 1673 3990 Iun.
1693 3930 1740 3991 13.

280 4044 342 4099 Ian.
356 4045 377 4099 I
378 4044 404 4098 V
421 4045 483 4115 usp.
502 4046 555 4102 Vol.
570 4048 595 4116 1,
613 4055 675 4114 asa,-
696 4048 757 4104 Le.
774 4049 832 4117 III,
851 4055 911 4104 588.
950 4050 1108 4118 Exemplis,
1135 4048 1208 4117 perd
1226 4048 1329 4116 Bcrper
1347 4046 1442 4114 atne,
1465 4062 1524 4099 enm
1543 4044 1659 4112 Repetitis
1677 4045 1789 4099 cmnsdit
1805 4051 1830 4097 ct

172 4148 207 4187 α
222 4133 261 4187 sis
277 4133 408 4201 suppleuit
424 4133 454 4190 V.
464 4133 503 4189 et
514 4134 550 4190 A„
562 4135 644 4190 Man.

279 4217 380 4288 scau
390 4225 464 4275 1927.

624 4439 664 4459 ..
693 4383 1048 4477 archiepiscopo
1077 4381 1378 4457 Coloniensi⁰.

282 4528 475 4616 Apostoliee
498 4529 585 4596 sedis
607 4532 796 4617 benignitas
819 4541 977 4598 consucta
993 4534 1039 4597 sic
1056 4535 1173 4598 merita
1196 4552 1409 4618 personarum
1426 4538 1488 4597 etc.
1511 4537 1547 4593 ut
1568 4530 1687 4616 suprad
1711 4551 1828 4613 usque:

174 4633 345 4713 discernit,
380 4640 417 4699 ut
450 4644 543 4715 sos‘,
578 4635 634 4720 qui
667 4635 847 4701 litterarum
880 4637 1018 4702 seientia
1050 4645 1083 4703 et
1116 4659 1240 4702 morum
1274 4636 1444 4700 nobilitate
1478 4635 1676 4719 precellunt,
1708 4633 1829 4698 favoris

175 4738 282 4822 gratia
307 4738 426 4804 efferat
451 4737 617 4823 amplioris
641 4746 675 4805 et
697 4741 875 4806 maioribus
900 4740 1031 4807 studeat
1053 4742 1223 4807 benefieiis
1252 4740 1430 4817 honorare,
1462 4739 1538 4824 quia
1563 4759 1627 4802 non
1650 4739 1829 4820 incongrue

176 4850 252 4906 turm
276 4842 349 4921 uni,
371 4841 458 4927 quod
481 4841 647 4907 sufficeret
669 4844 833 4928 pluribus,
858 4853 920 4911 etc.
943 4867 1063 4931 usque:
1088 4847 1263 4910 invonitur.
1307 4844 1396 4907 Hinc
1421 4849 1486 4920 est,
1511 4841 1597 4927 quod
1621 4864 1694 4919 nos,
1719 4841 1828 4926 probi-

175 4952 278 5009 tatem
301 4950 336 5009 et
350 4944 555 5013 nobilitatem
571 4946 685 5011 dilecti
699 4947 759 5011 filii
775 4995 783 5010 .
798 4996 805 5012 .
822 4948 981 5034 prepositi
997 4950 1136 5015 ecclesie
1155 4953 1267 5013 sancto
1284 4947 1388 5011 Mario
1404 4946 1446 5010 ad
1462 4945 1593 5011 Gradus
1610 4944 1830 5009 Coloniensis³

175 5070 240 5113 non
264 5048 398 5135 indigne
422 5059 609 5136 pensantes,
632 5072 671 5116 sc
694 5051 844 5117 volentes
868 5074 911 5118 cx
934 5053 996 5118 hoc
1019 5055 1080 5119 sibi
1103 5054 1213 5119 faeere
1238 5053 1378 5138 gratiam
1401 5052 1589 5137 specialem,
1614 5046 1775 5113 carissimi
1798 5047 1829 5109 in

280 5342 481 5406 *lunisonem
497 5345 531 5397 s.
619 5344 644 5412 b)
662 5349 759 5415 uagom
778 5348 809 5399 a.
898 5349 921 5413 ο)
940 5350 1029 5401 maim
1047 5349 1078 5400 n.
1167 5344 1604 5414 umenecessitatis,
1628 5360 1681 5394 non
1699 5341 1831 5402 assem,

177 5428 357 5495 ”dsvmffl
373 5430 476 5498 mpii&
493 5432 592 5499 lenitur·
681 5432 705 5498 ο)
723 5451 811 5486 sorum
829 5452 897 5486 corr.
915 5452 966 5487 sos.

282 5548 309 5614 1)
333 5546 374 5615 of·
392 5547 634 5619 anum-num,
657 5553 712 5607 sc
824 5553 852 5620 a)
875 5551 915 5618 ef.
937 5560 1041 5619 accc.
1154 5553 1181 5612 3)
1203 5549 1348 5617 senas,
1375 5549 1469 5616 frum
1497 5547 1619 5603 ommi
1645 5543 1832 5612 oeceses

179 5632 523 5705 manases.
543 5637 845 5708 Berensstctarss.

280 5726 441 5787 Busan.
452 5729 489 5787 Π.
1592 5726 1626 5780 19
