4328 6232
201 322 264 387 306
754 322 803 377 EX
821 322 1039 379 INNOCENTII
1058 323 1095 377 IV
1114 322 1295 380 erumnae

201 514 391 578 pressurus,
416 494 623 572 mandamus,
653 496 804 581 quatinus
840 496 902 560 sibi
936 497 968 560 in
988 496 1085 561 Valle
1110 496 1150 562 de
1175 497 1351 561 Gratiseu
1375 496 1527 560 Calabria
1550 495 1592 560 de
1616 493 1851 580 diecagentiis¹

200 596 288 662 curie
323 597 363 662 de
398 597 522 662 duobus
557 597 663 664 leudis
698 599 891 664 militaribus
924 600 1119 666 auctoritate
1150 606 1261 666 nostra
1291 597 1462 686 providere
1494 620 1649 686 procures
1673 605 1737 668 etc.
1760 603 1797 662 nt
1819 595 1851 661 in

199 701 369 786 proxima·
391 722 512 787 usque:
537 702 691 779 facultas;
716 701 973 769 contradictores
996 709 1058 767 etc.

309 822 385 890 Dat.
410 821 574 910 Lugduni,
589 821 620 888 V
637 821 716 889 Idus
739 823 893 908 Augusti,
916 845 1001 890 anno
1016 825 1116 891 V⁰.¹’²

980 1161 1067 1235 420.

304 1256 523 1347 Innocentius
543 1285 567 1347 I
569 1283 598 1346 V
617 1306 707 1368 papa
736 1285 852 1348 clecuno
884 1284 1109 1369 Ratiapuacnsi
1136 1285 1280 1362 nrandot,
1304 1289 1339 1348 ut
1364 1284 1547 1347 erraradatum
1569 1285 1772 1365 apostolicum
1790 1303 1852 1362 pro

198 1387 405 1471 [Burcardo]
430 1389 661 1472 archiepiscopo
687 1390 923 1472 Sutishnrpcnsi
949 1390 986 1453 dc
1012 1390 1138 1454 ccclesia
1162 1389 1397 1472 Salisburpensi
1424 1393 1532 1452 contra
1555 1388 1740 1472 Philippum
1757 1407 1852 1466 prae

196 1493 335 1571 positum
355 1491 620 1574 Wiscpradcnsem
643 1493 759 1571 datum,
782 1515 850 1558 curn
873 1497 1047 1558 executores
1069 1494 1229 1558 constituti
1250 1493 1391 1574 impediti
1405 1494 1484 1570 sint,
1507 1492 1681 1557 executioni
1702 1490 1853 1554 naanduri

196 1593 310 1680 faciat.
1489 1599 1582 1673 1247,
1604 1598 1687 1678 Aac.
1712 1597 1764 1658 12.

304 1697 366 1751 rna.
387 1696 435 1750 rr
451 1698 516 1766 aa.
540 1697 593 1752 aaz.
612 1700 639 1765 r,
663 1708 726 1765 aa·
744 1698 805 1752 rao.
828 1699 856 1766 V,
875 1707 916 1754 aa.
953 1698 1115 1767 aponum,
1131 1715 1213 1766 quam
1237 1715 1269 1752 a
1289 1699 1403 1768 name
1420 1698 1554 1766 casam
1568 1697 1598 1752 a.
1614 1699 1653 1752 or.
1669 1697 1698 1752 o.
1712 1697 1745 1751 a
1756 1696 1851 1763 aare,

200 1784 360 1838 contulimus
377 1799 437 1836 acm
460 1783 563 1851 Erben,
583 1783 646 1852 Rep.
661 1784 803 1838 Bdmniac
820 1790 837 1838 t.
858 1785 881 1852 Ι,
896 1801 924 1853 p.
942 1792 1001 1853 550,
1019 1802 1046 1840 n.
1066 1792 1134 1840 1181.

306 1870 436 1938 Potttmst,
458 1869 632 1939 Rep.12645;
653 1872 754 1940 Berper
766 1877 837 1927 3133.

704 2108 712 2124 .
744 2109 751 2124 .
781 2053 959 2125 decano
988 2039 1354 2143 Ralisponensi.

309 2200 361 2263 Ex
384 2207 476 2286 parte
501 2202 700 2266 venerabilis
723 2200 832 2265 fratris
863 2201 964 2264 nostri
990 2251 995 2264 .
1021 2252 1028 2266 .
1052 2201 1322 2286 Salaeburgeneis
1350 2203 1587 2289 archiepiscopi
1618 2203 1710 2267 nobis
1741 2203 1852 2267 extitit

200 2304 401 2383 intimatum,
436 2306 522 2390 quod
556 2328 629 2370 oum
664 2327 722 2369 nos
746 2305 909 2391 Phylippo
927 2303 1219 2390 Wisegradeneis³¹
1243 2306 1381 2370 ecclesie
1412 2309 1593 2392 preposito,
1622 2312 1657 2370 ut
1679 2308 1851 2371 occasione

201 2407 370 2472 electionis
404 2409 443 2472 de
478 2431 514 2473 se
550 2410 582 2472 in
609 2409 750 2472 ecclesia
775 2408 1028 2492 salzeburgensi
1051 2415 1241 2493 presumpte
1265 2429 1363 2494 super·
1386 2410 1459 2495 ipsa
1481 2410 1764 2496 archiepiscopum
1788 2431 1852 2474 uon

200 2510 392 2576 molestaret
429 2512 590 2588 eundem,
632 2519 664 2576 et
702 2512 844 2598 capitulo
884 2517 917 2574 et
954 2510 1040 2576 clero
1078 2532 1204 2575 necnon
1235 2512 1398 2576 universis
1432 2513 1627 2588 comitibus,
1663 2514 1854 2591 baronibus,

202 2614 472 2680 ministerialibus
498 2623 530 2680 et
552 2615 673 2701 populo
699 2614 972 2698 salzeburgensis
997 2614 1138 2678 civitatis
1174 2621 1207 2678 et
1244 2612 1400 2690 diocesis,
1428 2623 1464 2678 ut
1491 2616 1522 2679 ei
1551 2623 1717 2700 tamquam
1741 2637 1854 2680 eorum

202 2718 450 2805 archiepiscopo
473 2718 640 2783 humiliter
664 2717 872 2782 intenderent
895 2724 929 2780 et
951 2716 1085 2795 devote,
1109 2717 1229 2780 nostris
1253 2715 1440 2796 dederimus
1473 2719 1592 2783 litteris
1623 2720 1655 2782 in
1679 2719 1854 2797 mandatis,

204 2822 385 2887 venerabili
414 2822 515 2887 fratre
543 2831 653 2886 nostro
679 2871 686 2885 .
709 2872 716 2885 .
741 2821 902 2886 Gurcensi
930 2821 1085 2906 episeopo
1117 2828 1150 2884 et
1179 2820 1296 2885 dilecto
1325 2821 1392 2885 filio
1418 2873 1425 2887 .
1451 2873 1458 2887 .
1482 2821 1714 2909 Ratisponensi
1746 2823 1852 2889 electo

203 2950 223 2991 a
255 2928 351 2992 nobis
386 2949 485 3014 super
519 2928 579 2991 boc
612 2927 841 2992 executoribus
870 2927 933 2990 sibi
966 2925 1092 2989 datis⁴:
1127 2924 1241 2990 eodem
1272 2926 1428 3013 episcopo
1458 2930 1579 2992 carceri
1607 2929 1797 3015 mancipato
1820 2936 1852 2993 et
1894 2959 1898 2994 :

203 3030 288 3095 dicto
319 3031 423 3095 electo
453 3033 485 3095 in
517 3033 649 3095 remotis
677 3038 811 3114 agente.
835 3029 1026 3094 mandatum
1048 3035 1195 3093 nostrum
1219 3031 1403 3093 executioni
1434 3031 1581 3096 mandari
1604 3054 1667 3096 non
1690 3033 1800 3117 potuit
1822 3033 1854 3095 in

203 3134 263 3198 hac
296 3141 399 3220 parte.
444 3134 655 3211 Mandemus,
685 3136 837 3219 quatinus
867 3133 907 3197 ad
935 3132 1164 3217 exequendum
1194 3131 1274 3195 illud
1304 3131 1465 3218 procedas
1494 3136 1585 3199 iuxta
1608 3136 1753 3221 priorum
1778 3158 1852 3200 con·

202 3237 374 3302 tinentiam
402 3237 586 3303 litterarum
625 3275 660 3285 -
702 3258 766 3301 non
797 3238 948 3302 obstante
983 3238 1011 3300 si
1045 3237 1207 3322 episcopis
1243 3236 1294 3299 vel
1322 3236 1396 3300 aliis
1423 3238 1559 3323 prelatis
1592 3247 1648 3303 aut
1677 3241 1852 3325 religiosis,

201 3342 340 3407 ecclesie
369 3342 625 3429 Salzeburgensi
657 3342 898 3426 metropolitico
932 3342 1002 3405 iure
1034 3340 1210 3420 subiectis,
1245 3361 1265 3404 a
1293 3340 1373 3405 sede
1403 3344 1584 3427 apostolica
1616 3344 1658 3408 sit
1681 3343 1852 3421 indultum,

202 3443 288 3529 quod
311 3444 461 3510 interdici
484 3447 536 3511 vel
561 3446 801 3510 excomunicari
824 3466 889 3508 nou
912 3444 1037 3531 possint
1059 3445 1128 3510 sine
1144 3446 1248 3530 ipsius
1273 3444 1359 3509 sedis
1377 3446 1511 3532 speciali
1527 3446 1694 3529 mandato,
1710 3448 1851 3513 iaciente
1895 3477 1898 3508 ι

200 3549 240 3614 de
265 3549 470 3635 indulgentia
495 3549 681 3615 huiusmodi
705 3551 915 3614 mentionem.

306 3670 382 3736 Dat.
406 3671 569 3757 Lugduni,
594 3672 627 3736 II
650 3672 729 3737 Idus
752 3672 903 3756 Augusti,
927 3693 1012 3735 anno
1028 3671 1084 3736 V‘.

981 4023 1069 4097 eal.

304 4120 522 4212 Innocentius
538 4149 561 4211 I
565 4147 595 4209 V
601 4169 688 4230 popu
705 4147 820 4210 rhaerio
835 4151 864 4209 ct
882 4146 1019 4226 capituto
1033 4145 1354 4210 Halterstodeusihus
1376 4148 1419 4210 ud
1434 4167 1544 4230 preces
1559 4146 1698 4210 Oddorris
1719 4147 1855 4211 morchi-

201 4253 271 4315 onis
305 4251 602 4333 Brandcburpcusis
636 4251 787 4328 incandet,
827 4256 861 4314 ut
900 4251 1064 4315 Albertum
1099 4252 1314 4334 praepositum
1353 4251 1621 4327 Stcndaticnsem,
1655 4252 1855 4331 capellanum

199 4355 389 4420 rrmrch‘ionis
410 4356 554 4432 ciusdem,
577 4357 612 4418 in
635 4357 817 4420 canonicum
838 4355 1003 4437 rccipiunt.
1488 4356 1581 4437 1247,
1603 4353 1687 4435 nup.
1711 4358 1763 4421 16.

304 4475 366 4529 Iure.
387 4476 407 4527 I
410 4475 433 4529 V
451 4475 517 4543 Rep.
537 4474 593 4529 Vol.
608 4476 636 4542 I,
655 4482 722 4541 452,
740 4473 797 4528 La.
823 4475 851 4541 V,
870 4482 922 4529 109.
960 4474 1119 4542 hanapum,
1144 4475 1217 4542 quod
1236 4475 1334 4542 hiala,
1356 4475 1415 4529 (lul.
1434 4476 1498 4544 dipl.
1518 4474 1671 4529 Brandenh.
1685 4483 1708 4528 2.
1722 4475 1855 4544 Hauptth.

199 4568 216 4616 t.
237 4563 259 4629 1,
274 4580 303 4630 p.
317 4569 356 4628 27,
376 4579 402 4614 u.
416 4560 565 4630 sandalii,
583 4579 641 4614 curn
662 4561 777 4629 Repertis
795 4562 907 4614 coruulit
927 4560 954 4614 V.
970 4560 1009 4614 01.
1025 4559 1055 4614 0.
1073 4559 1104 4612 dc
1123 4559 1216 4614 Falhc.

305 4648 437 4715 Potttmat,
458 4647 521 4715 ch.
543 4654 638 4709 12650,-
657 4648 755 4715 Berpcr
772 4655 846 4703 3158.

303 4825 327 4890 a)
345 4825 414 4875 scih:
431 4825 462 4874 ‘ri
479 4834 570 4874 recount
594 4825 630 4874 od
645 4843 752 4889 presens
769 4827 809 4874 ecl
827 4843 902 4889 pretam
923 4827 1038 4890 prinlum
1055 4826 1173 4876 ohtratcrit
1191 4843 1216 4875 se
1229 4825 1369 4890 ‚lucullos'5
1395 4827 1428 4890 ct'.
1448 4824 1546 4890 Berper
1564 4828 1639 4876 ³180.
1747 4824 1773 4889 ¹³)
1793 4826 1852 4877 vsa

199 4921 324 4980 utsupra
343 4911 373 4960 It.

304 5016 328 5077 1)
348 5011 385 5064 In
402 5030 440 5078 ep.
459 5029 502 5078 up.
525 5013 620 5079 Ilcryer·
636 5021 702 5066 elatu
721 5031 796 5081 papo
821 5014 900 5066 nirrrih'
928 5013 1050 5067 cumdeda
1070 5013 1360 5067 ‘theodomirum-soe
1379 5012 1505 5079 hrquiturz
1540 5011 1602 5064 Hoc
1627 5012 1747 5076 rcthuru,
1775 5012 1849 5079 quod

198 5100 262 5152 ‹dibi
286 5098 361 5152 ischis
389 5115 442 5150 raon
465 5099 593 5164 occrerrit,
622 5117 639 5150 a
666 5100 737 5152 rano
756 5100 917 5167 ‘dimupiure'
935 5101 952 5152 i.
970 5117 990 5152 c.
1011 5099 1184 5161 ‘discutiam
1207 5099 1245 5151 ‘in
1259 5084 1361 5166 quippme
1379 5098 1490 5151 retinere
1518 5098 1555 5151 nel
1576 5113 1630 5150 rena
1652 5097 1855 5165 oppigneratam

199 5184 332 5240 rcclimcrc'
345 5183 518 5237 (tuirandum
536 5200 589 5237 csse
605 5183 714 5238 ridant.
826 5186 854 5254 2)
875 5184 913 5250 Gt:
933 5186 1012 5238 atium
1031 5203 1056 5239 u.
1069 5194 1127 5240 300.
1163 5185 1264 5239 Similes
1273 5185 1376 5253 proiice
1389 5185 1519 5238 ambitibus
1533 5184 1608 5253 rcpni
1618 5183 1725 5237 Siciliae
1736 5185 1855 5240 Μαι

198 5271 400 5325 (Mummius
418 5277 475 5323 turn
497 5271 585 5335 factm
608 5287 651 5338 ap.
671 5272 766 5338 Bupcr
783 5278 972 5338 ulls-3148,
992 5279 1055 5325 3152
1071 5279 1175 5333 -3155,
1192 5278 1382 5338 3158-3183,
1401 5278 1569 5338 sarr-3213,
1587 5276 1663 5337 3342,
1683 5276 1759 5336 3243,
1779 5279 1851 5340 3533,

198 5365 276 5426 erra,
295 5365 366 5426 eras,
385 5364 563 5413 soso-soso.
643 5359 671 5425 3)
691 5358 721 5411 Ε
738 5373 798 5410 me.
816 5358 862 5411 civ.
884 5357 1033 5428 Propous.
1115 5360 1142 5426 4)
1163 5359 1204 5426 cf.
1228 5376 1256 5413 n.
1275 5364 1326 5412 eac
1342 5363 1365 5410 u
1385 5364 1446 5412 soc.
1528 5359 1555 5424 a)
1574 5356 1629 5410 ssu
1647 5356 1701 5410 ιιιι.
1720 5363 1753 5412 rs
1773 5357 1854 5413 cua·

200 5451 359 5500 conscenserat
374 5446 531 5511 tbmhatem
542 5443 693 5498 alnolmndi
709 5444 809 5496 derurn
828 5442 1052 5512 Salubramcnsnn
1070 5444 1103 5496 ab
1120 5444 1277 5511 obedieritis,
1296 5444 1378 5498 laicae
1395 5460 1453 5497 mro
1471 5461 1489 5496 a
1505 5443 1633 5510 fidelitate
1653 5449 1678 5497 ct
1695 5444 1855 5512 iuramus,

198 5534 223 5586 si
239 5532 309 5602 procl
328 5533 453 5601 Philippo
466 5533 619 5601 posposita
636 5537 767 5599 tanquam
784 5530 975 5599 orctticpioeopo
992 5547 1041 5585 um
1055 5532 1262 5599 praestitissem
1280 5533 1376 5601 asper
1393 5538 1472 5597 31343
1486 5528 1614 5597 Potthast,
1634 5529 1697 5600 Bep.
1716 5537 1803 5587 mlh.
1821 5558 1855 5573 ·-

200 5617 255 5671 Such
274 5616 330 5672 Oct.
351 5627 379 5672 12
392 5635 467 5686 pipo
491 5617 600 5673 eunden
619 5617 777 5686 Philippum
790 5624 990 5687 procuratorem
1007 5620 1123 5674 casluim
1143 5619 1353 5689 Saliobsupcnsis
1369 5618 1522 5685 ansdituim
1539 5617 1640 5687 Bauer
1654 5622 1723 5675 3349
1738 5622 1764 5675 d
1778 5624 1855 5677 8860.
