4328 6232
199 349 262 410 454
762 342 812 397 EX
830 341 1048 398 INNOOEN'I'H
1068 341 1105 396 IV
1125 337 1304 395 REGIS'I'RO

199 517 240 583 de
265 566 297 585 ..
322 517 511 603 Retberge¹
541 518 676 583 comites
705 517 747 581 ad
779 538 953 603 personam
980 521 1124 580 nostram
1152 522 1186 579 et
1214 515 1397 580 Romanam
1425 516 1540 601 geritis
1571 515 1765 594 ecclesiam,
1800 536 1861 580 nos

198 620 331 702 inducit,
354 627 392 686 ut
415 622 531 686 vestris
555 621 780 707 petitionibus,
805 628 962 706 quantum
986 640 1059 684 cum
1080 618 1152 683 Deo
1175 639 1357 705 possumus,
1381 619 1561 705 benignum
1584 617 1862 685 commodemus·

200 724 356 790 auditum.
393 724 480 789 Hinc
497 731 557 806 est,
581 724 668 810 quod
688 745 759 805 nos,
783 726 847 789 tuis
871 731 903 789 et
927 724 1105 789 eorundem
1129 724 1272 808 episcopi
1295 723 1356 787 acb
1379 723 1536 789 nobilium
1560 708 1860 810 supplicationibus

200 830 358 909 inclinati,
381 828 584 907 mandamns,
608 829 761 913 quatinus
777 828 934 893 dilectum
951 829 1051 893 filium
1070 828 1250 892 Iohannem
1267 835 1427 893 rectorem
1444 829 1584 894 ecclesie
1607 828 1648 892 de
1664 827 1861 893 Yenhusen.

201 933 256 1019 qui
280 932 321 997 de
344 933 447 1017 ipsius
470 932 612 996 ecclesie
636 931 828 1013 redditibus,
851 954 923 996 cum
948 933 1045 996 trium
1068 953 1247 997 marcarum
1273 933 1400 1017 argenti
1416 933 1594 997 valentiam
1611 932 1706 997 annis
1723 933 1861 1018 siugulis

200 1045 237 1103 ut
259 1038 377 1103 asserit
399 1058 463 1101 non
487 1036 659 1116 excedant,
682 1058 744 1101 non
770 1042 877 1123 potest
900 1037 1070 1101 commode
1096 1037 1283 1111 sustentari,
1307 1036 1339 1099 in
1363 1037 1506 1100 eeclesia
1520 1043 1707 1101 sanctorum
1723 1043 1861 1123 aposto-

201 1143 306 1207 lorum
329 1141 420 1206 Petri
444 1147 477 1205 et
500 1139 633 1205 Andree
657 1139 905 1204 Padeburnensi
933 1141 1126 1204 auctoritate
1154 1147 1269 1204 nostra
1296 1140 1397 1225 recipi
1427 1141 1529 1204 facias
1553 1140 1584 1203 in
1610 1142 1805 1206 canonicum
1830 1148 1864 1205 et

202 1248 234 1310 in
265 1247 399 1311 tratrem
429 1266 467 1310 ac
497 1244 559 1309 sibi
589 1244 629 1309 de
660 1244 839 1330 prebenda,
878 1266 973 1330 quam
1005 1246 1067 1308 cito
1096 1267 1132 1309 se
1163 1245 1303 1308 facultas
1330 1244 1501 1325 obtulerit,
1534 1244 1699 1330 provideri
1726 1279 1770 1291 -·
1799 1264 1863 1308 non

203 1350 429 1415 obstantibus⁰
451 1348 538 1434 quod
562 1347 649 1413 idem
672 1350 754 1413 alias
771 1349 985 1414 beneficiatus
1002 1350 1123 1429 existit,
1148 1355 1182 1414 et
1198 1351 1225 1413 si
1242 1355 1350 1414 certus
1368 1350 1400 1412 in
1416 1349 1489 1434 ipsa
1506 1349 1647 1414 ecclesia
1662 1349 1861 1414 Sanctorum

203 1455 436 1541 Apostolorum
461 1453 692 1517 canonicorum
715 1474 870 1518 numerus
901 1453 1063 1519 habeatur
1090 1455 1276 1518 iuramento
1304 1474 1364 1517 seu
1392 1473 1586 1538 quacunque
1615 1453 1680 1517 alia
1707 1453 1862 1518 tinnitste

205 1558 356 1637 vallatus,
381 1557 432 1619 vcl
456 1557 483 1620 si
507 1578 565 1642 pro
589 1556 661 1619 aliis
686 1556 716 1618 in
742 1576 782 1619 ea
804 1577 863 1619 nos
887 1563 943 1620 aut
966 1557 1148 1642 apostolice
1174 1556 1261 1621 sedis
1284 1557 1385 1641 legati
1402 1556 1581 1621 direximus
1600 1557 1724 1642 scripta
1740 1565 1864 1637 nostra,

205 1661 322 1747 quibus
345 1661 497 1725 nolumus
522 1667 583 1725 etc.
607 1679 726 1743 usque:
750 1661 910 1744 generari,
936 1661 987 1724 vcl
1012 1660 1099 1724 dicte
1125 1660 1265 1725 ecclesie
1282 1681 1302 1724 a
1318 1660 1397 1724 sede
1413 1661 1456 1723 sit
1471 1660 1673 1746 apostolicad
1690 1659 1864 1736 indultum,

205 1764 292 1850 quod
317 1764 358 1829 ad
380 1765 602 1850 receptionem
628 1784 686 1826 seu
711 1764 931 1848 provisionem
955 1763 1093 1827 alicuius
1117 1764 1250 1827 minime
1273 1770 1432 1845 teneatur,
1455 1764 1508 1828 vel
1524 1763 1609 1847 quod
1627 1764 1697 1829 eius
1714 1766 1863 1829 canonici

205 1890 264 1954 per
285 1869 411 1932 litteras
435 1867 632 1954 apostolicas
657 1866 807 1930 interdici
832 1887 891 1931 sou
916 1868 1071 1954 suspendi
1096 1874 1153 1932 aut
1176 1867 1453 1932 excommunicari
1477 1887 1541 1931 non
1568 1869 1706 1951 possint,
1736 1869 1799 1932 nisi
1823 1868 1865 1932 do

206 1971 410 2057 indulgentia
432 1969 618 2035 huiusmodi
642 1970 673 2033 in
698 1970 746 2033 eis
770 1991 930 2054 expressa
956 1972 1079 2035 mentio
1107 1970 1278 2049 habeatur,
1306 1971 1358 2034 vel
1388 1970 1536 2056 qualibet
1566 1972 1645 2048 alia,
1677 1991 1738 2058 per
1766 1993 1863 2057 quam

207 2075 391 2140 huiusmodi
418 2076 524 2160 gratia
553 2073 702 2161 impediri
726 2075 835 2139 valeat
858 2075 910 2138 vel
942 2074 1064 2140 differri
1093 2084 1126 2138 et
1154 2073 1195 2137 de
1225 2095 1289 2158 qua
1316 2074 1348 2137 in
1380 2075 1499 2137 nostris
1529 2074 1648 2139 litteris
1672 2096 1864 2159 expressam

207 2186 358 2264 oporteat
381 2179 451 2242 fieri
475 2179 686 2258 mentionem,
710 2202 765 2252 -;
790 2178 1046 2243 contradictores
1071 2185 1132 2243 etc.
1168 2178 1176 2185 '

315 2301 391 2366 Dat.
415 2300 578 2386 Lugduni,
598 2299 647 2375 VI
671 2299 720 2365 Id.
746 2300 898 2380 Ianuarii,
924 2300 1103 2364 annoV10.

996 2791 1083 2863 637.

268 2985 271 2990 .
315 2904 534 2996 Binoceatias
550 2931 605 2996 IV
619 2953 708 3014 popa
724 2930 857 3016 [Petro]
877 2931 1106 3012 archiepiscopo
1132 2930 1265 3014 Tyrcrcsi
1288 2928 1431 3005 concedit,
1454 2933 1490 2992 nt
1512 2950 1551 2992 cc
1572 2949 1614 3006 co,
1638 2930 1722 3011 qaod
1742 2932 1870 2996 ommno

210 3037 313 3101 soracti
335 3034 444 3099 Marci
469 3034 633 3120 Tyrensis,
664 3034 708 3098 nd
734 3035 893 3099 ecclesiam
919 3035 1021 3099 sancti
1044 3034 1153 3098 Marci
1175 3033 1212 3097 dc
1234 3032 1371 3096 l⁷enctiia
1387 3032 1566 3112 pertineas,
1596 3032 1638 3097 ab
1662 3032 1872 3119 O[ctaciono]

212 3141 349 3207 Sanctae
365 3138 496 3204 Mariae
518 3140 554 3202 ia
576 3137 636 3202 Via
651 3139 737 3204 Lato
759 3139 890 3203 diacono
913 3137 1083 3215 midincli,
1106 3135 1399 3218 apostolicaesedis
1421 3136 1528 3216 lepato,
1552 3136 1587 3198 ic
1610 3137 1662 3200 ias
1684 3137 1768 3200 broli
1783 3137 1874 3202 Petri

211 3248 362 3324 suscepta,
384 3243 425 3308 ab
446 3244 533 3306 cinni
553 3242 622 3306 alic
643 3242 862 3307 ¹iurisdictione
884 3246 1027 3325 excerpta
1049 3244 1100 3317 sit,
1123 3243 1185 3305 sibi
1207 3261 1302 3323 sscpcr
1323 3239 1450 3304 (laciniis
1471 3244 1500 3302 ct
1522 3240 1599 3304 aliis
1615 3241 1738 3304 inrilms
1758 3244 1874 3322 cyriaco

207 3349 345 3430 polibus,
369 3368 450 3431 quac
472 3347 509 3411 dc
531 3347 601 3410 s'nrc
623 3348 778 3411 corsicani
799 3347 861 3411 sibi
883 3350 1064 3427 competant,
1084 3346 1318 3426 praeiudicium
1340 3363 1404 3406 non
1426 3347 1600 3424 poneretur.

1522 3449 1618 3517 1249,
1641 3448 1715 3513 Ian.
1735 3450 1786 3515 12.

318 3538 381 3591 Ian.
395 3537 442 3590 IV
457 3536 521 3605 ch.
539 3535 600 3590 Lib.
617 3534 665 3603 VI,
681 3535 755 3604 s.30,
772 3553 800 3590 n.
813 3542 871 3589 387.

318 3623 446 3691 Pottbast,
468 3622 530 3690 Regi.
547 3627 640 3687 135595
659 3623 758 3690 Rana·
771 3629 843 3676 4379.

714 3858 751 3875 ..
781 3800 1135 3893 archiepiscopo
1161 3801 1368 3893 Tyrensi.

323 3953 362 4018 In
385 3953 575 4019 muneribus
599 3954 788 4039 gratiarum,
813 3974 894 4039 quas
919 3953 1005 4016 circa
1021 3952 1157 4017 devotos
1174 3952 1353 4038 apostolice
1371 3951 1458 4016 sedis
1476 3950 1683 4028 effundimus,
1708 3952 1876 4018 salubrem

216 4057 454 4142 providentiam
487 4063 598 4122 nostro
631 4078 762 4144 semper
792 4057 924 4121 affectui
952 4077 1175 4135 reservamus,
1211 4055 1366 4119 videlicet
1395 4062 1432 4118 ut
1464 4055 1491 4117 si
1525 4076 1684 4141 processu
1714 4056 1875 4142 temporis

217 4161 339 4246 aliquid
373 4162 458 4226 circa
491 4162 564 4227 illas
599 4161 732 4246 dignum
767 4160 955 4245 provisione
996 4161 1156 4246 patuerit,
1197 4157 1277 4222 illud
1312 4159 1503 4222 attentionis
1537 4164 1688 4244 prompte
1722 4159 1876 4224 remediis

217 4263 417 4329 deducamus
449 4264 490 4328 ad
521 4273 641 4331 metam
672 4264 883 4328 consistentia
915 4263 1078 4327 salutaris.
1125 4263 1212 4327 Sane
1242 4261 1293 4325 ἰιιΘ
1321 4267 1433 4325 nostra
1463 4268 1496 4325 et
1523 4261 1658 4326 fratrum
1688 4269 1875 4328 nostrorum

217 4369 384 4454 presentia
415 4369 572 4445 retulisti,
604 4367 692 4453 quod
723 4366 862 4432 dilectus
892 4367 979 4430 filius
1003 4373 1116 4431 noster
1139 4365 1178 4432 Ο.
1201 4366 1321 4429 Sancte
1344 4363 1448 4428 Maria
1472 4366 1505 4428 in
1522 4363 1587 4429 Via
1608 4365 1693 4429 Lata
1720 4365 1876 4431 diaconus

219 4470 402 4550 cardinalis,
426 4472 604 4557 apostolice
628 4470 715 4536 sedis
738 4472 877 4555 legatus,
908 4470 948 4534 de
972 4470 1125 4535 mandato
1149 4477 1271 4546 nostro,
1303 4467 1388 4553 quod
1412 4469 1441 4532 ei
1466 4468 1643 4532 direximus
1667 4490 1727 4555 per
1750 4469 1876 4535 litteras

220 4573 413 4660 speciales²,
437 4575 544 4639 sancti
560 4574 663 4639 Marci
678 4573 836 4660 Tyrensis
860 4579 893 4638 et
917 4575 1022 4638 sancti
1047 4573 1149 4639 Marci
1173 4574 1378 4639 Acconensis
1403 4573 1570 4652 ecclesias,
1595 4592 1658 4658 que
1683 4572 1876 4639 dicebantur

368 4733 540 4741 <-.-.---
567 4733 833 4740 ..u-..m---m-
867 4735 907 4738 ,γ
979 4734 997 4739 .-
1092 4734 1094 4737 .
1303 4735 1310 4739 ,
1412 4734 1569 4739 .,..-κ--
1693 4732 1774 4741 v-—

323 4839 347 4899 ι)
364 4836 560 4889 nccomodamus
572 4836 603 4887 R.
696 4834 720 4898 b)
739 4836 853 4903 episcopi
871 4844 897 4886 et
912 4833 916 4898 Ι
931 4835 1042 4902 episcopi
1061 4853 1091 4886 ac
1109 4834 1138 4884 It.
1231 4834 1253 4895 ο)
1274 4834 1412 4885 obstantib'
1425 4834 1457 4884 Il.
1546 4833 1570 4895 d)
1588 4835 1730 4902 apostolica
1748 4852 1874 4901 niperm.

221 4923 245 4990 θ)
263 4926 329 4974 Sane
349 4927 365 4975 f.
379 4941 418 4975 va.
441 4925 467 4974 in
484 4923 515 4975 12.
539 4924 568 4974 in
591 4924 645 4975 loco
669 4941 743 4982 roem
770 4925 849 4985 Sanc,
876 4925 952 4972 frater
974 4923 1139 4986 venerabilis,
1163 4923 1190 4972 in
1208 4920 1254 4979 B.;
1280 4922 1325 4972 sed
1346 4922 1423 4972 verba
1445 4923 1462 4972 f.
1481 4937 1520 4972 ve.
1536 4922 1642 4987 pancas
1663 4921 1748 4972 deleta
1775 4939 1830 4973 esse
1852 4923 1877 4971 in

220 5011 334 5075 &eripio
350 4992 438 5061 boitro
460 5010 639 5061 animantiam
663 5017 686 5060 et
703 5010 824 5061 allocutio
842 5010 902 5060 talis
919 5009 979 5059 uarii
996 5009 1084 5060 curiae
1102 5027 1154 5059 noa
1172 5009 1292 5060 coruscarit.
1313 5036 1344 5044 —
1371 5008 1434 5059 Οιιιη
1459 5009 1536 5060 eliam
1553 5011 1673 5061 ecclesiae
1690 5010 1775 5060 sanc&
1792 5010 1879 5059 Marci

227 5095 345 5164 Tyremis
362 5104 386 5146 et
403 5113 423 5148 s.
442 5095 480 5148 dl.
498 5096 530 5147 de
549 5095 656 5148 Venetiis
677 5095 709 5147 de
731 5095 780 5146 lrac
803 5096 963 5147 concessione
984 5113 1071 5161 popae
1089 5097 1207 5147 cerneres
1219 5096 1283 5162 ficri
1300 5095 1432 5147 (tabuerint
1450 5098 1474 5146 et
1491 5113 1530 5162 cp.
1548 5097 1579 5146 iis
1596 5096 1749 5162 diriqmsdoe
1767 5096 1878 5147 eiiudm

216 5184 277 5248 sera
295 5182 389 5232 bacris
400 5183 504 5248 facerim
509 5221 517 5247 ,
540 5199 584 5234 aas
602 5200 687 5235 omines
704 5200 735 5235 cic
752 5184 841 5236 eodem
858 5184 958 5234 minata
976 5183 1125 5235 scribendos
1140 5184 1227 5250 fuisse
1243 5192 1377 5250 ριιιιιιηιω,
1401 5183 1429 5233 in
1450 5199 1503 5248 pao
1525 5183 1629 5249 simpulo
1650 5183 1729 5233 verbo
1751 5184 1879 5233 macomus

222 5268 309 5332 aliquo
328 5267 404 5318 niodo
423 5277 550 5319 arinotata
562 5269 673 5334 scierint.
710 5269 744 5319 In
762 5271 821 5321 aliia
839 5279 923 5322 cutem
940 5286 979 5336 ep.
998 5269 1045 5320 hoc
1063 5271 1118 5321 loco
1131 5271 1292 5336 perpendam
1310 5277 1380 5321 erut:
1397 5270 1463 5320 Sane
1481 5271 1498 5319 s.
1512 5285 1552 5320 ve.
1572 5266 1621 5335 [aet
1639 5285 1679 5321 vs.
1698 5267 1726 5335 t]
1746 5280 1834 5321 noster
1853 5306 1879 5320 ..

221 5354 429 5421 archiepiscopus
446 5355 570 5420 'tyrensis
589 5357 614 5406 in
721 5356 815 5407 retulit.
851 5355 894 5405 Ida
910 5356 1009 5406 miram
1027 5356 1064 5406 ita
1081 5357 1184 5406 cariata
1202 5357 1336 5423 epistolam
1353 5357 1495 5422 registrum
1512 5356 1596 5406 scriba
1615 5355 1725 5410 errarit:
1744 5358 1780 5422 cs.
1798 5355 1832 5406 N.
1847 5358 1879 5407 A.

223 5449 239 5492 t.
255 5439 289 5502 X,
306 5457 333 5506 p.
348 5443 406 5492 632.

224 5644 251 5713 θ)
272 5643 310 5714 of
329 5561 354 5626 1)
376 5558 498 5629 Ricttay
519 5559 592 5629 ibid,
617 5575 650 5614 ec
673 5564 735 5630 sart.
752 5559 799 5615 cic.
819 5557 970 5631 Lippstadt.
1007 5560 1051 5615 Dc
1071 5561 1163 5616 comta
1182 5558 1307 5616 Οοιιναάο
1328 5560 1361 5630 cs.
1380 5559 1463 5615 ctiam
1480 5557 1709 5628 Bassa-stata,
1733 5560 1749 5616 l.
1766 5577 1787 5616 a
1806 5568 1880 5617 4868.

305 5660 357 5704 Αἱ.
371 5651 429 5703 841.
