4790 6340
864 386 1066 442 EPIS'I'OLAE
1083 386 1271 444 subucula.
1310 387 1384 442 1247.
1887 395 1950 458 273

296 576 371 621 cum
393 556 427 620 in
451 557 565 622 eadem
588 558 667 624 villa
689 581 748 646 pro
771 561 892 648 nuptiis
916 560 1122 627 celebrandis
1147 561 1288 648 quedam
1312 563 1521 628 consueverit
1542 562 1690 629 adhiberi
1713 565 1950 650 sollempnitas,

296 680 360 745 que
377 659 614 746 lrcrgankob¹⁸
636 665 816 749 vulgariter
838 665 1034 750 appellatur,
1057 664 1229 731 occasione
1253 665 1345 730 euius
1369 670 1436 729 tam
1458 687 1621 752 pauperes
1644 687 1741 750 quam
1764 666 1882 732 divites
1906 666 1947 732 ad

297 783 416 828 vanam
436 766 574 850 gloriam
598 789 634 832 se
656 769 795 854 fatigant
817 768 982 834 laboribus
1006 775 1041 834 et
1063 769 1227 855 expensis,
1250 769 1297 832 ita
1320 768 1407 854 qued
1429 770 1576 833 nonnulli
1601 771 1675 856 plus
1701 769 1894 856 expendunt
1916 771 1950 835 iu

298 868 430 945 talibus,
464 891 560 956 quam
583 893 641 958 pro
664 871 740 937 dote
764 872 950 959 receperint
972 873 1134 956 mulieris,
1165 872 1206 937 ad
1237 873 1511 958 sollempnitatem
1550 872 1736 938 huiusmodi
1766 872 1950 939 faciendam

299 974 458 1062 petebant
487 975 647 1062 predietil'
676 975 825 1042 homines
861 976 903 1042 de
934 981 1043 1042 cetero
1072 997 1138 1041 nou
1175 977 1338 1062 compelli.
1392 975 1500 1049 Quare
1534 975 1632 1041 iidem
1660 976 1756 1042 nobis
1785 977 1950 1042 humiliter

167 1155 176 1172 ι
297 1079 542 1165 supplicarunt,
572 1086 609 1145 ut
637 1099 736 1168 super
762 1080 826 1146 hiis
849 1080 1021 1168 providere
1052 1080 1115 1146 sibi
1138 1080 1179 1145 de
1202 1080 1404 1164 benignitate
1429 1079 1519 1144 sedis
1543 1080 1723 1166 apostolice
1748 1102 1947 1146 curaremus.

296 1182 457 1248 Volentes
481 1183 581 1269 igitur
604 1184 652 1250 sic
674 1184 821 1270 ipsorum
835 1184 969 1250 utilitati
986 1184 1165 1265 consulere,
1189 1181 1274 1269 quod
1298 1183 1437 1247 aliorum
1459 1184 1583 1248 iustitia
1604 1205 1669 1248 uon
1691 1184 1833 1263 ledetur,
1857 1207 1949 1249 man-

297 1285 442 1368 damus0,
458 1289 611 1373 quatinus
628 1309 727 1374 super
742 1288 912 1375 premissis
928 1288 1078 1354 omnibus
1094 1287 1238 1373 inquiras
1253 1287 1466 1372 diligentiusl
1480 1287 1663 1367 veritatem,
1684 1288 1778 1353 nobis
1795 1288 1882 1375 quod
1897 1289 1947 1352 in-

297 1391 427 1458 veneris
442 1392 583 1458 fideliter
593 1394 820 1480 rescripturus,
838 1397 874 1457 ut
890 1415 950 1479 per
965 1399 1055 1457 tuam
1065 1392 1260 1457 relationem
1271 1391 1422 1457 instructi
1438 1390 1522 1478 quod
1534 1391 1655 1456 iustum
1671 1391 1770 1456 fuerit
1781 1391 1949 1458 faciamus.

385 1515 462 1580 Dat.
484 1514 647 1604 Lugduni,
669 1514 721 1580 XI
742 1514 818 1581 Kal.
839 1513 936 1594 Iunii,
959 1534 1043 1579 auno
1065 1512 1171 1580 11112.

918 1777 1329 1790 ...—----———-

1079 2022 1166 2094 370.

402 2129 619 2228 Irrnooentias
634 2159 691 2225 IV
704 2179 794 2243 papa
816 2156 947 2244 P[atro]
968 2156 1080 2223 Sancti
1105 2156 1234 2238 Georgii
1255 2153 1300 2217 ad
1327 2152 1437 2218 Vatum
1458 2155 1602 2218 Auream
1628 2153 1760 2220 dionem
1781 2151 1950 2230 cardinali,

297 2266 483 2348 apostolieae
508 2263 590 2330 sedis
612 2264 727 2346 tapam,
755 2262 930 2338 committit,
957 2257 1245 2342 ut[ll1cinbardo]
1266 2257 1406 2340 episcopo
1428 2256 1704 2334 Halbcrstadensi,
1731 2256 1874 2322 causae
1894 2253 1952 2318 od-

298 2391 363 2436 essa
385 2368 532 2450 enpanti,
555 2370 697 2432 manum
714 2368 844 2449 propter
865 2363 920 2428 boe
942 2362 1146 2428 contrahendi
1168 2362 1327 2426 licentiam
1349 2360 1517 2443 turpiatar.
1596 2365 1690 2439 1247,
1711 2360 1795 2426 Mai.
1812 2361 1865 2426 23.
2032 2377 2034 2387 ¹

403 2490 466 2544 Ian.
485 2487 533 2541 IV
549 2486 612 2556 Rep.
630 2486 684 2540 Vol.
702 2485 727 2552 L
746 2491 797 2540 326
803 2505 812 2549 ,·
830 2483 888 2538 Dib.
907 2483 959 2551 IV,
979 2489 1033 2539 228.

402 2577 503 2646 Beryer
519 2579 593 2628 2726.

367 2739 410 2814 P.
438 2736 602 2813 Sancti
629 2733 822 2827 Georgii
849 2733 905 2808 ad
931 2731 1130 2807 Vellum⁰
1156 2731 1365 2806 Aureum
1393 2729 1597 2804 diacono
1624 2727 1876 2816 cardinali,

820 2853 1079 2948 apostolice
1106 2853 1235 2929 sedis
1261 2854 1432 2944 legato.

407 3006 618 3074 Venerabilis
646 3004 748 3070 frater
774 3011 888 3069 noster
918 3051 950 3068 ..
983 3004 1160 3091 episeopus
1187 3000 1483 3067 Halbcrstadensis
1514 3021 1574 3084 per
1605 3019 1682 3064 suas
1705 2997 1801 3062 nobis
1823 2996 1950 3062 litteras

301 3109 517 3200 supplicavit,
540 3114 577 3174 ut
599 3130 672 3173 eum
696 3107 834 3174 ecclesio
858 3107 954 3171 matri
976 3128 1034 3172 sue
1059 3107 1092 3170 iu
1115 3105 1256 3192 nogotiis
1289 3105 1361 3169 eius
1390 3103 1507 3168 adesse
1537 3101 1689 3167 intendat
1711 3100 1888 3165 honorifice
1911 3121 1950 3165 ao

300 3214 486 3304 potentari,
510 3213 543 3277 iu
565 3211 670 3297 ipsius
693 3209 900 3296 properando
923 3210 1082 3274 auxilium
1105 3214 1139 3274 et
1155 3207 1343 3274 exhibendo
1366 3207 1416 3271 illi
1440 3205 1525 3292 quod
1542 3205 1676 3270 affectui
1692 3203 1784 3269 filiali
1801 3193 1950 3282 debetur,

301 3315 514 3386 contrahendi
545 3321 681 3402 propter
715 3313 777 3377 boe
805 3317 954 3377 mutuum
989 3319 1024 3377 et
1053 3310 1222 3395 obligandi
1250 3309 1467 3376 creditoribus
1503 3307 1644 3373 ecclesie
1676 3327 1735 3370 sue
1767 3306 1854 3370 bona
1888 3305 1951 3370 sibi
2071 3396 2073 3402 Ι

299 3423 468 3489 licentiam
483 3419 688 3504 largiremur.
734 3417 771 3481 Id
789 3416 889 3501 igitur
904 3415 1189 3502 circumspectioni
1206 3419 1272 3493 tue,
1295 3413 1336 3478 de
1359 3433 1424 3498 qua
1438 3413 1569 3498 plenam
1592 3410 1626 3475 in
1641 3410 1783 3475 Domino
1798 3409 1952 3473 fiduciam

300 3526 462 3612 gerimus,
491 3522 747 3602 committentes,
781 3519 968 3586 discretioni
997 3526 1053 3585 tue
1087 3518 1295 3598 mandamus,
1326 3515 1478 3602 quatinus
1502 3516 1547 3596 ei,
1582 3515 1610 3579 si
1634 3513 1790 3601 expedire
1819 3512 1950 3592 viderie,

300 3629 466 3694 licentiam
490 3626 613 3691 tribuas
636 3625 844 3710 postulatam.

409 3749 487 3817 Dat.
510 3747 672 3833 Lugduni,
695 3747 728 3810 X
750 3745 825 3811 Kal.
849 3745 945 3826 Iunii,
968 3767 1054 3812 anno
1076 3743 1157 3810 IIII.

922 4008 1333 4018 ..uu-———-——

1088 4250 1174 4324 371.

407 4351 626 4445 Innocentius
648 4376 706 4442 IV
721 4397 812 4458 papa
840 4372 1106 4458 archipresbytero
1133 4372 1170 4436 de
1203 4371 1317 4436 Vareia
1346 4369 1554 4434 Terdonensis
1583 4367 1714 4432 diceens
1742 4364 1887 4442 ιιιιιιιᾱιιί,
1904 4368 1954 4438 xnt

302 4483 476 4561 Fridarico,
502 4481 611 4546 aeaco
632 4479 847 4545 archidiaconi
874 4477 1081 4543 Terdonensis
1103 4474 1260 4560 capellani
1287 4474 1352 4550 sai,
1381 4470 1595 4552 praebendam
1622 4468 1785 4534 minacium
1811 4469 1954 4534 cccbsiue

303 4587 482 4670 Papicneia
504 4607 584 4667 qnae
598 4583 660 4650 sibi
668 4605 729 4666 per
744 4585 806 4648 uirn
821 4582 979 4648 subtracta
994 4581 1037 4646 sn
1051 4579 1091 4644 ab
1105 4579 1300 4644 aduersariis
1310 4577 1424 4662 favam
1431 4575 1598 4656 potestatis
1613 4571 1783 4654 Papiansis
1803 4571 1954 4650 mffuttia,

408 4849 432 4914 ⁸)
450 4849 600 4916 kerguukeu
619 4847 658 4908 A,-
681 4846 827 4914 kergalrecb
850 4845 1019 4911 Wurnlrdnip,
1041 4841 1156 4894 F'tandr.
1175 4840 1280 4893 Senou-
1303 4855 1329 4889 a.
1349 4837 1521 4904 Rumpunt.
1543 4835 1616 4888 e11
1631 4843 1653 4900 1,
1675 4833 1744 4886 aaa.
1758 4851 1788 4900 p.
1807 4835 1862 4896 168,
1880 4849 1906 4882 n.
1914 4834 1956 4931 ,817

303 4937 332 4988 ιἰι
350 4935 438 4988 eodem
455 4934 488 4986 Α.
508 4933 574 5000 legit.
653 4930 678 4998 b)
697 4932 836 5000 supradicti
853 4931 886 4982 A.
967 4930 989 4994 ο)
1008 4928 1162 4982 fraternitati
1178 4935 1224 4980 tue
1241 4943 1287 4994 per
1304 4925 1442 4992 apostoliea
1459 4925 1554 4992 scripto
1570 4923 1721 4974 mandamus
1740 4920 1772 4972 A.
1851 4915 1878 4985 d)
1896 4918 1942 4969 drlr

301 5029 393 5090 geutm
410 5021 443 5073 A.
548 5019 571 5080 ⁸)
590 5020 627 5070 itu
644 5019 676 5070 B.

407 5175 433 5240 1)
454 5171 541 5228 Germ
560 5171 740 5241 ‘Kncbpenffi
842 5170 870 5236 2)
889 5169 948 5224 Sub
964 5168 1033 5236 Apr.
1051 5174 1081 5221 21
1094 5183 1171 5236 papa
1194 5165 1360 5235 Yprcnssbus
1378 5163 1535 5231 indulserat,
1555 5167 1586 5216 ut
1603 5163 1697 5216 nudas
1714 5159 1784 5215 sedis
1800 5157 1956 5227 apoatolr'cue

303 5261 405 5329 motas
421 5257 452 5312 in
470 5275 514 5313 eor
530 5257 673 5325 interdicti,
691 5256 871 5326 anepamonis
889 5255 927 5309 oet
943 5253 1219 5308 commmenricationis
1235 5251 1380 5307 aecanos
1394 5251 1564 5319 mancipare
1577 5253 1664 5318 posset
1681 5247 1738 5301 sine
1754 5245 1822 5301 aedis
1840 5242 1956 5298 eiusdem

303 5343 687 5413 „murcomannum
706 5349 785 5411 2682,
810 5341 932 5396 Pottbast
951 5341 1016 5410 Rep.
1035 5346 1126 5395 12181.
1164 5338 1203 5405 Of.
1226 5339 1304 5394 etr'am
1323 5337 1445 5393 Pottbust
1462 5343 1552 5403 12383,
1570 5342 1656 5403 12426,
1676 5340 1764 5400 12462,
1784 5346 1852 5400 pene
1868 5347 1907 5398 ep.
1926 5329 1956 5382 in

225 5447 251 5481 :.·.
306 5433 369 5501 Rep.
392 5447 448 5485 non
469 5435 568 5486 actaea
671 5431 699 5497 3)
719 5429 753 5483 ld
775 5428 845 5497 qaod
867 5433 924 5481 tum
941 5427 1029 5496 prinae
1048 5427 1150 5493 sustuna
1175 5442 1227 5480 esee
1249 5425 1368 5489 videtum
1390 5441 1455 5478 nam
1471 5441 1497 5477 a
1516 5429 1593 5490 1246,
1615 5419 1683 5474 Mai.
1703 5426 1732 5473 11
1744 5432 1820 5486 popu
1836 5432 1896 5470 eum
1912 5430 1955 5469 ac-

303 5517 525 5574 cornmanioatnm
541 5517 715 5585 appdboerat
736 5516 782 5585 [a.
800 5533 827 5568 n.
847 5513 918 5584 119],
938 5531 964 5567 a.
983 5519 1064 5580 1216,
1091 5512 1146 5567 Iul.
1168 5519 1202 5568 26
1219 5514 1313 5567 electus
1332 5509 1516 5565 Formica-sia
1540 5509 1641 5577 tenutam
1656 5506 1725 5560 inter
1739 5504 1873 5572 proauus
1891 5501 1956 5557 Ger-

303 5605 410 5659 maniae
426 5603 599 5658 inobedientes
616 5619 674 5657 earn
691 5618 747 5656 non
764 5600 911 5656 nominarit
930 5599 975 5669 [at.
990 5605 1084 5668 p.153,
1103 5604 1158 5654 not.
1172 5596 1210 5670 2],
1228 5615 1312 5668 neque
1330 5614 1388 5652 cero
1405 5598 1436 5651 in
1453 5596 1518 5651 uotis
1535 5593 1648 5649 Henrici
1667 5592 1757 5659 Ruspe
1774 5590 1842 5660 repis
1861 5604 1956 5643 nomen

303 5692 361 5746 eina
378 5707 493 5759 amram
509 5690 630 5745 ocnnvit
668 5689 720 5744 uui
735 5689 774 5744 rei
791 5689 853 5744 traca
869 5689 930 5758 riusa
946 5687 1022 5742 cerba
1039 5685 1160 5754 mutotue
1176 5685 1341 5741 oonmniunt.

409 5785 473 5840 Rau.
486 5785 568 5840 Poun.
581 5785 616 5840 ΙΙ.
1716 5777 1751 5833 35
