4328 6232
714 358 918 416 urrsrotnu
936 362 1125 419 tutacula.
1163 365 1237 419 tato.

434 670 605 747 Littera
634 678 817 753 soldani
843 682 980 754 misso
1009 682 1061 755 ad
1089 681 1319 754 domiuum
1347 703 1518 775 papam

258 817 431 884 Presentic
455 843 551 907 pape,
580 827 709 903 nobilis,
738 830 859 914 magui,
889 829 1054 914 spiritalis,
1084 830 1267 902 affectuosi,
1296 831 1411 909 sancti,
1440 832 1647 895 tortiidceimi
1673 840 1802 918 aposto-

147 920 268 997 lorum,
309 923 505 990 universalis
534 927 665 1013 loquele
695 932 971 1008 Christianorum,
1009 953 1107 995 manu
1136 933 1279 996 tenentis
1308 933 1499 997 adoratores
1532 937 1652 1012 crucis,
1688 936 1803 1000 iudicis

148 1024 262 1108 populi
279 1023 467 1108 Christiani,
491 1031 636 1098 ductoris
661 1035 800 1099 liliorum
824 1036 1040 1121 baptismatis,
1065 1037 1180 1099 summi
1205 1037 1365 1122 pontificis
1383 1037 1642 1103 Christianorum
1668 1079 1701 1086 -
1725 1061 1802 1103 con-

82 1141 93 1173 '·
148 1129 257 1193 firmet
287 1152 360 1195 eum
385 1134 476 1199 Deus
505 1143 539 1200 et
566 1137 622 1202 det
651 1140 712 1204 sibi
742 1142 932 1205 felicitatem
956 1178 997 1187 —
1021 1163 1040 1204 a
1063 1140 1213 1222 soldano,
1242 1143 1485 1227 potentissimo,
1517 1152 1675 1227 regnanto
1705 1164 1804 1228 super

149 1234 234 1297 eolla
257 1237 435 1318 nationum,
460 1242 647 1306 continente
671 1243 752 1307 duas
778 1245 923 1325 virtutes,
948 1242 1048 1328 gladii
1072 1250 1106 1307 et
1129 1245 1258 1325 calami,
1282 1244 1469 1330 possidente
1494 1244 1558 1308 duo
1581 1246 1803 1331 precellentis,

150 1338 278 1402 scilieet
293 1340 474 1407 doctrinam
491 1349 525 1408 et
539 1344 707 1423 iudicium,
731 1369 809 1432 rege
826 1347 962 1411 duorum
979 1347 1128 1426 marium,
1144 1346 1347 1411 dominatore
1360 1347 1475 1412 Austri
1491 1355 1525 1411 et
1542 1348 1802 1434 Septemtriouis,

150 1464 227 1527 rego
251 1445 396 1529 regionis
418 1445 574 1533 Egyptii·
597 1455 630 1514 et
653 1449 746 1535 Syrie
771 1459 804 1516 et
827 1451 1066 1536 Mesopotamia
1091 1457 1124 1513 et
1147 1449 1256 1514 Medic
1281 1456 1313 1514 et
1330 1449 1481 1516 Ydumec
1506 1459 1539 1515 et
1562 1450 1695 1538 Ephirl,
1724 1474 1802 1537 rege

151 1545 288 1611 Salech⁰
321 1547 432 1613 Belfet
457 1549 567 1637 Ayob,
604 1549 682 1639 [filio
713 1551 875 1639 soldani]d
904 1552 1024 1616 Hamcl
1059 1552 1303 1616 Helmcvaffar⁰
1333 1552 1508 1619 Mehamed
1521 1557 1540 1635 ¹,
1578 1555 1636 1619 filii
1672 1555 1799 1620 soldani

90 1666 97 1690 ³
150 1651 237 1735 rogis
260 1651 390 1718 Hadel¹
411 1652 616 1727 Boheere⁸²,
641 1656 720 1720 tiliih
743 1656 848 1741 Ayob,
873 1657 964 1720 ouius
989 1677 1125 1741 reguum
1148 1653 1241 1720 Dcus
1264 1656 1382 1741 diligit.

255 1753 296 1820 In
313 1757 444 1821 nomine
461 1756 524 1823 Dei
540 1758 757 1824 misericordis
775 1767 808 1826 et
824 1760 1035 1825 miseratoris
1072 1760 1267 1825 Presentatc
1284 1767 1359 1825 sunt
1375 1761 1536 1845 scripture
1553 1783 1648 1848 papo,
1673 1762 1803 1839 nobilis,

146 1859 268 1943 magni,
285 1859 462 1945 spiritalis¹,
480 1863 660 1935 affectuosi,
677 1864 792 1943 sancti,
808 1863 1017 1929 tertiideoimi
1033 1864 1266 1948 apostolorum,
1289 1864 1483 1929 universalis
1500 1865 1630 1949 loquele
1644 1863 1803 1929 Christia-

147 1984 272 2035 norum,
284 1984 383 2027 mauu
396 1966 539 2030 tenentis
551 1966 739 2032 adoratores
754 1968 868 2043 erucis,
882 1966 996 2032 iudicis
1008 1967 1122 2052 populi
1133 1965 1320 2046 Christiani,
1338 1967 1476 2030 summu
1489 1969 1650 2053 pontificis
1664 1969 1803 2032 liliorum

149 2067 357 2152 baptismatis
373 2069 529 2134 —faciat
552 2091 626 2134 cum
643 2071 734 2135 Deus
758 2073 798 2136 de
822 2070 1052 2135 affectantibus
1074 2070 1196 2133 bouum
1212 2077 1245 2134 et
1261 2070 1455 2134 facientibus
1472 2070 1553 2134 illud
1570 2079 1603 2136 ot
1619 2072 1804 2135 volentibus

82 2189 94 2221 τ»
149 2192 266 2256 pacem
296 2178 330 2235 ct
351 2172 640 2258 perseverantibus
664 2175 696 2237 iu
721 2175 830 2238 causis
855 2174 940 2253 eius,
973 2180 1006 2237 et
1029 2171 1163 2237 adiuvet
1186 2192 1259 2236 eum
1284 2170 1375 2236 Deus
1398 2174 1431 2236 in
1454 2173 1532 2254 hiis,
1564 2195 1626 2259 quc
1650 2174 1803 2239 decentio

145 2281 224 2337 suut
247 2273 288 2338 ad
305 2274 391 2354 illos,
415 2276 469 2360 qui
487 2283 563 2341 sunt
578 2278 628 2342 sui
645 2278 752 2341 cultus
769 2278 837 2341 sive
854 2278 943 2357 ritus,
968 2276 1058 2340 etad
1074 2277 1155 2340 alios
1175 2311 1208 2322 -
1230 2282 1262 2341 et
1279 2276 1485 2363 respeximus
1502 2278 1608 2342 dictas
1624 2279 1804 2364 scripturas

147 2378 308 2458 studioso,
332 2385 365 2444 et
387 2379 610 2446 intelleximus
635 2383 787 2468 capitula,
810 2403 873 2467 quc
896 2383 929 2445 in
954 2382 1002 2446 cis
1026 2383 1149 2446 inserta
1173 2388 1276 2461 crant,
1301 2388 1469 2446 eteorum
1494 2381 1694 2446 coutinentia
1709 2381 1804 2444 nobis

147 2483 287 2569 placuit,
318 2489 353 2547 et
383 2483 568 2550 delectatus
598 2493 650 2552 est
680 2486 812 2551 auditus
841 2493 955 2552 noster
977 2487 1010 2549 in
1034 2486 1140 2551 relatu
1164 2508 1286 2551 eorum.
1331 2485 1376 2550 Et
1399 2487 1532 2551 nuntius
1556 2486 1646 2552 vcnit
1668 2484 1710 2550 ad
1734 2508 1804 2564 uos,

147 2609 245 2672 quem
269 2587 358 2652 misit
382 2595 515 2654 sanetus
538 2612 638 2677 papa,
667 2598 701 2656 ct
724 2593 830 2678 ipsum
854 2591 1062 2676 preveuimus
1087 2611 1160 2653 eum
1183 2590 1308 2654 honore
1332 2597 1366 2655 ct
1389 2589 1581 2669 dilectione,
1606 2612 1678 2654 cum
1702 2588 1803 2652 dovo-

65 2712 76 2743 ··
146 2690 248 2755 tioue¹
273 2699 307 2756 ct
328 2695 522 2775 reverentia,
546 2696 716 2780 ipsumque
740 2695 1021 2759 convocavimusm
1046 2692 1087 2756 ad
1112 2700 1324 2778 conspectum
1346 2699 1504 2775 nostrum,
1529 2694 1592 2758 sibi
1609 2694 1804 2758 inclinantes

148 2794 349 2860 intendimus
378 2817 488 2862 aurem
499 2807 513 2834 ¹¹
537 2798 645 2862 verbis
670 2799 739 2863 eius
763 2806 796 2863 ct
819 2796 917 2861 fidem
941 2795 1151 2860 adhibuimus
1181 2795 1232 2859 ei⁰
1260 2797 1444 2860 nuntiantip
1473 2795 1568 2858 nobis
1597 2794 1637 2859 de
1662 2795 1804 2876 Christo,

147 2920 246 2984 super
269 2920 367 2985 quem
391 2902 434 2965 sit
457 2903 579 2969 salusa.
617 2902 668 2967 Dc
693 2924 755 2988 quo
774 2903 905 2966 Christo
930 2903 1002 2986 plus
1020 2902 1149 2978 seimus,
1173 2921 1269 2984 quam
1285 2923 1344 2966 vos
1361 2903 1483 2977 sciatis,
1508 2909 1541 2965 et
1557 2901 1804 2984 magnificamus

148 3023 223 3066 cum
249 3002 333 3088 plus,
357 3024 454 3088 quam
478 3026 537 3069 vos
560 3007 808 3090 magnificetis¹.
854 3004 898 3069 Et
921 3004 962 3069 dc
985 3004 1058 3083 hoe,
1082 3003 1168 3088 quod
1192 3002 1300 3068 dicitis
1324 3025 1382 3068 vos
1406 3003 1598 3069 desiderare
1622 3003 1803 3089 tranquilli-

149 3113 250 3169 tatem
279 3113 313 3170 et
343 3108 507 3191 quietem·
537 3117 570 3175 et
593 3110 716 3175 habere
740 3112 912 3175 materiam
936 3107 1137 3174 convocandi
1159 3110 1300 3195 populos
1324 3109 1364 3173 ad
1390 3131 1523 3195 pacem,
1557 3110 1706 3174 similiter
1729 3109 1805 3172 nost

69 3232 95 3270 a:-
149 3208 384 3289 desideramus,
408 3223 491 3276 necu
515 3215 663 3279 volumus
687 3215 859 3283 contraire.
884 3223 917 3278 et
939 3214 1001 3278 hoo
1025 3234 1155 3299 semper
1177 3213 1340 3277 voluimus
1364 3220 1398 3278 ct
1420 3213 1690 3278 desideravimus.
1738 3209 1803 3274 Sed

149 3335 249 3399 papa,
287 3333 384 3397 quem
410 3315 503 3381 Deus
531 3319 715 3395 confirmet,
752 3319 827 3396 scit,
866 3315 950 3402 quod
980 3318 1066 3381 inter
1099 3338 1158 3379 nos
1188 3322 1221 3380 ct
1256 3319 1487 3403 imperatorem
1521 3316 1707 3381 iamdudum
1742 3314 1804 3377 fuit

149 3417 353 3481 familiaritas
384 3427 417 3484 ct
439 3419 570 3485 dilectio
592 3427 724 3485 mutuav
749 3428 782 3485 ct
805 3420 978 3484 concordia
999 3420 1145 3504 perlecta
1169 3441 1188 3483 a
1211 3426 1359 3506 tempore
1384 3420 1512 3485 soldani
1535 3421 1637 3506 patris
1662 3419 1803 3482 nostrir.

149 3541 243 3605 quom
268 3519 361 3587 Deus
391 3529 491 3609 ponat
520 3525 553 3588 in
581 3525 763 3603 claritate¹,
795 3530 828 3587 et
852 3524 937 3586 iuter
967 3534 1044 3586 nosy
1074 3530 1107 3588 et
1138 3525 1367 3608 imperatorem
1392 3523 1594 3610 predictum*
1624 3530 1690 3601 est,
1721 3521 1804 3585 sieut

150 3623 250 3688 scitis.
284 3623 381 3690 Uudc
404 3647 469 3690 nou
493 3627 571 3691 lieet
593 3627 689 3691 nobis
711 3627 822 3712 aliqua
845 3646 1041 3711 componore
1066 3647 1138 3689 cum
1163 3625 1367 3707 Christianis,
1390 3627 1454 3691 nisi
1478 3628 1569 3713 prius
1592 3625 1803 3691 habuerimus

154 3748 251 3812 super
280 3728 345 3792 hiis
369 3727 521 3817 [ipsius]⁸
544 3733 716 3796 consilium
741 3737 775 3796 et
798 3751 980 3795 assensum.
1024 3727 1068 3792 Et
1089 3750 1147 3792 nos
1170 3730 1360 3815 scripsimus
1383 3733 1498 3796 nuntio
1521 3738 1646 3811 nostro,
1676 3730 1730 3816 qui
1754 3735 1805 3792 est

151 3833 297 3896 incuria
321 3834 536 3919 imperatoris,
567 3857 626 3921 pro
650 3836 765 3914 causis,
793 3855 875 3918 quas
898 3832 1015 3897 detulit
1037 3833 1170 3896 nuntius
1193 3854 1290 3918 pape,
1314 3835 1503 3900 nuntiantes
1527 3835 1579 3900 eib
1602 3834 1747 3919 capitula
1771 3840 1804 3895 ot

151 3939 320 4022 proposita
342 3938 448 4001 nuntii
472 3939 584 4002 vestri.
621 3940 695 4024 Ipse
719 3939 852 4002 nuntius
877 3944 990 4000 nostor
1005 3936 1115 3999 veniet
1131 3935 1172 3999 ad
1188 3939 1388 4021 presentiam
1409 3947 1581 4017 vestram0,
1606 3945 1639 4002 et
1655 3939 1805 4021 loquetur

151 4041 273 4115 vobis‘l,
311 4047 362 4106 et·
397 4043 610 4109 renuntiabit.
634 4042 753 4122 nobis‘,
791 4048 825 4106 et
855 4047 1028 4126 postquam
1064 4039 1311 4117 renuntiaverit,
1346 4042 1504 4106 faciemus
1535 4042 1627 4105 iuxta
1656 4049 1803 4104 tenorem

152 4145 311 4231 responsi.
348 4145 420 4211 Nec
443 4145 699 4232 discrepabimus
723 4147 764 4211 ab
788 4169 838 4223 eo,
862 4144 947 4230 quod
970 4144 1133 4208 videbitur
1154 4146 1234 4209 utilc
1257 4145 1427 4221 universis,
1452 4146 1498 4209 ito
1520 4145 1606 4231 quod
1630 4164 1803 4230 possumus

152 4249 273 4314 habere
298 4250 449 4314 meritum
473 4251 590 4316 aDeo.
635 4250 708 4315 Hec
729 4250 824 4315 vobis
847 4249 1089 4328 annuntiamus,
1113 4255 1147 4313 ct
1171 4249 1289 4313 bonum
1314 4250 1524 4336 ampliabitur
1547 4249 1580 4312 iu
1603 4254 1802 4334 posterumss,

150 4352 221 4418 Deo
245 4352 358 4420 dante.
1122 4344 1126 4352 ¹

252 4529 867 4539 ---—.-—————————-
877 4527 1206 4533 ——-———
1215 4526 1673 4534 -—..-——-—---——-—
1686 4525 1695 4530 -

252 4670 278 4723 ‘l
301 4670 397 4722 &alta
420 4669 514 4736 Egypti
531 4667 619 4720 StM.
638 4667 664 4719 V.
760 4666 900 4730 1))ιί(ι1ἰ.,·
922 4668 1003 4733 Ophir
1020 4667 1058 4717 St.
1071 4666 1109 4716 M.
1128 4665 1154 4717 V.
1249 4666 1272 4729 ⁰)
1292 4665 1390 4717 Faheth
1405 4666 1456 4723 st,-
1478 4667 1572 4731 Saloph
1587 4665 1622 4739 ll.
1719 4660 1744 4723 1¹)
1765 4662 1803 4711 st.

152 4758 188 4808 ll.
211 4757 251 4814 V..·
276 4757 345 4808 deest
365 4755 395 4805 u.
500 4754 523 4815 ο)
548 4754 764 4819 llelcsmsuuphat
783 4753 834 4812 St.,·
863 4754 1018 4804 llemavasar
1035 4752 1071 4803 M.
1077 4771 1086 4811 ,¹
1110 4753 1291 4803 llebuevassar
1311 4751 1337 4803 V.
1442 4747 1462 4815 s)
1487 4752 1580 4802 lloldal
1599 4751 1650 4808 St;
1675 4749 1750 4800 Sarlel
1777 4747 1802 4796 V.

152 4847 177 4905 tt)
195 4843 294 4896 lobezir
307 4843 346 4893 St.
361 4848 385 4900 1,·
408 4842 503 4893 loherir
515 4839 553 4891 St.
567 4843 595 4900 2,·
618 4840 746 4890 Bubetlrre
759 4839 809 4896 l!.,·
827 4840 936 4890 Bobetre
954 4838 980 4889 V.
1081 4836 1106 4902 ¹¹)
1126 4839 1172 4888 tilii
1190 4839 1264 4904 primi
1284 4838 1322 4888 δέ.
1336 4845 1357 4888 1.
1458 4835 1475 4899 i)
1495 4838 1615 4904 spiritalia
1633 4836 1700 4886 deest
1720 4836 1757 4885 b't.
1777 4834 1801 4883 V.

151 4928 244 4997 ¹)pro
262 4929 402 4981 summi-
415 4928 574 4994 baptismatis
585 4944 628 4991 cp.
642 4925 694 4978 tlh:
711 4926 824 4976 ductoris
842 4926 876 4975 fil.
890 4927 948 4991 bap.
961 4942 1026 4975 aum.
1042 4933 1110 4991 [sont.
1124 4924 1326 4975 Christianorum
1345 4931 1473 4988 utapro.
1552 4922 1571 4987 ¹)
1591 4941 1649 4974 cum
1668 4923 1802 4972 dovotione

150 5017 217 5068 «lecet
229 5016 266 5066 ll.
355 5015 387 5073 ¹¹¹l
407 5015 490 5082 ipsum
510 5029 550 5065 vo.
565 5012 614 5073 Sta
633 5013 718 5079 ipsum
736 5029 818 5062 convo
843 5011 870 5061 V.
957 5010 983 5072 ῃ)
1002 5018 1087 5062 autem
1101 5009 1152 5070 St.;
1175 5027 1263 5061 aurem
1282 5009 1350 5060 deest
1367 5008 1394 5061 V.
1482 5008 1506 5073 ⁰)
1525 5011 1548 5060 ei
1566 5008 1697 5066 dccstSt.;
1719 5007 1803 5057 verbis

150 5104 205 5154 eius
219 5102 256 5152 ill.
354 5098 609 5163 u)annuncia11tiV.
703 5097 729 5163 (1)
748 5099 805 5150 laus
819 5097 870 5157 St.,·
887 5098 958 5148 salus
976 5105 1001 5148 et
1019 5098 1077 5147 laus
1090 5096 1128 5147 M.
1225 5094 1246 5160 Γ)
1265 5095 1435 5161 magnificatis
1448 5096 1485 5146 hl.
1582 5096 1603 5158 1)
1623 5103 1652 5145 tr.
1672 5102 1697 5145 et
1715 5109 1801 5160 pacem

152 5198 177 5239 et
198 5206 240 5254 qu.
259 5187 297 5238 ll.
321 5187 349 5238 V.
455 5186 475 5250 ί)
497 5195 523 5238 et
549 5203 596 5236 uos
619 5184 657 5235 St.
675 5184 712 5234 M.
818 5184 843 5247 υ)
865 5201 912 5235 neo
936 5212 968 5218 --
990 5184 1190 5234 desideravimus
1212 5182 1280 5233 deest
1300 5182 1327 5231 V.
1433 5182 1457 5246 v)
1480 5189 1505 5232 et
1526 5183 1570 5232 dil.
1592 5190 1655 5232 mut.
1680 5181 1748 5231 deest
1764 5179 1802 5229 St.

152 5274 182 5336 Ι)
204 5275 252 5326 mei
272 5273 311 5324 Jt.
328 5273 356 5324 V.
458 5273 484 5338 ¹)
507 5289 556 5324 sua
578 5271 641 5321 add.
656 5271 693 5322 lt.
793 5270 817 5333 l)
835 5287 881 5320 vos
900 5268 937 5320 St.
952 5275 974 5331 1,
991 5269 1029 5318 dl.
1049 5269 1076 5318 V.
1180 5266 1202 5332 ²)
1227 5269 1369 5334 predictum
1392 5268 1459 5319 decu
1472 5268 1509 5318 M.
1610 5266 1633 5332 ²)
1654 5265 1692 5318 St.
1707 5265 1743 5316 ll.
1763 5265 1804 5324 V.,·

92 5372 104 5407 τι
154 5360 232 5426 ipsius
250 5360 319 5410 deest
330 5359 363 5410 13.
461 5357 488 5425 ¹‘)
511 5358 534 5410 ei
553 5355 672 5409 decatSt.
772 5355 796 5420 c)
818 5364 930 5408 nostram
949 5354 986 5406 St.
1007 5355 1034 5405 V.
1135 5351 1161 5418 d)
1184 5355 1258 5406 uobis
1277 5354 1314 5406 St.
1335 5353 1362 5405 V.
1461 5354 1484 5418 ο)
1505 5362 1531 5404 et
1553 5372 1606 5405 reu.
1625 5372 1666 5405 uo.
1685 5351 1803 5403 deestSt.

153 5442 175 5507 ‘l
192 5444 227 5495 ll.
248 5445 290 5504 V.,·
308 5445 382 5496 vobis
394 5443 427 5496 B.
514 5443 540 5510 Β)
559 5444 585 5494 in
603 5451 733 5511 posterum
751 5443 820 5495 deest
832 5442 869 5493 Μ.
888 5441 914 5493 V.

259 5598 283 5665 1)
304 5596 457 5657 tlt-Kana
472 5597 570 5655 maes·
587 5613 612 5650 a.
629 5602 698 5654 1238.
769 5598 797 5660 ⁸2)
819 5594 929 5653 Fratris
947 5593 1081 5650 stautai.
