4328 6232
201 333 263 403 342
751 322 800 384 ax
817 319 1037 385 mucetum
1054 319 1093 383 IV
1111 318 1293 384 ntars'rno

225 691 233 707 .
264 691 272 708 .
301 634 453 707 abbati
481 633 741 706 monasterii
769 632 1032 704 Scotborum
1060 630 1288 704 collinam
1316 624 1597 704 Pitarrensisb
1623 632 1829 704 diocesis

306 784 380 848 Non
404 785 473 848 sine
498 784 597 848 animi
624 783 808 847 turbatione
836 783 1036 868 accepimus,
1067 781 1151 868 quod
1175 788 1209 846 tu
1234 781 1419 867 etquidem
1444 782 1485 847 de
1509 782 1676 847 monachis
1699 782 1766 845 tuis
1788 802 1852 845 non

199 888 321 974 absque
345 895 401 952 tue
432 889 631 953 conscientia
661 908 769 952 coram
803 886 985 951 fautoribus
1009 886 1169 950 Frideriei
1199 886 1361 971 quondam
1389 887 1596 972 imperatoris
1620 887 1850 951 excommuni-

200 993 281 1056 catis
312 992 433 1077 apertis
462 992 568 1056 ianuis
601 998 634 1056 et
662 992 729 1055 alta
753 1011 832 1056 voce
863 990 972 1054 divina
1002 1011 1157 1075 procuras
1181 990 1289 1054 officia
1312 990 1490 1054 celebrare.
1537 991 1622 1064 Quia
1645 1013 1724 1056 vero
1749 991 1799 1062 id,
1824 993 1851 1056 si

200 1118 311 1161 serum
336 1103 397 1172 est,
419 1097 556 1159 multum
579 1117 598 1158 a
621 1096 763 1179 regulari
784 1093 950 1179 discrepat
971 1093 1146 1158 honestate
1169 1115 1208 1157 sc
1229 1095 1277 1157 tui
1297 1093 1424 1157 honoris
1449 1101 1483 1158 et
1497 1096 1604 1159 anime
1621 1096 1848 1159 confusionem

198 1199 352 1263 inducere
375 1200 496 1284 poterit
518 1219 581 1262 non
602 1196 745 1280 indigne,
762 1197 950 1261 discretioni
965 1203 1020 1260 tue
1040 1199 1241 1283 presentium
1257 1199 1452 1262 auctoritate
1469 1198 1617 1263 districte
1633 1200 1848 1287 precipiendo

200 1302 405 1375 mandamus,
434 1304 602 1386 quatinus,
632 1302 658 1364 si
694 1323 747 1364 res
781 1301 827 1364 ito
857 1322 893 1363 se
921 1300 1037 1378 habet,
1061 1301 1102 1364 ab
1126 1299 1311 1365 huiusmodi
1335 1302 1556 1367 celebratione
1581 1325 1689 1368 coram
1715 1326 1849 1368 excom-

201 1407 374 1471 municatis
405 1405 526 1469 eisdem
555 1413 588 1469 et
616 1411 651 1468 tu
686 1405 758 1490 ipse
782 1404 947 1468 abstineas
971 1411 1003 1468 et
1025 1409 1099 1468 tuos
1123 1404 1299 1469 monachos
1327 1406 1429 1471 facias
1452 1406 1637 1480 abstinere,
1661 1409 1849 1494 quinpotius

201 1513 289 1597 ipsos
312 1510 413 1572 artius
436 1509 557 1572 evitare
586 1508 718 1573 studeas
748 1515 781 1572 et
810 1529 829 1570 a
855 1508 919 1570 tuis
944 1506 1082 1571 subditis
1105 1508 1207 1572 facias
1230 1508 1361 1586 evitari,
1390 1510 1416 1572 si
1442 1513 1534 1597 cupis
1558 1533 1677 1598 penam
1701 1513 1848 1596 effugere

204 1614 359 1677 canonice
383 1613 524 1677 ultionis.

304 1732 381 1799 Det.
404 1732 566 1817 Lugduni,
590 1732 621 1795 X
644 1731 719 1795 Kal.
744 1732 840 1796 Febr.
864 1751 949 1794 anno
966 1730 1021 1796 V0.

829 1993 1239 2002 ——---——...

985 2221 1074 2297 483.

309 2340 527 2433 Innocentius
550 2363 607 2429 IV
626 2385 715 2448 papo
742 2363 930 2449 [Philippo]
951 2365 1153 2447 procuratori
1184 2366 1327 2430 ccclesiae
1360 2365 1610 2450 Satisbnnqensis
1641 2369 1789 2445 rnonrtut,
1823 2372 1856 2430 nt

205 2470 423 2554 [Gortrudcc]
444 2469 586 2532 dimissor
608 2470 775 2546 Andriae,
803 2469 942 2532 inimicis
969 2469 1112 2533 coelestim
1139 2489 1170 2532 se
1200 2489 1351 2553 rprpcnorc
1375 2471 1768 2549 inconsentaneum
1792 2474 1857 2536 loca

203 2575 385 2654 pnooincioc
407 2593 491 2650 ormo,
514 2592 645 2653 qnorum
667 2573 857 2635 habitatores
878 2572 1042 2637 Frtdcrico
1064 2573 1222 2654 qnondam
1244 2575 1427 2657 temeratori
1447 2576 1623 2639 iuramento
1645 2596 1677 2639 sc
1699 2577 1858 2639 astrinxe-

204 2678 280 2751 rint,
305 2676 468 2740 interdicto
490 2680 656 2756 supponat.
681 2716 722 2723 —
745 2675 834 2739 Idem
851 2674 924 2759 soro
944 2673 1134 2761 [Brnnoni]
1155 2677 1294 2762 episcopo
1318 2676 1514 2742 Olomnccnst
1536 2678 1677 2745 mandot.

1504 2785 1589 2847 1248
1620 2782 1696 2846 Ian.
1719 2785 1775 2848 23.

309 2885 372 2937 Ian.
391 2883 439 2937 IV
454 2883 519 2951 Rep.
536 2882 590 2936 Vol.
610 2881 712 2949 Leon
730 2881 791 2935 Lib.
810 2881 900 2947 nom
917 2887 941 2935 ct
959 2888 1013 2935 mo.
1064 2882 1161 2935 Pcrtsii
1188 2884 1347 2951 eremplorr'n
1372 2884 1532 2937 contutans
1552 2833 1613 2937 cuin
1633 2884 1786 2951 Memnon,
1807 2886 1824 2937 l.
1842 2904 1862 2938 s.

207 2976 224 3025 t.
243 2970 272 3036 V,
288 2988 316 3038 p.
330 2977 369 3036 29,
386 2986 413 3022 n.
427 2976 460 3022 27
476 2974 543 3036 etp.
558 2974 599 3035 30,
617 2985 644 3019 n.
660 2974 699 3021 28.

312 3055 443 3121 Pottlmst,
463 3054 528 3122 Rep.
542 3060 637 3117 1281&
655 3055 751 3122 Berper
762 3061 825 3108 ³572
843 3059 866 3107 ct
883 3060 954 3110 3576.

1024 3212 1050 3277 Ι.

524 3413 534 3430 .
563 3412 571 3429 .
600 3356 884 3449 procuratori
912 3357 1110 3430 ecclesie
1138 3354 1541 3450 Salzeburgensis².

312 3506 405 3585 Cum,
427 3507 511 3571 sieut
533 3506 729 3592 accepimus,
754 3506 874 3571 dilecta
901 3507 934 3570 in
958 3505 1086 3572 Christo
1109 3508 1176 3572 filia
1198 3507 1319 3572 nobilis
1343 3509 1516 3573 mulier..
1540 3508 1670 3574 ducissa
1692 3511 1866 3581 Austrie³.

210 3612 279 3676 zelo
309 3611 385 3675 fidei
417 3618 451 3676 et
480 3611 662 3675 devotionis
693 3632 834 3675 accensa
865 3617 898 3675 et
919 3610 1061 3675 feminee
1085 3612 1273 3696 cogitationi
1297 3614 1511 3677 masculinum
1535 3613 1680 3676 animum
1705 3615 1871 3688 inserens,

209 3715 346 3778 inimicis
370 3715 511 3778 ecclesie
535 3735 702 3801 opponere
727 3736 763 3778 se
786 3713 949 3778 intendat:
975 3714 1180 3779 devotionern
1202 3722 1292 3780 tuam
1316 3738 1479 3802 rogamus,
1496 3738 1667 3782 monemus
1691 3726 1727 3783 et
1751 3719 1877 3784 horta-

211 3839 283 3881 mur
305 3825 447 3898 attente,
476 3817 668 3882 mandantes
692 3818 846 3902 quatinus
870 3824 903 3882 et
926 3818 958 3880 in
980 3817 1042 3882 hoc
1066 3819 1096 3882 ei
1120 3840 1157 3883 ac
1181 3819 1214 3883 in
1237 3820 1306 3884 iure
1330 3841 1388 3884 suo
1410 3820 1569 3885 exhibeas
1593 3829 1624 3885 te
1647 3822 1863 3888 favorabilem

212 3928 244 3985 et
276 3922 409 3985 assistas
432 3921 568 3985 viriliter
591 3928 624 3986 et
646 3929 808 4007 potenter.
854 3923 907 3987 Ad
931 3922 990 3986 hec
1014 3924 1161 3987 volumus
1186 3931 1219 3988 et
1241 3925 1445 4003 mandemus,
1468 3931 1505 3988 ut
1520 3932 1629 3990 castra
1653 3935 1686 3990 et
1710 3928 1787 3992 loca
1811 3938 1877 3993 tue

212 4025 377 4110 provincie
401 4045 439 4088 ac
462 4024 613 4094 diocesis,
637 4047 771 4111 quorum
795 4026 993 4091 habitatores
1019 4049 1054 4091 se
1078 4027 1131 4094 Fr.
1155 4026 1315 4113 quondam
1340 4028 1531 4114 imperatori
1555 4035 1667 4092 contra
1690 4032 1877 4097 ecclesian·

212 4128 384 4192 iuramenti
408 4128 536 4191 vinculo
564 4129 802 4210 astrinxerunt,
827 4151 992 4216 supponas
1016 4132 1239 4197 ecclesiastico
1262 4131 1455 4205 interdicto,
1480 4138 1593 4194 contra
1620 4132 1710 4218 ipsos
1735 4135 1877 4200 babita-

212 4238 299 4295 torcs
323 4232 403 4294 alias
426 4237 492 4294 tarn
517 4233 730 4317 spiritualiter
753 4254 848 4317 quarn
872 4236 1098 4320 temporaliter
1120 4255 1344 4322 processurus.

316 4353 393 4420 Det.
416 4354 579 4440 Lugduni,
602 4356 634 4420 X
656 4355 730 4420 Kal.
754 4355 935 4436 Februarii,
959 4377 1045 4422 snno
1061 4357 1117 4423 V0.

1016 4544 1059 4612 II.

715 4745 752 4760 ..
780 4693 1009 4784 episeopo
1036 4691 1373 4768 Omolucensr.

303 4839 400 4913 (luni,
429 4841 513 4905 sicut
543 4843 745 4928 accepimus,
774 4842 898 4908 dilecta
924 4844 958 4907 in
981 4841 1109 4908 Christo
1137 4844 1205 4909 filia
1227 4843 1344 4907 nobilis
1369 4842 1485 4906 mulier
1509 4892 1541 4907 ..
1565 4840 1696 4905 ducissa
1719 4843 1860 4911 Austris

216 4944 286 5007 zelo
311 4942 385 5006 lldei
410 4952 443 5007 et
467 4944 648 5008 devotionis
664 4966 804 5009 accensa
825 4955 859 5010 et
874 4947 1015 5010 feminee
1037 4947 1225 5031 cogitationi
1240 4947 1456 5010 masculinum
1473 4945 1614 5008 animum
1632 4946 1785 5011 inserens
1809 4960 1877 5013 etr·

216 5053 251 5109 ut
275 5068 374 5132 supro
397 5048 428 5109 in
452 5046 585 5111 DXXII
607 5049 750 5134 capitulo
774 5070 892 5134 usque:
917 5052 989 5114 loca
1012 5049 1149 5114 ducatus
1165 5050 1310 5115 Austrie.
1335 5070 1471 5134 quorum
1495 5056 1558 5115 etc.
1581 5057 1616 5112 ut
1639 5070 1742 5136 supra
1765 5073 1877 5139 usquc

215 5152 248 5216 in
272 5152 378 5215 finem.

323 5273 359 5336 In
384 5273 523 5338 eundern
547 5274 678 5338 modum
703 5326 735 5340 ..
760 5275 913 5360 episcopo
938 5274 1129 5340 Sokowcnsi
1140 5276 1163 5338 ⁴.

322 5500 345 5563 n)
365 5502 460 5553 ll'inna
478 5501 510 5552 B.
615 5500 639 5565 1))
659 5503 705 5567 lep.
723 5503 891 5556 Putariensis.
995 5505 1019 5568 c)
1039 5506 1084 5571 lep.
1103 5506 1275 5558 Olomucensi.

320 5619 345 5685 1)
371 5617 456 5672 Wien
494 5619 581 5673 Dore.
598 5621 631 5686 η’.
649 5621 726 5673 etiam
743 5638 770 5675 n.
788 5629 847 5676 ⁴47.
929 5622 958 5692 2)
975 5622 1018 5677 De
1034 5623 1081 5679 boc
1098 5624 1129 5692 es.
1147 5640 1175 5678 n.
1188 5632 1238 5679 420
1255 5628 1281 5678 et
1297 5631 1354 5679 446.
1432 5623 1460 5692 3)
1479 5622 1519 5691 (Is.
1537 5639 1566 5677 n.
1583 5629 1642 5679 480.
1722 5624 1753 5681 ll
1775 5621 1877 5678 cun:
