4328 6232
221 360 283 427 260
778 355 826 413 EX
845 352 1062 413 luuoouuru
1078 351 1118 410 IV
1135 351 1316 413 ausurae

220 534 369 600 eiusdem
399 533 600 599 marchionis
631 532 718 597 lilius
751 532 981 618 desponsavit,
1018 531 1159 597 dilectus
1188 532 1276 597 filius
1309 582 1344 599 ..
1371 532 1497 599 clectus
1524 532 1765 618 Ferrarienais,
1794 543 1873 603 tunc

220 640 401 725 apostolice
426 639 515 703 sedis
538 639 685 721 legatus,
710 657 863 701 asserens
888 636 975 722 quod
999 635 1117 701 nobilis
1141 635 1190 700 vir
1212 634 1424 702 Hermannue
1448 638 1611 724 quondam
1636 646 1733 706 natus
1758 648 1873 707 sancte

218 741 411 828 Elysabeth,
435 742 541 808 eidem
564 741 703 806 Alberto
724 740 758 803 in
780 741 876 804 tertio
900 739 1002 824 gradu
1025 739 1166 803 attinens
1177 738 1199 817 ¹,
1222 740 1367 825 puellam
1389 740 1528 806 eandem
1552 743 1704 828 primitus
1727 742 1872 830 despon-

218 849 310 927 savit,
327 848 507 913 marchioni
522 845 688 912 mandevit
705 845 820 925 eidem,
842 850 879 908 ut
895 865 968 909 cum
991 844 1122 930 publice
1137 845 1320 910 honestatis
1337 845 1462 910 iustitia
1477 845 1733 912 contrahendum
1757 848 1872 912 matri·

216 952 360 1015 monium
392 951 551 1037 impediat
577 957 610 1016 et
637 950 766 1014 dirimat
795 950 860 1013 ianr
883 954 1102 1028 contractum,
1131 948 1276 1035 puellam
1307 949 1411 1035 ipsam
1439 948 1480 1013 ad
1511 956 1638 1036 patrem
1667 971 1766 1016 suurn
1788 953 1873 1017 inira

218 1061 342 1118 eertum
373 1056 547 1119 terminum
575 1054 743 1119 remittere
773 1060 974 1138 procuraret.
1020 1052 1176 1138 Alioquin
1193 1053 1237 1145 iu
1260 1053 1361 1139 ipsius
1390 1058 1424 1118 et
1449 1053 1707 1119 consiliariorum
1738 1075 1872 1120 suorum

216 1177 374 1241 personas
387 1157 736 1221 excommunicationis
755 1177 794 1220 ao
810 1157 841 1220 in
857 1164 977 1220 terram
994 1155 1065 1220 eius
1078 1155 1244 1221 interdicti
1260 1156 1442 1221 sententias
1454 1156 1692 1242 promulgabat.
1728 1157 1873 1245 Propter

216 1259 303 1343 quod
326 1261 475 1345 prelatus
498 1260 654 1341 marchio,
678 1259 762 1324 infra
784 1258 923 1324 eundem
946 1259 1122 1323 terminum
1146 1258 1419 1346 adapostolicam
1439 1257 1551 1324 sedem
1572 1259 1754 1346 appellans,
1778 1263 1872 1329 nobis

217 1362 386 1427 humiliter
409 1364 616 1450 supplicavit,
639 1369 676 1426 ut
699 1384 773 1426 enm
797 1361 910 1427 eadem
935 1363 1047 1449 puella
1069 1381 1110 1426 eo
1133 1368 1296 1447 tempore,
1324 1382 1388 1447 quo
1411 1361 1496 1426 inter
1517 1363 1624 1449 ipsam
1647 1372 1681 1429 et
1703 1366 1869 1452 prefatum

214 1463 443 1531 Hermannum
473 1467 639 1552 sponsalia
668 1474 836 1531 contrecta
862 1467 997 1546 fuerint,
1028 1486 1092 1529 non
1120 1465 1183 1529 nisi
1207 1464 1289 1529 duos
1313 1485 1417 1529 annos
1441 1464 1580 1530 haberet
1602 1474 1636 1532 et
1658 1469 1868 1554 postmodum

215 1590 276 1633 sex
294 1581 473 1635 annorum·
488 1570 658 1634 dumtaxat
674 1570 844 1650 existeret,
866 1569 994 1655 quando
1010 1591 1083 1635 earn
1099 1569 1245 1655 prelatus
1260 1567 1457 1634 marchionis
1479 1567 1566 1634 filius
1581 1569 1708 1636 habens
1723 1580 1869 1639 tantam

213 1672 310 1736 modo
332 1694 434 1738 annos
458 1681 597 1760 quatuor
624 1673 851 1759 desponsavit,
885 1674 1028 1738 relaxari
1052 1671 1238 1736 huiusmodi
1261 1670 1443 1736 sententiaa
1465 1670 1662 1739 faceremus.
1708 1675 1869 1743 Volentee

213 1775 311 1859 igitur
339 1777 426 1842 dieto
457 1777 639 1841 marchioni
669 1775 846 1862 specialem
875 1776 1012 1861 gratiam
1047 1775 1157 1840 facere
1185 1775 1220 1838 in
1246 1774 1308 1840 hac
1336 1780 1450 1861 parte,
1477 1776 1689 1855 mandamus,
1713 1782 1869 1866 quatinus

213 1878 368 1963 inquisita
391 1902 490 1967 super
513 1881 574 1946 hiis
598 1880 786 1965 diligentius
809 1880 959 1960 veritate,
982 1880 1009 1942 si
1032 1900 1101 1944 rem
1124 1878 1291 1943 inveneris
1313 1879 1360 1943 ita
1383 1900 1467 1961 esse,
1490 1900 1646 1967 procures
1668 1885 1868 1949 auctoritate

212 1989 325 2047 nostra
348 1984 477 2049 easdem
501 1985 683 2050 sententias
707 1985 868 2049 relaxare.

319 2086 395 2152 Dat.
418 2088 580 2172 Lugduni,
603 2088 707 2152 Nonis
730 2086 819 2166 Maii,
842 2109 926 2152 anno
946 2086 1026 2151 IIII.

831 2300 954 2307 ..——-
982 2300 985 2305 .
1010 2299 1242 2306 ...-——-

993 2457 1080 2531 348.

312 2552 533 2645 [amentius
552 2579 607 2644 IV
621 2601 713 2665 popa
734 2581 834 2646 cidem
855 2584 884 2644 et
904 2579 1083 2664 [Sipefrido
1102 2579 1183 2665 ΙΙΙ]
1202 2579 1432 2663 archiepiscope
1455 2579 1643 2664 Mopanliuo
1664 2579 1809 2659 momlat,
1832 2585 1867 2645 al

207 2679 366 2762 [Iloua-iro
381 2682 424 2746 11
418 2683 442 2766 J
458 2682 549 2747 electo
565 2682 721 2767 Spirensi,
744 2683 834 2748 cuius
854 2683 935 2747 liena
950 2688 1099 2768 occupata
1114 2684 1161 2748 vel
1177 2684 1314 2766 obtqua
1328 2684 1403 2762 aiat,
1425 2685 1462 2748 in
1476 2686 1561 2748 certo
1574 2701 1698 2746 aramma
1708 2683 1866 2765 pccrnmc

209 2785 380 2848 (annuatim
397 2785 526 2871 famant
548 2787 583 2851 in
606 2788 805 2853 Alamannia
822 2789 993 2869 masma-i,
1015 2789 1224 2854 desecasset
1239 2789 1414 2869 pesecutio
1435 2787 1586 2852 archado.

312 2938 515 3008 rasurae.
535 2940 704 3009 verram.-
722 2941 917 3009 nornen.
1524 2893 1618 2969 1247,
1641 2889 1777 2956 Mffl'ff·

311 3024 410 3094 Besae·
429 3031 504 3079 eon.

332 3169 373 3245 P.
404 3172 560 3246 Sancti
588 3171 769 3265 Georgii
797 3174 852 3246 ad
882 3173 1033 3246 Velum
1061 3175 1257 3248 Aureum
1285 3173 1477 3248 diacono
1505 3172 1751 3260 cardinali,

258 3294 519 3382 apostolice
563 3294 684 3367 sedis
727 3288 908 3386 legato¹3
945 3301 988 3368 et
1028 3350 1067 3370 ..
1111 3294 1482 3386 archiepiscopo
1517 3294 1812 3387 Maguntino.

314 3422 397 3488 Cum
414 3424 553 3491 dilectus
576 3426 662 3491 filius
686 3474 719 3490 ..
743 3427 869 3491 electus
887 3425 1054 3512 Spirensis
1079 3427 1120 3491 ad
1134 3426 1313 3512 apostolice
1338 3427 1427 3492 sedis
1452 3427 1611 3515 obsequia
1634 3451 1671 3495 se
1688 3450 1862 3518 exponens

205 3545 269 3588 non
293 3526 430 3608 habeat,
459 3550 532 3593 cum
564 3529 650 3593 bona
679 3550 739 3593 sua
762 3534 920 3616 occupata
952 3530 1018 3593 sint
1046 3530 1087 3595 ab
1116 3529 1256 3595 inimicia
1283 3531 1423 3596 ecclesie
1452 3533 1617 3618 otaliqua
1640 3532 1861 3601 demandato
1908 3552 1919 3592 ¹

207 3628 296 3692 sadis
320 3632 500 3717 apostolice
524 3632 678 3717 obligata,
702 3632 789 3698 unde
813 3634 922 3698 valeat
938 3633 1114 3698 honorilice
1137 3635 1324 3715 sustentari,
1348 3636 1550 3716 mandamus,
1572 3638 1728 3723 quatinus
1752 3639 1860 3706 eidem

205 3731 238 3794 in
261 3732 451 3814 Alemania,
478 3735 510 3799 in
541 3737 622 3801 locis
655 3738 687 3800 in
719 3738 837 3822 quibus
861 3736 1018 3825 expedire
1042 3737 1204 3820 videritis,
1234 3739 1362 3804 faciatis
1390 3741 1423 3804 in
1451 3747 1542 3806 certa
1568 3763 1696 3807 summa
1719 3745 1861 3829 pecunie

204 3834 298 3899 iuxta
321 3837 560 3922 providentiam
584 3849 727 3906 vestram
751 3843 845 3906 aunis
868 3843 1019 3927 singulis,
1049 3843 1152 3909 donec
1175 3848 1283 3908 cesset
1305 3845 1491 3930 persecutio
1514 3846 1670 3926 ecclesie,
1693 3849 1861 3934 provideri

206 3975 247 3984 —
271 3961 336 4004 nou
360 3940 511 4008 obstante
535 3945 645 4030 aliqua
667 3945 874 4033 indulgentia
896 3949 937 4011 ab
961 3949 1142 4033 apostolica
1165 3947 1243 4013 sede
1267 3947 1299 4012 in
1322 3949 1469 4033 generali
1492 3951 1546 4015 vel
1568 3951 1705 4037 speciali
1721 3951 1860 4018 obtenta

205 4041 257 4106 vel
281 4044 379 4108 etiam
396 4046 585 4129 obtinenda,
610 4070 670 4134 per
692 4071 790 4134 quern
806 4051 991 4115 huiuamodi
1007 4051 1114 4136 gratia
1128 4048 1278 4137 impediri
1295 4052 1404 4117 valeat
1428 4052 1479 4118 vel
1503 4053 1604 4118 etiam
1621 4053 1784 4120 retardari
1803 4082 1858 4125 —:
1906 4067 1918 4106 ³

203 4147 461 4214 contradictores
484 4151 569 4215 otc.²

309 4250 385 4317 Dat.
409 4253 572 4338 Lugduni,
595 4254 679 4320 Nou.
704 4255 794 4337 Maii,
819 4278 903 4322 auno
927 4256 1006 4321 IIH.

986 4627 1071 4703 349.

305 4718 523 4810 Innocentius
540 4744 595 4810 ru
613 4767 704 4831 papa
726 4746 857 4832 P[etro]
879 4749 991 4815 aanor
1015 4752 1144 4836 esaya
1165 4753 1209 4818 aa
1236 4752 1344 4818 Verum
1366 4754 1509 4820 Auram
1530 4755 1661 4821 ausono
1681 4755 1855 4836 arcesso,

201 4846 387 4926 apostolicae
414 4848 496 4912 sedis
519 4849 631 4931 lepoto,
660 4852 868 4936 capessendi
889 4874 958 4916 orm
983 4855 1131 4941 Gotssido
1157 4858 1264 4922 comite
1293 4858 1330 4921 de
1355 4857 1460 4923 Colace
1480 4863 1511 4922 et
1530 4858 1634 4923 Berto
1656 4880 1755 4925 uxore
1776 4862 1853 4940 aas,

197 4955 232 5012 ut
246 4969 311 5013 non
325 4950 464 5015 abalardo
478 4958 595 5033 quarto
608 4955 893 5038 consonpuinitrlis
908 4957 993 5022 linea
1014 4959 1049 5022 in
1064 4961 1264 5026 matrimonio
1282 4965 1438 5026 contracto
1451 4966 1644 5041 remaneant,
1664 4963 1852 5045 sumtuum
1900 4989 1918 5026 s

197 5052 342 5119 concedit.
1516 5067 1610 5145 1247,
1631 5065 1716 5132 Mai.
1731 5070 1764 5133 8.

300 5157 363 5210 am.
382 5158 429 5211 ru
445 5157 510 5228 aq.
529 5159 582 5214 ua
603 5161 705 5229 rasa·
723 5161 785 5217 no.
804 5163 857 5232 rr,
869 5171 929 5219 aaa.

300 5245 398 5312 Rapa
415 5253 485 5301 aaran

392 5357 407 5361 -
420 5357 1510 5371 --—--——--—————--—-——-
1517 5363 1603 5369 ——-
1611 5363 1744 5371 ·—·—--

298 5417 323 5480 ⁸)
343 5417 378 5469 H.
393 5417 442 5482 B.,·
459 5436 540 5471 annos
559 5419 590 5471 P.
693 5419 718 5487 b)
736 5424 824 5475 Eidem
842 5426 927 5490 legato
944 5424 988 5486 le,-
1004 5427 1129 5479 onteoede't
1145 5446 1172 5481 n.
1189 5431 1249 5482 360.

298 5536 324 5602 1)
344 5534 475 5590 alermus:
487 5537 620 5607 Albenses,
632 5539 772 5594 aenaea
782 5541 907 5611 molae,
924 5543 1099 5600 meaa
1113 5551 1137 5600 et
1148 5546 1226 5601 luco
1237 5580 1269 5590 -
1283 5547 1460 5603 umacus
1472 5548 1493 5602 I
1501 5549 1666 5618 amanam
1684 5549 1851 5625 stasim
1898 5570 1917 5608 e

196 5648 228 5661 ·-
248 5618 409 5675 laruarum
427 5622 480 5691 IV,
498 5623 675 5680 Hermonassa
692 5627 732 5684 11.
835 5629 863 5697 2)
882 5629 927 5684 De
943 5631 1034 5687 ecdem
1050 5634 1127 5703 electo
1142 5635 1175 5701 cs.
1188 5651 1219 5707 p.
1237 5641 1294 5704 246,
1311 5639 1366 5691 soa
1383 5641 1408 5691 2.
