4790 6340
457 397 519 460 336
1015 393 1060 448 EX
1082 391 1297 448 innocuum
1315 391 1354 445 1v
1374 390 1553 446 llllGlS'l'llO

458 568 584 652 itaque,
613 569 698 632 sicut
730 574 763 632 te
798 567 984 652 accepimus
1017 567 1204 642 intimante,
1241 589 1315 630 cum
1350 564 1472 630 dilecta
1507 567 1540 630 in
1568 565 1699 630 Christo
1733 567 1800 630 filia
1837 567 1935 631 nobili
1964 567 2101 632 muliere

456 670 601 735 llario·¹
633 678 709 735 nata
742 671 859 735 nobilis
892 671 951 735 viri
976 669 1123 734 ..ducis
1157 669 1351 748 Brabantie,
1385 677 1418 734 te
1453 677 1568 752 quarto
1604 671 1898 756 consanguinitatis
1935 669 2037 754 gradu
2065 677 2102 734 nt

458 773 576 838 asseris
599 775 831 860 attingentem,
854 774 1091 838 matrimonium
1122 772 1257 838 duxeris
1287 771 1562 837 contrahendum:
1600 795 1673 852 nos,
1709 775 1774 838 tuis
1810 772 2102 858 supplicationibus

456 877 616 955 inclinati,
640 883 759 953 tecum,
783 887 819 941 ut
841 878 874 941 in
898 878 961 941 sic⁰
985 885 1152 942 contracto
1176 877 1380 942 matrimonio
1405 877 1493 940 licite
1516 898 1686 943 remanere
1710 879 1821 942 valeas
1845 915 1887 924 -
1909 875 2013 961 gradu
2035 898 2101 940 non

457 979 607 1044 obstante
639 979 785 1066 predicto
816 1019 874 1061 -,
905 981 1099 1045 auctoritate
1133 981 1314 1066 apostolica
1350 979 1591 1068 dispensamus.
1650 980 1740 1047 Nulli
1773 1001 1854 1068 ergo
1891 989 1953 1047 ete.
1990 985 2101 1046 nostre
2167 993 2179 1030 ⁵

458 1083 711 1168 dispensationis
734 1093 796 1150 ete.

567 1203 644 1271 Dat.
668 1205 831 1292 Lugduni,
847 1205 893 1270 Vl
918 1205 993 1272 Kal.
1016 1205 1222 1286 Decembris,
1245 1227 1330 1269 anno
1346 1205 1404 1272 Ψ.

1225 1453 1483 1460 -—--.-.·—-—

1236 1679 1323 1753 tua.

562 1792 780 1886 Innocentius
802 1822 825 1884 I
830 1819 858 1884 V
870 1841 961 1901 papa
978 1821 1128 1903 ponetur?
1149 1823 1178 1882 ct
1193 1821 1311 1903 populo
1330 1819 1604 1886 thaemnmrsibus
1625 1820 1669 1882 ud
1689 1821 1794 1882 sinum
1809 1821 1952 1885 ccclesiae
1975 1820 2106 1884 reversis

460 1923 612 2007 indrdpet,
644 1927 677 1986 ut
705 1923 749 1986 ud
775 1923 922 1988 soluendo
945 1923 1080 2004 pedanio
1103 1945 1162 2006 per
1189 1922 1389 2000 Marcilium,
1416 1921 1576 1988 Ducutum
1602 1927 1631 1984 ct
1659 1923 1771 2003 ubiqm
1788 1944 1848 2006 per
1871 1923 2104 1986 Patrimonium

459 2029 585 2092 nrinime
615 2031 790 2093 teneantur.
821 2063 863 2074 -
892 2027 1001 2092 Priori
1029 2027 1142 2092 Sancti
1167 2026 1316 2090 Vermutii
1349 2027 1583 2094 Canwrincnsis
1612 2025 1756 2102 mundat,
1784 2046 1824 2089 nc
1856 2045 1907 2090 eos
1932 2043 2027 2105 supter
2054 2024 2105 2088 liis
2158 2049 2183 2086 ro

458 2130 617 2196 scolcaturi
632 2130 805 2211 pnmittct.
1775 2130 1870 2206 1247,
1891 2125 1967 2192 Dee.
1991 2127 2021 2194 5.

564 2248 1268 2321 Inn.1VRey.Vol.L5M;L1b.V,cur.33d
1285 2257 1325 2306 34.

562 2334 661 2406 Barna
677 2343 745 2392 rosa
764 2343 789 2392 u
807 2344 883 2392 rosi.

1272 2459 1298 2524 Ι.

741 2605 1055 2694 ..potestati
1082 2610 1126 2678 et
1153 2604 1331 2696 populo
1359 2597 1823 2678 Camerinensibusl.

562 2753 638 2832 Eos,
656 2753 711 2840 qui
726 2752 767 2817 sd
783 2753 895 2816 matris
912 2753 1051 2819 ecclesie
1068 2755 1237 2839 gremium,
1255 2775 1275 2818 a
1290 2774 1354 2838 quo
1370 2753 1509 2819 inimicis
1533 2753 1674 2818 ecclesie
1690 2752 1876 2818 adherendo
1892 2759 2107 2833 recesserant,
2160 2770 2185 2810 u

460 2857 582 2924 salubri
615 2859 664 2922 usi
699 2857 833 2922 consilio
861 2856 1042 2927 redieruut.
1072 2858 1215 2944 benigno
1244 2879 1303 2922 nos
1331 2857 1482 2922 convenit
1504 2857 1597 2922 oculo
1620 2856 1738 2922 intueri
1762 2865 1796 2922 et
1818 2856 1997 2942 apostolice
2019 2855 2108 2921 sedis

460 2961 567 3046 gratia
595 2960 815 3047 multiplieiter
846 2959 1029 3025 confovere.
1090 2961 1172 3025 Cum
1207 2961 1307 3046 igitur
1335 2961 1450 3024 civitas
1481 2958 1724 3025 camerinensis
1754 2959 1795 3024 ad
1828 2959 1965 3024 ecclesie
1993 2959 2108 3038 sinum,

461 3071 555 3129 extra
571 3085 666 3150 quem
692 3063 746 3127 diu
769 3071 944 3142 erraverat,
964 3064 1139 3130 salubriter
1160 3064 1205 3128 sit
1227 3084 1358 3129 reversa
1367 3065 1392 3144 ⁴,
1415 3071 1448 3128 et
1470 3069 1604 3150 propter
1626 3064 1687 3129 hoe
1709 3063 1851 3149 dampna
1874 3063 2108 3144 sustinueritis,

459 3166 649 3253 gravamina
682 3173 715 3232 ct
748 3166 906 3244 iacturas,
940 3187 1017 3244 nos,
1053 3167 1141 3252 pium
1175 3167 1216 3231 ad
1251 3189 1309 3232 vos
1344 3173 1496 3252 gerentes
1527 3167 1758 3254 compassionis
1795 3167 1966 3247 allectum,
1996 3173 2032 3230 ut
2066 3165 2108 3230 sd

464 3268 621 3334 solvenda
643 3269 783 3356 pedagio
811 3290 871 3355 per
900 3269 1080 3335 Marehiam
1109 3277 1142 3336 et
1165 3269 1328 3336 Ducatum
1357 3277 1390 3335 et
1417 3271 1538 3356 ubique
1567 3291 1627 3358 per
1654 3271 1884 3358 patrimonium
1907 3268 1994 3334 besti
2018 3268 2108 3334 Petri
2161 3289 2187 3327 so

464 3370 506 3436 de
529 3379 637 3438 cetero
660 3373 792 3438 minime
814 3374 1001 3454 teneamini,
1025 3373 1219 3440 auctoritate
1236 3374 1328 3439 vobis
1352 3375 1552 3461 presentium
1568 3373 1786 3460 indulgemus.
1831 3372 1922 3438 Nulli
1945 3395 2024 3459 crgo
2047 3379 2110 3438 etc.

462 3481 575 3541 nostre
599 3477 820 3540 concessionis
844 3482 907 3542 etc.

570 3595 646 3663 Dat.
670 3596 832 3684 Lugduni,
855 3597 958 3663 Nonis
981 3599 1185 3681 Decembris,
1210 3622 1295 3665 anno
1311 3600 1389 3668 V⁰⁵.

1264 3807 1309 3873 11.

758 4006 767 4024 .
797 4008 805 4024 .
833 3951 986 4043 priori
1013 3953 1176 4026 Sancti
1195 3951 1410 4027 Venantii
1437 3952 1813 4026 Camerinensis

564 4101 642 4177 Eos,
665 4101 720 4186 qui
743 4109 805 4166 ete.
829 4107 865 4166 ut
888 4123 987 4188 supra
1008 4122 1126 4187 usque:
1150 4103 1282 4168 minime
1308 4109 1491 4183 teneantur,
1515 4103 1563 4168 eis
1586 4123 1645 4189 per
1668 4108 1796 4166 nostras
1813 4101 1937 4166 litteras
1952 4101 2105 4166 duximus
2158 4119 2184 4159 sa

463 4203 710 4291 indulgendum.
765 4201 924 4276 Quocirca
958 4205 1166 4286 mandamns,
1202 4207 1352 4291 quatinus
1387 4228 1443 4272 eos
1479 4227 1577 4293 super
1609 4206 1673 4269 hiis
1708 4227 1771 4270 non
1804 4206 1974 4292 permittas
1998 4211 2111 4270 contra

463 4308 684 4374 concessionis
701 4315 810 4372 nostre
827 4313 975 4373 tenorem
992 4308 1032 4373 ab
1049 4310 1212 4395 aliquibus
1228 4310 1372 4375 indebite
1388 4311 1571 4384 molestari;
1594 4309 1822 4374 molestatores
1844 4307 2030 4373 huiusmodi
2048 4315 2109 4373 etc.

565 4429 642 4494 Dat.
665 4435 701 4493 ut
723 4451 833 4515 supra.

569 4590 659 4596 —.
1025 4586 1664 4594 -—-.--.0-—.——-.-.-——-
1833 4584 2003 4592 --·——-—-

567 4691 591 4756 ι)
610 4691 725 4742 Beatriee
743 4695 766 4741 2.
872 4687 898 4755 ¹¹)
916 4693 946 4750 2,·
962 4691 1088 4758 attingere
1109 4697 1129 4742 1.
1234 4691 1258 4754 0)
1277 4691 1358 4742 sicin
1377 4693 1472 4742 1u2.
1576 4687 1602 4754 dl
1620 4690 1772 4742 Camericer'r
1791 4689 1823 4742 u.

566 4811 592 4874 1)
611 4806 738 4874 Reunia,
762 4823 838 4861 soror
858 4805 976 4874 Minna,
1002 4805 1086 4860 vitlem
1111 4806 1225 4861 Heumci
1250 4807 1340 4876 Ruspe
1364 4807 1430 4875 repis
1457 4813 1520 4860 erat.
1639 4809 1666 4874 2)
1687 4805 1817 4860 Stemrnu:
1847 4807 1983 4862 Hnuicsis
2002 4809 2041 4863 II
2056 4809 2113 4864 duc
2164 4825 2190 4864 so

465 4895 636 4962 Brolrontioe,
655 4893 792 4948 Herm'cua
811 4894 830 4946 I
848 4893 907 4946 dim
927 4899 951 4946 ct
971 4893 1118 4962 munde,
1140 4895 1295 4947 Mmtboens
1312 4910 1393 4948 cornea
1411 4895 1540 4948 Botoniuc
1559 4923 1590 4932 -
1613 4893 1788 4950 Theodericus
1805 4909 1887 4948 comcs
1907 4893 2060 4949 Floudrioc
2079 4926 2111 4935 —

465 4979 619 5049 Murporito
638 4980 666 5048 I,
693 4980 850 5034 Balduinus
869 4979 929 5044 lx,
958 4979 1111 5047 Marpesia
1131 4979 1177 5045 Π,
1203 4980 1355 5034 Wilielmus.
1475 4983 1502 5042 3)
1522 4980 1602 5048 Papo
1628 4977 1747 5032 nondum
1772 4980 1858 5047 acuat,
1879 4985 1969 5034 mum
1994 4997 2113 5035 sororum

470 5067 615 5120 Willdmus
632 5066 663 5118 in
679 5065 877 5121 matrimonium
893 5065 986 5119 ducere
1002 5065 1083 5132 milet,
1101 5067 1210 5134 cripiens
1227 5072 1315 5120 uuum
1331 5066 1355 5120 ei
1372 5067 1418 5136 [ut
1437 5066 1566 5120 Wulumo
1582 5066 1637 5134 rupi
1652 5066 1763 5135 fumet]
1779 5067 1896 5135 qratiam
1912 5083 1993 5136 meum
2017 5067 2112 5122 citissi-

462 5169 501 5206 nn
517 5153 636 5222 elargiri,
660 5158 758 5206 mrtum
775 5154 904 5207 nanuum
921 5169 979 5206 non
996 5155 1145 5222 mpedcmt
1163 5154 1208 5208 sed
1224 5154 1294 5208 duas
1311 5155 1360 5208 bos
1377 5154 1584 5224 dupmutioms
1599 5154 1680 5207 annul
1698 5154 1811 5206 enormi
1833 5153 1925 5220 inurit,
1948 5171 2017 5222 quur
2034 5155 2114 5208 Petro

463 5241 545 5310 legato
556 5239 724 5294 trasennam
740 5257 795 5295 case
807 5246 946 5310 putenm
965 5245 996 5294 ut
1012 5241 1054 5294 bic
1071 5257 1136 5309 mm,
1153 5258 1221 5309 quoe
1237 5241 1275 5295 rei
1293 5241 1450 5309 convcnirct,
1469 5240 1597 5294 Willelmo
1608 5239 1755 5306 &iuberem
1771 5239 1802 5305 cfi
1818 5239 1854 5294 N.
1867 5242 1902 5294 A.
1920 5246 1938 5296 t.
1954 5239 1992 5307 X,
2006 5257 2035 5308 p.
2051 5249 2111 5296 564.
2164 5249 2190 5288 ³⁵

466 5325 504 5392 Cf.
522 5325 602 5380 etium
621 5325 723 5394 Berper
739 5333 805 5382 3457
820 5333 843 5382 ot
861 5325 1097 5395 Reum-Fictor,
1115 5329 1132 5382 l.
1149 5345 1170 5382 c.
1189 5335 1261 5383 4923.
1357 5329 1384 5396 l)
1404 5327 1444 5396 ΟΥ.
1464 5344 1494 5397 p.
1513 5335 1567 5394 213,
1586 5332 1641 5381 etot.
1659 5333 1682 5382 2.
1776 5329 1804 5395 5)
1822 5327 1860 5380 In
1878 5327 1946 5382 Lilii
1964 5327 2063 5382 Iatoriu
2085 5326 2115 5380 di

465 5413 605 5487 Caesennio
618 5431 648 5483 p.
662 5420 712 5468 253
729 5413 825 5481 butun
842 5415 949 5483 epistola
959 5430 1049 5483 papiae
1065 5414 1096 5466 iu
1109 5413 1220 5482 qurstc
1236 5433 1293 5470 non
1310 5417 1404 5484 relata,
1418 5431 1468 5483 per
1485 5431 1567 5484 ptum
1582 5413 1809 5468 &mmumurbm
1825 5413 2001 5468 marcumunes
2018 5415 2114 5481 confir-

463 5500 557 5568 mauit,
583 5517 651 5568 quus
675 5499 715 5567 iis,
743 5517 804 5554 cum
833 5502 934 5569 lupetius
959 5499 1118 5568 apomelicua
1142 5507 1219 5568 meet,
1245 5502 1354 5568 secusct.
1391 5503 1466 5570 (lime
1487 5519 1524 5570 ep.
1532 5543 1540 5569 ,
1561 5501 1621 5554 ‘XI
1638 5501 1709 5554 Non.
1728 5501 1790 5556 Dec.
1814 5518 1889 5556 umro
1906 5499 1939 5552 V>
1955 5500 2112 5570 nubaei-ipio,

463 5585 548 5639 mdes
565 5585 606 5640 du
623 5586 685 5640 Duc.
702 5593 718 5638 5
734 5593 846 5641 maram
862 5603 914 5642 esse
932 5585 1042 5652 sidant,
1066 5604 1130 5640 riuru
1152 5588 1259 5656 sipuum
1277 5587 1343 5641 ‘XI'
1361 5605 1393 5644 ac
1409 5587 1482 5643 rubo
1501 5587 1657 5658 ‘laundunst
1676 5587 1747 5656 quod
1765 5588 1841 5655 deaut,
1859 5593 2015 5656 corruptum
2028 5593 2111 5657 puta·

464 5687 528 5726 nius.
549 5701 582 5711 -
603 5671 639 5737 tl:
659 5671 735 5724 ctiam
753 5672 850 5741 Βῆριν
867 5679 1050 5728 ausu-3986.
2165 5687 2192 5727 4⁰
