4328 6232
779 342 829 404 EX
847 341 1065 404 iunocentii
1083 342 1123 402 IV
1140 342 1321 403 assuras

1009 700 1096 774 seh.

323 813 543 907 Innocentius
563 839 622 905 IV
633 861 723 924 papa
746 840 897 922 Philippo
918 842 1121 924 procuratori
1146 841 1289 906 amasiae
1312 841 1564 924 Salisharpensis
1585 841 1718 920 inhibet,
1746 861 1787 905 ne
1814 841 1881 923 ipse

216 947 264 1010 oet
286 946 406 1027 alianis
427 944 678 1029 archiepiscopus
693 947 946 1029 Salisbnrpensis
967 951 1071 1012 castra
1094 951 1124 1012 et
1139 947 1229 1024 baia,
1251 967 1331 1028 anae
1346 947 1503 1029 anniam
1517 946 1724 1032 [Fridcricns
1739 945 1800 1031 ΙΙ]
1813 946 1881 1010 dna

216 1049 371 1113 Anteae
403 1052 433 1112 ct
456 1047 618 1133 [Rapoto]
646 1068 743 1114 conces
768 1050 935 1130 palatinas
961 1049 1136 1116 Bawariae
1166 1050 1207 1114 ah
1234 1050 1361 1115 ccclesia
1390 1050 1630 1133 Salishnryensi
1659 1051 1823 1115 maneria
1851 1054 1882 1113 et

216 1152 284 1232 ipse
313 1155 389 1232 post
423 1157 550 1216 mnam
585 1173 691 1217 eornm
728 1154 973 1237 recuperaverit,
1009 1175 1101 1236 papa
1136 1139 1318 1235 irrequisito
1353 1174 1495 1235 nicanum
1530 1154 1571 1219 ab
1607 1153 1715 1218 cadem
1750 1155 1882 1219 aedesio

216 1254 366 1319 alienent.
1516 1260 1611 1336 1248,
1635 1257 1722 1338 Sept.
1736 1261 1793 1323 24.

199 1442 205 1449 ι
322 1374 866 1445 ma.1VRa.1a.V1,f.o,a1oa

321 1461 454 1530 Panna,
475 1463 539 1532 Rea.
557 1469 656 1530 13030,·
674 1464 774 1532 Beraer
791 1471 861 1519 4191.

466 1659 674 1752 Philippo
703 1660 991 1752 procuratori
1018 1659 1209 1735 ecclesie
1237 1661 1628 1754 salzeburgensis.
1675 1723 1682 1734 .

325 1806 423 1887 Cum,
456 1807 541 1872 sicut
562 1807 680 1893 petitio
705 1816 762 1874 tua
784 1809 879 1873 nobis
904 1808 1054 1874 exhibita
1076 1807 1280 1888 continebat,
1309 1815 1431 1888 castra,
1455 1810 1603 1889 vassalli,
1630 1812 1877 1896 possessiones,

215 1907 363 1974 redditus
392 1931 431 1975 ac
460 1911 526 1975 alia
553 1911 654 1992 bona,
688 1933 750 1997 que
774 1911 939 1998 quondam
963 1960 996 1974 ..
1021 1910 1089 1975 dux
1112 1911 1248 1975 Austris
1273 1910 1436 1996 Stirieque
1461 1918 1494 1976 et
1518 1960 1552 1979 ..
1575 1934 1686 1978 comes
1708 1917 1875 2001 palatinus

214 2011 386 2079 Bawarie¹
428 2015 470 2080 ab
510 2015 652 2080 ecclesia
693 2015 948 2102 salzeburgensi
982 2015 1139 2080 tenebant
1173 2016 1206 2079 in
1243 2014 1390 2096 feudum,
1430 2016 1472 2080 ad
1510 2016 1560 2080 ius
1594 2018 1698 2103 ipsius
1734 2022 1877 2087 ecclesie

215 2118 387 2200 redierint,
422 2120 511 2184 nullo
541 2141 584 2184 ex
615 2121 663 2185 eis
695 2121 855 2205 legittimo
885 2120 1007 2186 herede
1036 2121 1214 2206 superstite
1243 2121 1299 2204 qui
1329 2119 1507 2185 succedere
1538 2120 1571 2184 in
1593 2121 1730 2186 lendum
1755 2122 1877 2191 debeat

215 2229 424 2302 remanente,
457 2243 520 2307 que
543 2224 607 2286 iam
631 2245 690 2310 pro
713 2231 808 2309 parte
832 2245 1049 2311 recuperasse
1072 2231 1105 2289 te
1136 2224 1257 2288 asseris
1290 2244 1354 2287 non
1383 2225 1454 2288 sine
1482 2225 1610 2310 magnis
1640 2225 1812 2291 laboribus
1843 2236 1876 2293 et

213 2327 370 2412 expensis
395 2334 429 2391 et
451 2327 548 2390 aliam
573 2332 701 2412 partem
725 2335 992 2413 recuperaturum
1015 2329 1049 2391 in
1072 2327 1163 2392 brevi
1179 2328 1278 2392 dante
1294 2326 1437 2392 Domino
1454 2335 1487 2392 ts
1504 2327 1655 2392 confidis:
1680 2351 1753 2410 nos,
1779 2352 1876 2418 super

213 2428 276 2493 hiis
309 2429 444 2493 utilitati
480 2427 629 2494 eiusdem
665 2431 805 2495 ecclesie
838 2433 986 2496 volentes
1025 2433 1226 2518 inposterum
1260 2439 1399 2518 paterna
1432 2431 1654 2498 sollicitudine
1689 2433 1872 2520 providere,

213 2535 407 2598 auctoritate
431 2535 631 2619 presentium
653 2534 833 2599 districtius
866 2535 1066 2617 inhibemus,
1095 2557 1137 2600 ne
1162 2541 1198 2598 tu
1220 2536 1273 2599 vel
1304 2536 1424 2620 aliquis
1453 2535 1791 2621 archiepiscoporum,
1819 2539 1872 2622 qui

213 2657 273 2722 pro
295 2642 445 2722 tempore
470 2637 610 2702 ecclesie
627 2636 884 2722 Salaeburgensi
907 2640 1097 2725 prefuerint,
1121 2646 1230 2703 castra
1252 2641 1304 2703 vel
1326 2640 1392 2704 alia
1416 2639 1604 2726 supradicta
1626 2641 1798 2707 infeudare
1814 2664 1872 2706 seu

212 2740 294 2804 alias
325 2741 469 2805 alienare
499 2741 552 2804 vel
584 2739 769 2806 distrahere
797 2763 926 2828 quoquo
961 2741 1058 2807 modo
1091 2743 1278 2827 irrequisito
1310 2742 1458 2807 Romano
1494 2745 1650 2830 pontifice
1685 2744 1727 2809 de
1764 2754 1870 2810 cetero

212 2845 420 2929 presumatis.
473 2842 541 2908 Nos
571 2845 658 2909 enim
689 2845 897 2910 decernimus
925 2847 1051 2911 irritum
1080 2853 1113 2910 et
1147 2847 1261 2927 inane,
1296 2847 1448 2932 quicquid
1483 2868 1581 2933 super
1616 2849 1787 2934 premissis
1821 2850 1870 2913 vel

211 2948 322 3032 aliquo
345 2950 581 3034 premissorum
605 2956 718 3013 contra
733 2949 962 3015 inhibitionem
978 2957 1123 3015 nostram
1139 2971 1159 3013 a
1175 2970 1336 3035 quoquam
1354 2951 1529 3035 contigerit
1543 2951 1744 3037 attemptari.
1782 2951 1869 3015 Nulli

213 3071 293 3134 ergo
317 3057 380 3116 etc.
404 3057 516 3115 nostre
540 3050 744 3116 inhibitionis
769 3060 802 3118 et
826 3054 1069 3118 constitutionis
1094 3060 1155 3119 etc.

314 3169 393 3237 Dat.
417 3170 581 3257 Lugduni,
597 3172 683 3238 VIII
705 3174 780 3240 Kal.
804 3174 967 3258 Octobris,
992 3197 1077 3240 anno
1093 3175 1193 3240 VI⁰².

832 3489 1244 3498 -——-——-—-

998 3785 1085 3860 593.

313 3900 534 3994 bonanus
555 3926 613 3993 IV
626 3949 717 4012 papa
739 3929 916 4013 [Ioanni]
943 3928 1034 3992 electo
1059 3928 1252 3993 laurinensi
1279 3929 1425 4007 mandat,
1453 3933 1488 3992 nt
1514 3927 1787 4009 mannasses,
1816 3930 1868 3995 la·

207 4050 342 4097 nnenms
364 4036 393 4096 et
415 4030 619 4096 Placentinos
641 4033 815 4113 conipellat
845 4035 881 4095 nt
902 4031 1071 4112 Bonifatio
1092 4032 1268 4097 marchioni
1288 4032 1532 4119 Montisscrrati
1547 4039 1661 4117 pacta,
1693 4056 1777 4116 anae
1802 4056 1869 4099 can

206 4156 241 4201 eo
263 4135 301 4200 de
323 4135 477 4200 militibus
499 4139 528 4199 et
551 4135 727 4200 balistariis
748 4135 812 4216 ipsi
834 4134 1034 4200 concccmdis
1055 4135 1197 4213 inierint,
1219 4137 1389 4201 cenaene
1507 4139 1602 4214 1248,
1625 4136 1713 4218 Sept.
1728 4141 1784 4202 24.

311 4255 375 4309 Inn.
389 4254 439 4308 IV
452 4252 515 4323 Rea.
535 4254 594 4308 La.
612 4253 657 4323 VI,
674 4254 733 4322 128,
751 4271 779 4308 n.
793 4260 851 4310 180.

311 4340 440 4410 Patthast,
461 4340 527 4409 aa.
540 4346 656 4405 13031ος
675 4345 700 4394 ct
717 4347 805 4409 13004,
822 4340 891 4407 salso
907 4340 958 4394 snb
977 4339 1032 4394 Oct.
1046 4346 1092 4407 25;
1108 4339 1207 4408 Beracr
1224 4346 1296 4395 4173.

772 4592 812 4610 ..
839 4537 1115 4611 ‘laurinensi
1147 4538 1303 4612 electo.

315 4687 368 4752 Ex
390 4694 484 4775 parte
508 4688 619 4752 dilecti
641 4687 699 4750 lilii
723 4687 842 4751 nobilis
858 4687 920 4752 viri
936 4687 1092 4752 Bonifatii
1117 4688 1314 4753 marchionis
1331 4687 1568 4753 Montislerrati
1583 4689 1644 4754 fuit
1661 4693 1871 4777 propositum

205 4814 317 4857 coram
341 4791 446 4872 nobis,
469 4792 557 4876 quod
580 4791 748 4875 cumipse
773 4811 845 4854 cum
871 4841 903 4857 ..
926 4790 1193 4871 Mediolanensis,
1218 4791 1446 4858 ..Ianuensis
1471 4798 1505 4856 et
1521 4841 1528 4855 .
1546 4792 1765 4859 ‚Placentiae
1789 4797 1869 4861 civi·

205 4903 308 4960 tatum
338 4895 572 4981 potestatibus,
603 4894 797 4958 consiliariis
829 4901 862 4959 et
885 4895 1110 4959 communibus
1134 4917 1173 4960 ac
1198 4897 1259 4982 ipsi
1285 4916 1357 4960 cum
1381 4917 1420 4960 eo
1445 4894 1584 4981 quedam
1608 4905 1709 4982 pacta
1733 4907 1768 4964 et
1792 4922 1878 4965 eon-

204 5000 346 5065 ditioncs
369 5007 436 5064 tam
460 5021 560 5085 super
583 4999 740 5064 militibus
765 5006 799 5064 et
823 5000 1001 5065 balistariis
1026 5001 1088 5065 sibi
1111 4998 1327 5065 concedendis
1349 5001 1391 5064 ab
1416 5001 1465 5065 eis
1488 5020 1586 5086 quam
1614 5000 1692 5064 aliis
1723 5006 1886 5069 articulis

465 5176 530 5182 -——-
542 5176 972 5182 ————.—..-—--
990 5176 1060 5181 ..-—
1079 5176 1084 5181 .
1131 5174 1763 5186 --————--·——-—-....-.-.-——-—--—.

308 5295 334 5362 l)
348 5293 457 5363 Rapoto
474 5309 556 5346 mnus
573 5291 604 5346 de
618 5291 776 5362 Oticnhnrp,
795 5292 891 5360 elcana
903 5291 975 5358 cfin.
987 5299 1043 5346 050.
1115 5292 1144 5358 2)
1162 5290 1339 5360 tha1249,
1361 5294 1446 5347 Mart.
1460 5299 1492 5347 21
1511 5293 1666 5349 thhclm
1679 5295 1887 5352 Reum

200 5395 248 5436 rea
266 5379 393 5449 Philippo
411 5380 502 5433 ‘abac’
518 5379 714 5448 &tabescenti
730 5385 755 5432 ot
771 5379 856 5446 fratri
872 5378 929 5432 cine
947 5377 1036 5432 Ulrim
1053 5379 1184 5432 dnoatnm
1198 5378 1362 5447 00000100ιο,
1380 5382 1405 5433 si
1417 5379 1638 5451 Blmshasdun]
1652 5380 1750 5437 danen
1762 5387 1886 5453 pum

200 5482 290 5521 mm
308 5465 426 5521 transire
442 5465 604 5534 contineant
620 5480 653 5518 ea
668 5464 716 5519 hoc
733 5465 844 5532 0000010,
862 5463 894 5517 in
910 5463 1024 5518 mlidnm
1041 5465 1160 5534 mnata,
1178 5466 1220 5519 ita
1236 5466 1309 5519 atsi
1332 5467 1444 5521 Unicus
1461 5467 1521 5521 sinc
1534 5465 1610 5536 pub
1625 5464 1729 5523 “msa
1742 5474 1891 5525 m

197 5553 294 5622 sart,
318 5550 930 5621 mapnapnnnaacanpancnn
953 5551 1392 5620 mmnatpmnam,
1417 5552 1615 5611 noum
1700 5550 1890 5609 'taab-

199 5638 353 5711 bnrpensen
370 5636 596 5707 arctimoopnn
611 5642 677 5692 essct
694 5639 787 5692 00000
803 5634 1000 5691 ammana
1015 5644 1068 5692 ant
1084 5639 1165 5692 mass
1181 5636 1584 5707 0000000100ΒῶΜᾶοῶ
