4328 6232
712 372 913 431 EPISTOLAB
934 373 1125 431 SELECTAE.
1163 376 1239 431 1249.
1745 381 1809 444 477

153 547 323 613 senserint
354 547 535 613 confoveri:
574 569 653 614 eece
684 549 867 615 venerabili
894 549 987 615 fratri
1015 556 1125 617 nostra
1155 600 1191 615 .,
1219 550 1468 638 archiepiscopo
1498 551 1708 638 Magantino‚
1739 554 1809 618 viro

149 651 268 737 utique
296 651 435 718 seientia
461 651 605 740 predita,
636 674 764 719 morum
795 654 972 719 honestate
1003 653 1122 720 decore
1150 662 1183 718 et
1212 654 1339 720 consilii
1366 656 1553 720 maturitate
1582 655 1746 742 preclaro,
1776 656 1810 720 in

149 754 292 842 prefatis
318 755 499 842 partibus·,
526 762 565 839 ut
587 757 729 823 evellatl
755 765 788 821 et
814 758 978 836 desturat,
1009 757 1147 844 dissipet
1175 764 1208 823 et
1237 757 1419 844 disperdat,
1451 757 1580 824 edificet
1610 766 1644 825 ct
1672 761 1810 847 plantet,

149 859 242 924 sieut
270 857 390 925 viderit
417 860 589 946 expedire,
617 861 714 947 plene
741 861 915 947 legationis
944 862 1085 927 osticium
1113 860 1268 926 duximus
1297 862 1574 929 committendum.
1619 861 1703 937 Quia
1730 884 1808 928 vero

41 989 58 1023 s
146 964 261 1050 ipsum
294 963 382 1031 inter
410 964 556 1050 prelatos
587 972 714 1031 ceteros
747 966 901 1052 specialis
936 966 1120 1030 dilectionis
1154 966 1298 1030 brachiis
1333 968 1569 1052 amplexamur,
1602 968 1810 1033 universitati

146 1072 264 1131 vestre
287 1066 501 1132 mandamus⁰
524 1073 622 1154 atque
646 1069 857 1155 precipimus,
882 1069 1035 1154 quatinus
1059 1091 1146 1142 eum,
1170 1071 1268 1135 immo
1292 1070 1401 1156 potius
1424 1091 1483 1135 nos
1506 1071 1540 1135 iu
1563 1073 1645 1159 ipso,
1669 1071 1810 1158 benigue

145 1171 354 1257 recipientes
376 1177 411 1236 et
431 1170 632 1235 honoriliced
654 1178 910 1257 pertractantes,
942 1171 1047 1238 eidem
1076 1180 1229 1259 tanquam
1253 1175 1434 1260 apostolice
1457 1174 1545 1240 sedis
1569 1177 1680 1262 legato
1703 1176 1809 1240 inten-

146 1274 241 1341 datis
269 1274 439 1341 humiliter
464 1283 497 1339 et
526 1274 661 1355 devote,
697 1277 799 1361 ipsius
828 1276 951 1340 monita
983 1283 1017 1341 et
1045 1284 1202 1364 precepta
1233 1284 1266 1342 et
1294 1298 1356 1363 que
1386 1279 1477 1343 robis
1506 1299 1549 1343 ex
1576 1285 1669 1364 parte
1700 1284 1809 1343 nostra

148 1378 361 1445 mandaverit
393 1378 573 1445 efficaciter
602 1378 820 1464 adimplenda.
866 1380 1019 1464 Aliequin
1048 1381 1262 1454 sententiam,
1297 1402 1394 1466 quam
1424 1381 1495 1468 ipse
1524 1383 1585 1447 rite
1614 1382 1726 1446 tulerit
1749 1388 1810 1446 etr.

148 1502 275 1569 usque:
299 1483 478 1550 observari.

264 1603 342 1670 uu.
365 1604 528 1691 unuani,
549 1605 581 1670 v
604 1604 677 1670 uar.
702 1604 822 1673 usur,
846 1625 931 1668 anno
947 1603 1044 1668 aru.
1100 1583 1103 1588 ’

941 2130 1028 2203 666.

260 2240 480 2335 Innocentius
506 2268 532 2333 I
536 2268 565 2332 V
583 2288 673 2353 papa
703 2266 836 2354 [Patro]
872 2269 1011 2350 episeopo
1042 2269 1273 2335 Catalauueusi
1306 2273 1335 2333 ct
1367 2269 1474 2335 abban
1502 2269 1613 2336 Sancti
1645 2271 1813 2353 Scpnulclut

162 2372 396 2441 Cameracensis
421 2371 566 2450 mandat,
593 2376 630 2436 ut
655 2371 693 2436 de
714 2371 877 2436 uatalibrrs
900 2371 1057 2436 Iehauuis
1078 2377 1108 2436 ct
1128 2372 1291 2438 Baldutui
1311 2372 1349 2437 dc
1371 2373 1520 2451 Auesua's,
1548 2374 1663 2455 quibus
1683 2374 1812 2456 quidam

159 2476 275 2544 mardi
295 2480 402 2543 uotum
423 2475 657 2561 illepitimitatu'e
677 2475 856 2558 iurplupaut
877 2475 1034 2539 moesicae
1053 2476 1255 2557 quarumdam
1269 2477 1448 2543 litterarum
1468 2478 1719 2558 apostolicarum,
1739 2477 1814 2544 dili·

157 2584 262 2665 μίαν
290 2579 471 2661 inquirant,
503 2596 569 2644 uou
602 2577 743 2643 obstante
770 2578 853 2659 quod
880 2597 975 2659 suaper
1004 2577 1059 2643 hoc
1087 2580 1170 2644 tatur
1200 2600 1250 2646 cos
1278 2584 1308 2644 ct
1333 2580 1455 2660 tratres
1481 2600 1587 2645 cousus
1615 2581 1813 2663 aliquamdiu

157 2685 313 2769 litigatum
333 2683 385 2762 sit,
406 2703 476 2749 uam
496 2681 580 2747 auu
602 2681 805 2746 tematuatum
822 2679 935 2766 fuerit.
1445 2685 1538 2763 1249,
1560 2683 1655 2751 Febr.
1669 2685 1723 2750 25.

259 2804 325 2859 Ian.
338 2802 386 2857 JV
396 2800 461 2872 Bou.
473 2800 534 2857 Lu.
549 2800 596 2869 VI,
613 2801 686 2868 s.31,
697 2818 725 2855 u.
735 2807 790 2856 393.
819 2802 966 2871 Ercnqalur
980 2804 1098 2871 Rutu-sii,
1119 2805 1198 2859 llllsc.
1212 2811 1229 2860 l.
1246 2805 1309 2873 ΠΙ,
1325 2821 1353 2872 p.
1364 2813 1422 2871 ⁴69,
1441 2806 1602 2859 concludimus
1615 2822 1674 2860 cum
1690 2805 1813 2874 uacuis.

260 2890 392 2957 mutua,
412 2886 476 2959 noy.
493 2893 585 2951 lusto,-
603 2887 702 2955 Beuum·
719 2893 794 2941 4385.

274 3145 314 3164 ..
343 3088 555 3181 episcopo
583 3085 943 3161 cathalaunensi
971 3093 1012 3161 et
1041 3145 1079 3161 ..
1107 3090 1263 3162 abbati
1291 3089 1439 3163 Sancti
1467 3091 1701 3181 Sepulchri

814 3208 1165 3284 Cameracensis,

265 3359 335 3427 Sua
356 3357 452 3425 uobis
474 3356 586 3424 dilecti
608 3358 667 3423 tilii
694 3358 824 3423 nabiles
847 3357 909 3422 viri
931 3358 1097 3423 Iohannes
1120 3359 1161 3425 de
1185 3359 1329 3424 Aresnis
1353 3365 1386 3424 et
1409 3357 1592 3424 Balduinus
1615 3359 1718 3424 trater
1741 3359 1812 3424 eius

159 3464 377 3533 insinuatione
401 3466 634 3541 monstrarunt,
657 3462 745 3549 quod
768 3461 898 3546 quidam
923 3484 1036 3528 eorum
1054 3463 1153 3527 emuli
1170 3464 1218 3528 eis
1234 3463 1407 3541 malitiose,
1430 3470 1467 3527 ut
1482 3483 1639 3548 processu
1655 3463 1813 3549 temporis

160 3591 179 3635 a
205 3568 300 3634 hcuis
324 3566 372 3653 ¹ad
399 3587 458 3633 eos
487 3564 687 3632 hereditario
718 3567 789 3630 iure
824 3567 1048 3653 spectantibus
1084 3567 1214 3632 excludi
1244 3567 1391 3641 valeant,
1427 3574 1538 3631 notum
1572 3567 1813 3653 illegitimitatis

160 3672 358 3759 impingunt,
388 3669 421 3734 id
449 3670 624 3735 multorum
648 3669 782 3734 auribus
806 3670 1008 3747 instillanda,
1040 3670 1238 3736 occasione²
1262 3669 1463 3756 quarundam
1489 3670 1692 3736 litterarum⁶
1715 3691 1814 3757 super

160 3776 220 3844 hac
243 3798 263 3842 a
286 3774 366 3842 sede
388 3774 569 3861 apostolica
591 3772 807 3839 obtentarum.
853 3773 963 3848 Quare
987 3773 1103 3838 nobis'
1123 3773 1290 3839 humiliter
1321 3775 1562 3860 supplicarunt,
1596 3782 1632 3840 ut
1659 3797 1731 3841 cum
1765 3775 1813 3839 eis

159 3888 215 3948 aut
241 3882 360 3947 saltem
389 3880 534 3965 ipsorum
564 3877 741 3944 heredibus
777 3878 818 3942 sit
847 3878 942 3943 valde
974 3879 1209 3965 periculosum,
1245 3877 1331 3964 quod
1366 3878 1398 3943 id
1427 3886 1595 3944 remaneat
1627 3879 1737 3944 taliter
1764 3880 1813 3942 in-

161 3985 361 4066 discussum,
393 3983 563 4069 providere
597 3983 676 4068 ipsis
711 4003 811 4069 super
844 3981 905 4048 hoc
939 3991 1077 4070 paterna
1105 3983 1327 4048 sollicitudine
1357 4005 1556 4049 curaremus.
1608 3982 1814 4055 Mandemus,

161 4090 313 4175 quatinus
340 4106 440 4173 super
467 4106 566 4152 causa
594 4087 750 4151 natalium
779 4086 957 4151 eorundem
987 4087 1145 4151 nobilium
1168 4108 1298 4151 -nen
1328 4085 1480 4151 obstante
1511 4086 1596 4173 quod
1626 4108 1724 4173 super
1752 4085 1813 4149 hoc

162 4192 244 4259 iuter
272 4192 365 4278 ipsos
392 4211 435 4255 ex
463 4198 555 4276 parte
585 4211 651 4254 una
679 4197 712 4254 et
742 4189 862 4255 tratres
892 4191 1068 4257 earundem
1099 4212 1140 4255 ex
1163 4193 1268 4257 altera
1290 4191 1352 4255 tuit
1375 4212 1483 4255 coram
1507 4191 1601 4256 nohis
1625 4190 1814 4276 aliquandiu

163 4296 325 4384 litigatum
347 4301 381 4360 et
399 4315 602 4381 processum,
625 4315 698 4359 cum
714 4295 814 4359 nichil
832 4293 907 4360 inde
923 4297 1133 4361 terminatum
1150 4296 1323 4375 extiteritss,
1341 4331 1383 4341 -
1406 4295 1588 4379 inquiratis,
1611 4295 1694 4358 sicut
1709 4295 1814 4377 magis

163 4398 200 4466 de
220 4399 321 4487 plano
343 4398 506 4485 poteritis,
530 4397 719 4484 diligentius
743 4398 926 4477 veritatem,
955 4406 989 4463 et
1011 4398 1097 4484 quod
1121 4399 1312 4463 canonicum
1335 4396 1445 4469 fuerit,
1475 4397 1699 4484 appellatione
1723 4403 1812 4482 pust-

163 4504 268 4591 posita
289 4504 453 4585 statuatis,
476 4503 649 4589 questione
672 4502 833 4567 bonorum
856 4503 1028 4589 principali
1053 4501 1184 4566 domino
1207 4501 1408 4566 reservata³.

270 4624 348 4691 Dat.
371 4623 534 4709 Lugduni,
557 4622 587 4685 V
608 4620 684 4687 Kal.
707 4621 830 4691 Martii.
853 4622 1029 4687 ann0V10.

263 4852 290 4919 ⁸)
307 4852 341 4906 de
358 4854 465 4906 fratrum
483 4859 627 4905 nostrorum
645 4852 751 4902 corrsilic
769 4851 831 4901 cdd.
844 4854 894 4901 304
909 4849 937 4912 1,·
954 4849 1000 4900 secl
1018 4849 1072 4898 alta
1085 4864 1182 4913 qmrqroe
1193 4849 1271 4899 cerda
1280 4857 1388 4914 propter
1400 4848 1632 4899 ‹lusiuritiludiuem
1639 4863 1814 4913 personarum

157 4950 259 4993 uma
274 4948 342 4992 aaut
445 4937 471 5002 b)
487 4939 583 4992 evellet
600 4937 632 4991 R.
742 4938 764 4999 o)
782 4955 826 4989 uu.
845 4955 885 4989 rc.
903 4953 950 5005 per
973 4934 1114 5003 apostalice
1135 4935 1231 5001 scripta
1253 4935 1338 4985 mand.
1356 4938 1406 4985 304
1424 4934 1448 4984 Ι.
1552 4931 1578 4989 <ll
1598 4934 1704 4985 honeste
1722 4936 1774 4984 304
1791 4932 1815 4983 Ι.

156 5030 182 5095 0)
200 5026 364 5097 quercuum
380 5024 411 5077 lit
425 5024 431 5091 Ι
445 5025 504 5077 dam
521 5025 664 5078 litterarum
684 5023 715 5074 R.
820 5020 839 5087 s)
859 5041 875 5104 ².
894 5022 969 5074 nchis
990 5020 1020 5071 u.
1125 5020 1151 5082 Β)
1171 5021 1256 5072 extitit
1276 5020 1305 5070 ll.

263 5166 290 5227 l)
308 5160 532 5231 Ardsicpisuopua
551 5160 635 5214 Mart.
652 5168 668 5216 9
688 5165 809 5214 umarus
833 5159 888 5212 laur
910 5165 954 5213 eu.
1042 5159 1070 5223 2)
1090 5156 1172 5210 Verbo
1198 5156 1339 5210 ‘meusim
1357 5185 1389 5194 -
1408 5155 1584 5209 olteutarrun'
1605 5154 1699 5208 desunt
1723 5156 1753 5209 tu
1776 5171 1815 5224 ep.

154 5264 188 5305 ar.
199 5256 253 5318 617,
273 5264 344 5319 qaae
359 5246 392 5303 dc
408 5252 490 5304 adae
507 5247 636 5302 marchae
651 5245 803 5301 mucordm.
841 5244 915 5314 Quae
937 5246 1037 5299 litterae
1060 5244 1123 5297 illac
1144 5243 1246 5310 sauciat
1267 5241 1405 5295 uresumue.
1502 5242 1529 5306 u)
1548 5240 1713 5295 Arcamitatc
1734 5242 1818 5294 hucuca

156 5334 281 5389 maddi
297 5333 475 5404 precedentes,
498 5334 633 5403 epiwopma
652 5331 736 5387 Catal.
753 5337 777 5386 et
796 5331 906 5401 [Herpa]
924 5331 1004 5385 abbas
1021 5330 1167 5385 Lisateus's
1184 5328 1326 5398 [laeuos]
1344 5328 1397 5380 uec
1415 5326 1517 5379 abbatia
1536 5326 1631 5381 Scordi
1647 5325 1768 5395 depactam
1786 5326 1818 5380 de

158 5421 232 5475 iuris
249 5422 399 5491 peritarum
420 5421 530 5476 ecnsdr'a
552 5420 658 5474 actalia
677 5419 809 5473 Iohauuls
825 5423 849 5471 et
867 5416 1003 5472 Baldur'ui
1020 5417 1134 5485 lepitlmu
1152 5415 1338 5481 muranum,
1366 5429 1448 5482 queam
1464 5412 1619 5466 antestium
1632 5429 1709 5482 papa
1723 5420 1817 5482 postea

158 5506 337 5575 murmuri&
354 5507 389 5574 ef.
406 5506 536 5575 Pattltast,
556 5505 620 5574 Req.
634 5512 716 5560 1429?
731 5505 780 5558 arab
796 5522 822 5559 a.
837 5512 909 5571 1251,
926 5504 994 5571 Apr.
1008 5511 1045 5557 17.
1074 5502 1257 5571 Depoaitimacs
1274 5501 1378 5554 testium
1394 5498 1427 5552 de
1449 5498 1588 5553 natalilms
1608 5513 1697 5554 comum
1714 5517 1741 5555 a.
1756 5507 1818 5554 1949

160 5592 382 5663 {stamma
397 5593 523 5663 masur
540 5608 584 5661 ap.
596 5592 707 5661 Kersyn
725 5590 757 5645 de
775 5590 938 5658 Ledmhcra,
955 5589 1027 5643 ΗΜ.
1045 5588 1076 5641 dc
1090 5587 1214 5642 Fluudre
1231 5593 1247 5641 l.
1261 5587 1300 5655 ΙΙ,
1315 5585 1468 5655 1¹·54050s·
1486 5583 1547 5638 eiu.
1562 5600 1591 5653 p.
1606 5589 1657 5639 2⁴9
1674 5590 1697 5638 et
1715 5593 1770 5641 260.
1784 5616 1817 5627 -

165 5678 209 5735 De
223 5678 344 5735 mam
359 5679 394 5746 es.
410 5678 489 5733 diana
508 5678 640 5747 Pcttlrast,
658 5677 722 5748 Rsp.
739 5684 826 5733 13788.
