4328 6232
766 316 967 373 amsuchan
984 318 1173 380 subactae
1211 320 1286 375 1249.
1791 326 1855 389 clu

144 488 321 567 littoris
341 489 464 557 nostris
488 498 638 577 oporteat
659 491 732 557 fieri
755 494 954 559 mentionem
978 501 1010 559 et
1034 514 1212 581 perquam
1235 494 1422 560 huiusmodi
1445 496 1551 580 gratia
1574 495 1724 583 impediri
1747 498 1858 562 valeat

139 600 229 667 vel
288 591 427 673 differri,
463 602 520 660 aut
550 595 580 660 si
612 617 671 681 pro
704 597 779 661 aliis
812 599 845 661 in
873 596 1004 683 prelata
1031 597 1171 663 ecclesia
1199 599 1304 663 sancti
1332 598 1499 663 Antonini*
1529 599 1707 664 direximus
1736 600 1857 685 scripta

136 704 330 773 nostro,
360 697 481 783 quibus
503 699 612 785 quoad
635 700 701 765 alia
722 700 885 766 beneficia
907 703 1058 767 nolumus
1082 700 1299 788 preiudicium
1322 704 1487 788 generari,
1518 724 1576 768 seu
1600 704 1628 767 si
1651 703 1757 769 eidem
1780 724 1856 789 prc-

132 802 313 894 posito
333 800 416 875 alias
440 802 483 869 sit
504 805 701 870 auctoritato
723 812 837 870 nostra
859 806 1025 891 provisum
1042 830 1097 873 -;
1122 806 1380 872 contradictores
1403 814 1466 871 etc.
1505 806 1574 871 Nos
1598 806 1683 870 onim
1708 805 1856 871 decerni·

61 940 72 977 s
129 928 261 975 mus
299 903 422 969 irritum
446 907 608 988 etimne,
637 907 791 994 quicquid
814 908 856 974 de
879 907 1087 995 prepositura
1110 910 1257 996 predicto
1281 917 1395 976 contra
1418 909 1563 977 mandati
1585 909 1688 974 nostri
1711 914 1857 974 tenorem

128 1032 238 1077 con
246 1008 377 1093 tigerit
398 1009 599 1094 attemptari.

180 1230 185 1236 Ι
313 1128 389 1197 Dat.
410 1128 575 1231 Lugduni,
598 1132 732 1227 HM·
756 1133 900 1213 martire,
923 1154 1008 1198 anno
1025 1132 1089 1197 Vl⁰
1102 1136 1121 1200 ¹.
1238 1214 1241 1219 ξ

990 1641 1077 1715 669.

313 1748 528 1843 Irraoceatias
554 1778 611 1843 IV
629 1800 718 1863 papa
743 1780 844 1861 tratri
870 1766 1010 1845 Iohanni
1036 1760 1073 1844 de
1099 1778 1176 1844 Dist
1206 1780 1328 1845 ordire-is
1355 1780 1523 1845 Mirrorron
1552 1782 1697 1859 remrrdct,
1727 1784 1763 1845 ed
1792 1798 1861 1844 carn

123 1880 356 1945 remanendi
370 1880 544 1965 princhaco,
564 1880 672 1964 fideles
693 1887 723 1947 ct
744 1882 967 1949 rrrireisterialce
990 1883 1114 1965 irruperit
1128 1883 1328 1971 [Willelmo]
1349 1886 1416 1967 rapi
1437 1883 1614 1967 terrascia-nr
1636 1886 1665 1949 ct
1677 1885 1861 1967 fidelitatem

15 2002 49 2039 ιο
124 1982 346 2049 ’amacium
361 1986 592 2069 praestiterint,
613 2004 664 2052 cos
685 1986 730 2052 ad
752 1986 785 2051 id
801 1986 987 2071 facie-adam
1010 1988 1181 2070 mildredae.
1504 1992 1597 2065 1249,
1621 1986 1722 2052 Mart.
1742 1991 1772 2052 3.

312 2104 373 2159 Ian.
387 2104 409 2159 Ι
412 2104 439 2159 V
452 2104 517 2175 aa.
535 2104 596 2161 Lib.
615 2106 661 2175 Vr,
678 2108 751 2175 1ἱ32,
770 2125 798 2162 u.
815 2116 876 2161 ⁴05.
913 2107 1066 2175 Periander,
1084 2106 1155 2175 perard
1172 2107 1276 2173 Haislen
1296 2107 1355 2161 Alo.
1376 2125 1396 2160 r.
1410 2108 1472 2163 Bata.
1488 2126 1516 2176 p.
1532 2115 1577 2163 182
1593 2106 1684 2175 elidit,
1702 2106 1862 2161 arratah'aum

118 2192 233 2235 cum
291 2190 409 2261 mig,

312 2276 439 2347 Pordae,
460 2278 522 2347 Re·
536 2283 634 2339 13236:
653 2281 751 2349 Beroer
768 2288 843 2335 aser.

378 2458 547 2533 'Fratri
574 2459 764 2534 Iohanni
790 2462 841 2533 de
868 2455 981 2534 bisc
1010 2460 1182 2535 ordinis
1212 2463 1402 2535 fratrum
1429 2460 1663 2534 Minorum.

316 2606 372 2675 Ad
387 2607 627 2695 promotionem
650 2608 776 2695 negotii
801 2610 943 2675 ecclesie
967 2631 1005 2674 ae
1027 2610 1167 2675 Romani
1192 2610 1321 2696 imperii
1344 2610 1469 2675 cunctis
1493 2610 1659 2675 inhiantes
1682 2609 1865 2687 affectibus,

117 2710 293 2785 ⁰¹'gn
313 2732 384 2777 earn
408 2709 632 2778 sollieitudine
655 2713 846 2798 vigilamus,
878 2721 911 2778 et
937 2720 973 2777 ut
996 2714 1102 2800 possit
1124 2718 1258 2778 auctore
1281 2712 1423 2777 Domino
1446 2712 1659 2779 laudabiliter
1681 2713 1867 2800 provenire,

118 2798 310 2881 ῗυῐίιιε
343 2814 514 2902 diligentie
552 2814 695 2881 studium
730 2814 938 2898 adhibemus,
977 2817 1018 2882 ad
1048 2816 1111 2881 hcc
1141 2837 1238 2901 quam
1267 2838 1442 2903 possumus
1472 2838 1605 2903 operam
1637 2816 1867 2903 impendendo.

120 2896 212 3017 Qu
226 2934 296 2983 nr
317 2919 438 3005 itaque,
462 2919 546 2985 sicut
568 2941 612 2985 ex
634 2926 728 3007 parte
752 2920 911 2983 carissimi
935 2921 968 2984 in
984 2920 1114 2986 Christo
1137 2920 1194 2984 filii
1212 2920 1314 2985 nostri
1332 2971 1340 2987 .
1357 2971 1364 2987 .
1379 2921 1468 3005 regis
1484 2919 1706 2985 Romanorum
1729 2920 1867 2985 illustris

120 3002 256 3079 tuit,
297 3024 498 3109 propositum
520 3043 629 3087 coram
652 3022 763 3095 nohis,
795 3023 942 3087 nonnulli
966 3024 1147 3110 principes,
1180 3023 1296 3089 fideles
1320 3031 1353 3088 ct
1376 3023 1611 3089 ministeriales
1635 3023 1763 3109 imperii
1787 3044 1866 3087 non·

31 3134 69 3173 ’Ν
126 3102 294 3190 dun]
314 3126 374 3193 sibi
397 3126 586 3213 homagium
610 3134 644 3191 et
666 3126 858 3192 fidelitatem
881 3127 1083 3212 prostiterint
1106 3135 1142 3192 ut
1166 3134 1329 3206 tenentur,
1360 3127 1565 3214 presentium
1589 3126 1648 3190 tibi
1672 3126 1867 3191 auctoritate

126 3224 231 3281 '¹¹⁸²
242 3226 415 3309 neamus,
439 3233 593 3317 quatinus
617 3231 763 3318 prelatos
786 3231 953 3317 principes
978 3239 1011 3297 et
1034 3233 1129 3299 alios.
1153 3238 1189 3297 ut
1213 3231 1319 3297 sidem
1336 3232 1407 3317 regi
1423 3230 1610 3316 homagium
1627 3236 1660 3294 ot
1676 3228 1867 3295 fidelitatem

130 3322 370 3401 exhibere
407 3333 531 3421 absque
565 3335 653 3399 omni
689 3334 882 3400 difficultate
918 3356 956 3399 ac
990 3332 1146 3400 dilatione
1183 3342 1372 3422 procurent,
1407 3334 1585 3399 monitione
1621 3324 1780 3420 promissa
1809 3354 1868 3418 pcr

133 3434 382 3503 cellauram
406 3437 665 3505 ecclesiasticam
689 3438 912 3525 appellatione
937 3446 1063 3503 remota
1087 3439 1276 3526 compellas.

315 3558 391 3625 Dat.
415 3557 578 3645 Lugduni,
600 3559 631 3624 V
654 3558 738 3625 Non.
763 3559 884 3640 Martii,
909 3581 993 3625 anno
1009 3559 1083 3626 vc.

832 3822 1086 3831 --—--—.——..
1196 3824 1243 3829 ..-.

1000 4082 1088 4154 670.

61 4192 92 4233 25

321 4192 539 4290 [nicomedias
565 4224 623 4289 IV
641 4245 731 4307 papa
758 4222 982 4311 [Eberhardo]
1010 4224 1150 4306 episcopo
1180 4221 1415 4289 (lacerande-aei
1448 4221 1593 4305 cnriyendi
1620 4239 1756 4301 proceros,
1790 4238 1871 4301 prece

246 4326 370 4394 naalia
390 4330 623 4409 rumpantur,
646 4331 744 4409 proed
773 4328 813 4392 ab
841 4329 908 4411 ipso
938 4332 967 4393 ct
992 4328 1225 4409 praedecessore
1251 4346 1307 4391 sno
1329 4329 1495 4407 perceptae
1520 4322 1656 4405 suerint,
1683 4322 1872 4407 secretalem

167 4424 359 4499 Qecedd.
1494 4430 1588 4505 1249,
1611 4424 1714 4514 Mart.
1732 4428 1783 4489 15.

320 4552 386 4607 rma.
399 4552 421 4607 I
424 4550 450 4605 V
460 4550 524 4621 Rep.
538 4550 598 4607 Lib.
614 4550 662 4618 VI,
673 4552 745 4617 [.34,
758 4568 786 4604 a.
797 4559 852 4604 erra.
884 4549 1032 4618 Eserapdar
1045 4548 1164 4613 Bahali,
1186 4548 1261 4602 Misc.
1275 4554 1292 4601 t.
1309 4547 1372 4611 VII,
1387 4562 1414 4615 p.
1428 4556 1477 4602 m
1496 4548 1657 4601 comedimus
1674 4562 1732 4599 caera
1748 4543 1871 4613 Repertis.

320 4636 451 4706 Paeana,
471 4638 534 4707 aa.
548 4644 643 4705 132505
662 4638 760 4705 Beroea·
776 4644 847 4691 4411.

718 4873 759 4891 ..
788 4817 1008 4919 episeopo
1036 4812 1399 4888 Constantiensi.

322 4964 363 5033 ln
397 4966 643 5055 episcopalibus
675 4965 801 5033 iuribus
836 4972 925 5030 tuam
961 4986 1090 5050 semper
1124 4984 1300 5050 porsonam
1334 4960 1538 5047 benignitate
1571 4960 1666 5024 solita
1697 4958 1872 5023 confovere

174 5060 384 5153 *olentem
418 5076 456 5137 ut
488 5068 802 5157 condempnationes
837 5088 897 5133 seu
926 5087 1042 5153 penas,
1079 5088 1142 5153 que
1174 5060 1329 5131 bannalia
1356 5062 1553 5151 vulgaliter⁰
1581 5066 1822 5149 nuncupantur,
1852 5082 1873 5123 a

320 5298 451 5365 caea.
555 5294 1104 5365 amnemamnem
1207 5292 1375 5359 oroea-

62 5456 97 5503 a
189 5418 1876 5577 &amaseamawarmmrmaammmmmmam'amw

191 5510 1064 5681 Qaefflmxudw
1536 5506 1785 5579 mehr
1864 5544 1874 5577 ι
