4328 6232
805 348 1005 408 Erls'sonss
1024 351 1213 411 senseras.
1251 353 1326 410 1245,
1854 353 1893 414 bl

241 528 466 617 indempnitati
496 527 611 594 domus
638 527 813 614 providere
842 527 1006 608 volentes,
1040 531 1241 614 presentium
1264 529 1357 594 vobis
1387 528 1582 593 auctoritate
1606 527 1829 607 concedimus,
1860 535 1897 594 ut

243 637 267 700 si
288 641 364 722 post
385 633 568 720 predictam
592 633 849 718 resignationem
872 632 1054 718 magisterii
1078 641 1111 697 et
1134 635 1233 719 sigilli
1257 636 1367 720 aliqua
1390 633 1502 697 debita
1524 634 1595 718 ipse
1619 635 1792 716 contraxit,
1816 636 1896 699 nulli

243 739 280 804 de
311 739 394 826 ipsis
424 738 602 803 teneamini
633 737 848 822 respondere,
882 737 1057 823 presertim
1092 759 1165 802 cum
1194 746 1244 818 tu,
1279 738 1325 801 fili
1362 738 1531 823 magister,
1566 737 1628 800 sibi
1663 737 1750 823 apud
1784 737 1896 802 sedem

245 844 453 930 apostolicam
476 841 733 928 quadringentas
756 862 884 905 marcas
907 841 1034 925 argenti
1058 840 1189 906 dederis
1212 864 1270 926 pro
1296 841 1363 906 suis
1387 841 1506 906 debitis
1529 840 1765 927 persolvendis.

347 963 425 1029 Dat.
450 971 607 1049 utsupra
630 963 663 1026 in
686 963 864 1048 proxima⁸.

1042 1470 1103 1543 85.

346 1585 565 1678 Issameatias
587 1610 612 1674 I
616 1609 645 1672 V
664 1632 754 1695 papa
784 1610 963 1695 [Siaefrirlo
983 1610 1065 1694 ΙΙΙ]
1092 1610 1282 1691 Mopsratiao
1314 1614 1343 1672 ct
1368 1609 1555 1694 [Ceruario]
1585 1610 1763 1675 Coloniensi
1795 1611 1899 1674 areli·

253 1717 393 1801 episeopis
422 1720 451 1779 et
477 1715 585 1779 abbati
611 1714 648 1778 dc
670 1715 870 1778 Hirnmerode
897 1715 1067 1795 sipaifiast,
1099 1715 1242 1778 elcetiaac
1271 1713 1390 1796 duplici
1412 1715 1447 1776 ia
1470 1714 1597 1778 ecelesia
1622 1713 1804 1778 Yrcucreasr‘
1825 1714 1899 1778 olias

253 1821 404 1898 alelrrata,
427 1817 554 1882 tandem
571 1822 643 1900 pest
667 1822 792 1882 raortesr
805 1816 976 1900 [Radalfr]
987 1818 1163 1900 praepositi
1178 1817 1289 1881 Sancti
1306 1815 1441 1881 Paulini
1461 1810 1666 1895 Trecereasis,
1689 1817 1776 1881 electi
1792 1818 1899 1899 partis

253 1924 388 2000 allerias,
418 1925 514 1985 totam
536 1921 709 2004 capitalem
731 1941 799 1983 cam
823 1921 977 1984 iaslaatia
995 1923 1187 2003 postulasse,
1218 1924 1252 1983 ut
1274 1921 1378 1984 electio
1400 1921 1546 1994 alteriue,
1569 1919 1708 1984 Amaras·
1726 1920 1900 2002 praepositi

202 2047 218 2081 ιι·
256 2026 457 2102 Trecereasis,
487 2026 741 2105 confirmassem
770 2024 914 2101 asarrdat,
944 2030 978 2087 at
1004 2025 1123 2087 sicam
1146 2024 1294 2089 aeremitae
1316 2023 1500 2088 celebratam
1523 2023 1713 2100 iaceaeriat,
1741 2043 1809 2087 raas
1829 2042 1899 2085 erar-

253 2134 376 2210 pirrrrcat.
1552 2127 1645 2203 1245,
1670 2126 1742 2191 Ian.
1757 2128 1810 2191 23.

348 2249 410 2302 Ins.
427 2247 476 2301 Il'
490 2247 553 2316 sep.
572 2247 627 2302 l'ol.
642 2248 664 2314 Ι,
682 2253 739 2310 136,·
758 2248 816 2301 Lib.
831 2248 871 2314 II,
889 2256 939 2303 161.
970 2249 1123 2316 Epistolara
1141 2264 1173 2300 er
1193 2246 1307 2315 Repertis
1324 2247 1460 2314 descripserit
1479 2246 1507 2298 V.
1523 2245 1564 2300 01.
1577 2248 1612 2299 Α.
1625 2246 1703 2299 secra

349 2336 446 2403 saper
463 2342 515 2388 911.
1544 2368 1552 2376 ,

320 2572 357 2588 ..
385 2512 664 2605 Maguntino
694 2517 737 2585 et
765 2569 803 2584 ..
833 2511 1113 2585 Coloniensi
1140 2512 1513 2605 archiepiscopis
1540 2517 1584 2585 et
1612 2569 1650 2586 ..
1679 2513 1830 2585 abbati

205 2653 219 2689 ¹³
279 2637 327 2707 sle
361 2628 662 2709 Hemerotlr''¹
699 2633 1039 2707 cisterciensis
1076 2635 1261 2708 ordinis
1296 2634 1610 2707 Treverensis
1645 2632 1865 2706 diocesis,

351 2784 403 2848 Ex
426 2792 519 2871 parte
543 2784 678 2869 capituli
694 2783 905 2848 Treverensis
928 2784 989 2847 fuit
1013 2786 1216 2870 propositum
1241 2804 1350 2847 coram
1367 2784 1472 2863 nobis,
1495 2785 1671 2869 quodcum
1689 2785 1762 2872 ipsi,
1786 2805 1897 2848 eorum

255 2891 387 2954 ecclesia
409 2889 549 2974 pastoris
574 2887 691 2951 solatio
715 2886 883 2963 destituta,
907 2889 1031 2951 vocatis
1049 2888 1197 2952 omnibus
1214 2890 1268 2974 qui
1286 2887 1470 2953 debuerunt
1489 2894 1522 2952 et
1538 2896 1715 2974 potuerunt
1731 2886 1899 2953 commode

255 2992 422 3063 interesse,
453 2990 505 3055 die
538 2991 580 3055 ad
612 2991 797 3077 eligendum
832 2993 958 3077 prefixa
985 2992 1026 3056 ad
1056 2993 1260 3057 tractandum
1290 2993 1330 3057 de
1360 2994 1458 3058 futuri
1483 2993 1714 3058 substitutione
1738 2993 1899 3080 pontificis

254 3097 493 3173 convenissent,
523 3096 625 3159 maiar
656 3101 689 3160 et
720 3096 829 3160 sanior
853 3117 927 3181 pars
952 3097 1084 3180 capituli
1108 3096 1264 3161 dilectum
1288 3098 1390 3161 filium
1413 3097 1611 3172 Arnoldum,
1643 3106 1719 3163 tunc
1743 3099 1899 3163 maiorem

201 3224 217 3255 ³¹
254 3200 445 3286 prepositum
469 3197 616 3264 ciusdem
642 3200 799 3275 ecclesie,
829 3187 862 3263 in
886 3199 1124 3265 Treverensem
1149 3201 1431 3288 archiepiscopum
1455 3202 1613 3265 canonice
1636 3223 1674 3266 ac
1698 3201 1901 3266 concorditer

253 3304 428 3389 clegerunt,
451 3301 614 3366 nonnullis
637 3302 677 3367 de
702 3303 856 3388 capitulo,
880 3303 994 3389 paucis
1018 3310 1138 3373 tamen,
1167 3305 1199 3367 in
1223 3304 1385 3389 quondam
1409 3306 1612 3391 prepositum
1638 3305 1748 3369 Sancti
1771 3305 1899 3369 Paulini

252 3406 457 3472 Trevererrsis
485 3404 700 3490 dirigentibus
731 3413 806 3470 vota
833 3428 907 3485 sua,
945 3416 978 3472 ct
1005 3409 1084 3472 licet
1113 3407 1197 3471 idem
1228 3409 1414 3494 prepositus
1439 3409 1549 3473 Sancti
1573 3409 1702 3473 Paulini
1732 3411 1899 3494 negotium

212 3508 217 3524 '
253 3531 337 3574 snum
361 3532 382 3575 a
405 3510 566 3597 principio
594 3510 694 3576 luerit
722 3518 934 3597 prosecutus,
967 3512 1098 3577 tandem
1130 3518 1255 3586 tamen,
1289 3534 1323 3576 se
1352 3534 1415 3576 non
1447 3512 1567 3578 habere
1599 3514 1649 3576 ius
1678 3514 1710 3577 in
1739 3514 1900 3578 electione

253 3612 430 3678 huiusmodi
459 3635 713 3700 recognoscens,
745 3617 844 3680 cessit
867 3622 1069 3702 spontaneus
1092 3618 1267 3703 questioni.
1315 3617 1462 3703 Cumque
1486 3617 1692 3704 postmodum
1717 3617 1801 3683 idem
1826 3640 1899 3705 prc-

200 3737 216 3772 r.
254 3718 370 3802 positus
395 3716 508 3782 Sancti
523 3718 651 3783 Paulini
674 3728 707 3784 et
729 3722 891 3786 electores
919 3721 1031 3806 ipsius,
1056 3725 1194 3807 sopitam
1219 3729 1331 3787 contra
1354 3744 1427 3786 cum
1453 3722 1672 3808 calumpniam
1694 3705 1900 3803 suscitantes,

252 3829 372 3885 nostras
401 3820 443 3885 ad
467 3822 682 3888 ..abbatem
711 3824 833 3909 Frigidi
865 3825 988 3890 Montis
1016 3825 1229 3890 Bclvaeensis
1258 3825 1397 3890 diocesis
1430 3834 1463 3889 et
1494 3826 1638 3910 collegas
1668 3826 1771 3909 ipsius
1804 3847 1902 3910 super

253 3926 416 3990 electionis
451 3926 584 4010 negotio
618 3927 743 3992 litteras
775 3929 1037 4014 impetrassent²,
1074 3937 1107 3995 et
1140 3952 1247 3995 ceram
1278 3931 1326 3994 eis
1356 3930 1473 3994 fuisset
1501 3950 1599 4013 super
1629 3929 1689 3992 lroc
1721 3928 1795 3992 hinc
1827 3927 1901 3993 indo

253 4027 433 4113 aliquandiu
462 4028 640 4114 litigatum,
672 4051 770 4094 causa
799 4031 931 4103 tandem
961 4033 1000 4096 od
1030 4055 1088 4096 nos
1117 4041 1192 4119 post
1216 4032 1354 4120 predicti
1376 4032 1535 4119 prepositi
1560 4031 1681 4095 obitum
1705 4052 1764 4117 per
1787 4031 1900 4117 appel-

254 4131 401 4197 lationem
427 4131 536 4197 delata
560 4154 597 4197 ac
622 4154 729 4198 coram
756 4135 848 4199 nobis
871 4138 1141 4221 procuratoribus
1163 4139 1304 4224 partium
1330 4137 1526 4211 constitutis,
1551 4143 1743 4221 procurator
1764 4135 1900 4214 illorum,

202 4252 218 4285 s
255 4237 302 4319 qui
325 4236 526 4323 prepositum
551 4236 731 4322 predictum
756 4239 940 4323 elegerant,
966 4241 998 4303 in
1023 4248 1135 4306 nostra
1160 4243 1328 4327 presentia
1352 4241 1452 4306 cessit
1474 4239 1537 4313 liti;
1567 4247 1686 4303 ettam
1711 4239 1780 4323 ipse
1804 4259 1899 4323 quam

255 4342 349 4421 partis
373 4338 509 4404 alterius
533 4349 723 4426 procurator
745 4342 844 4407 totius
869 4345 1005 4429 capituli
1028 4346 1160 4409 nomine
1184 4367 1203 4407 a
1227 4345 1321 4409 nobis
1346 4366 1417 4408 cum
1442 4344 1599 4407 instantia
1622 4343 1841 4427 postularunt,
1865 4348 1901 4406 ut

255 4441 443 4506 electionem
468 4442 666 4508 celebratam
690 4443 731 4509 de
755 4445 900 4530 predicto
922 4448 1069 4513 Amoldo
1093 4449 1299 4521 confirmare,
1328 4453 1441 4533 utpote
1466 4445 1672 4523 canonicam,
1700 4466 1896 4509 curaremus.

255 4542 334 4616 Quia
349 4566 428 4610 sero
449 4546 606 4632 scriptum
630 4555 694 4613 est:
723 4549 863 4615 ‘Nemini
889 4551 953 4615 cito
977 4574 1108 4616 manum
1133 4549 1305 4638 imponas',
1329 4550 1532 4627 mandamus,
1557 4548 1717 4634 quatinus,
1742 4549 2053 4613 relaxatisrrmam.

255 4646 291 4710 ad
314 4648 475 4713 cautelam
498 4649 649 4714 omnibus
665 4654 1023 4735 excommunicationis,
1048 4655 1274 4741 suspensionis
1292 4662 1325 4718 et
1342 4652 1505 4718 interdicti
1523 4651 1705 4729 sententiis,
1729 4652 1897 4738 aquibus·

257 4772 377 4837 cunque
405 4758 439 4816 et
468 4752 690 4840 cuiuscunque
718 4757 912 4822 auctoritate
942 4756 1158 4846 [occasione]c
1189 4760 1284 4823 huius
1315 4758 1437 4843 negotii
1460 4757 1523 4820 sint
1545 4756 1689 4841 prolate,
1722 4755 1899 4821 sedantes

257 4855 428 4920 secondum
459 4854 568 4921 datam
590 4878 610 4921 a
632 4857 705 4923 Deo
734 4860 824 4925 vobis
855 4861 1061 4948 prudentiam
1091 4863 1130 4927 ad
1161 4865 1292 4949 plenam
1322 4884 1436 4950 pacem
1469 4862 1502 4926 in
1533 4860 1726 4926 'I'reserensi
1759 4860 1899 4926 ecclesia

259 4959 489 5025 reformandam
519 4981 616 5048 opem
646 4970 679 5028 et
708 4985 839 5050 operam
873 4967 1057 5046 efficacem,
1092 4969 1263 5054 inquiratis
1295 4968 1335 5031 de
1365 4965 1533 5032 electionis
1563 4964 1673 5044 mado,
1710 4965 1899 5049 eligentium

258 5062 367 5127 studiis
400 5072 433 5128 et
468 5065 564 5130 electi
593 5067 719 5131 meritis
755 5067 944 5152 diligentius
974 5072 1161 5148 veritatem,
1200 5078 1232 5134 et
1260 5071 1287 5135 si
1320 5071 1514 5135 electionem
1544 5068 1682 5134 eandem
1712 5068 1900 5131 invencritis

259 5166 404 5232 canonice
432 5165 494 5233 de‘l
523 5189 662 5254 persona
691 5170 809 5236 idonea
841 5173 1053 5254 celebratam,
1090 5177 1196 5261 ipsam
1228 5177 1423 5241 auctoritate
1454 5174 1633 5260 apostolica
1662 5171 1900 5249 confirmantes,

355 5327 430 5336 ..—

200 5432 219 5467 θ’
302 5495 312 5511 Ι
356 5429 379 5493 ⁸)
396 5431 440 5481 ubi
454 5431 543 5515 spelm
559 5441 622 5484 acta
638 5433 726 5487 clrroa.
744 5440 820 5500 atqroe
836 5435 862 5485 ia
885 5454 911 5486 a.
926 5438 959 5487 &t
977 5438 1075 5501 lepitar.
1166 5435 1191 5503 b)
1205 5437 1250 5500 B.,·
1268 5436 1463 5490 llenrorochtlt.
1545 5436 1570 5500 ο)
1588 5437 1641 5489 tale
1657 5436 1720 5504 prid
1736 5437 1764 5488 ia
1778 5436 1809 5489 lt.
1828 5436 1903 5487 deest

262 5516 285 5575 ⁸¹t
301 5523 447 5576 celebratam
459 5525 492 5577 do
502 5524 535 5576 B.

358 5659 382 5717 1>
402 5659 566 5714 llissrrrerorle
581 5677 594 5715 e
610 5678 672 5719 mer.
688 5666 712 5716 et
728 5680 766 5717 or⁴
783 5669 892 5721 mrum.
908 5664 1085 5721 Pmmiarsis.
1156 5670 1183 5736 2)
1199 5686 1230 5726 a.
1242 5678 1283 5729 41.
