4328 6232
754 325 802 389 EX
820 324 1037 390 mesonma
1054 321 1093 386 IV
1111 320 1291 386 amasso

979 599 1067 674 468.

304 719 520 812 Innocentius
551 742 607 806 IV
624 763 715 823 popo
750 742 830 806 noes
865 742 1028 823 Aquonses
1070 740 1228 815 tortatcn,
1270 741 1307 800 nt
1341 737 1574 802 considerantes
1605 737 1853 823 [Wiltelmnm]

199 873 299 936 repom
326 849 541 914 menanm
562 866 621 928 per
647 865 742 910 scae
768 863 855 924 snos,
877 845 990 927 qnabsn
1020 843 1205 909 circumdati
1232 842 1311 919 sint,
1338 843 1423 922 ipsos
1449 843 1480 904 et
1503 845 1620 906 mam
1640 843 1784 923 ipsoram
1815 842 1853 905 in

201 956 340 1020 libertate
362 956 390 1015 et
410 951 517 1033 qratia
538 953 639 1014 tcnm
659 949 749 1027 coln,
771 948 812 1013 ab
832 949 975 1030 obscqno
996 946 1156 1014 Friden‘ci
1176 946 1334 1029 qnondam
1354 944 1553 1025 imperatoris
1573 945 1727 1013 rcocdant.

304 1147 968 1224 roa.1vnn.v0c.r,ose,·nn.v,an.2a
1004 1151 1102 1205 nenne
1119 1132 1253 1221 aanor
1269 1149 1428 1205 mann
1450 1047 1685 1220 affigit
1698 1051 1793 1208 riis.
1821 1152 1852 1220 ν,
1907 1160 1919 1197 s

222 1254 280 1300 ,27
303 1263 330 1298 n.
350 1252 392 1297 25.

198 1266 221 1317 P
277 1288 285 1315 i
307 1329 437 1395 Potttost,
456 1328 518 1396 Rea.
538 1334 632 1393 1277ος
649 1327 752 1395 Bcrqer
769 1335 842 1382 4074,

391 1509 586 1582 Civibus
613 1508 931 1600 Aquensibus
958 1506 1181 1599 spiritum
1208 1502 1409 1577 consilii
1437 1504 1659 1579 senionia.

308 1658 397 1722 Scire
425 1677 483 1720 vos
514 1652 675 1719 oredimus
704 1660 767 1718 etc.
802 1659 837 1717 ut
867 1673 965 1738 supra
994 1671 1114 1738 usque:
1149 1659 1348 1739 assumptum
1377 1675 1420 1717 ex
1448 1673 1512 1738 quo
1535 1653 1657 1720 debent
1680 1676 1795 1720 omnes
1817 1664 1854 1721 et

204 1786 262 1827 vos
286 1763 439 1831 maxime,
462 1766 576 1844 utpote
600 1759 661 1822 sibi
686 1759 821 1843 eiusque
844 1757 959 1842 generi
982 1756 1170 1832 viciniores,
1193 1756 1339 1842 gaudere
1362 1778 1401 1821 ac
1423 1757 1456 1820 in
1479 1758 1580 1844 ipsius
1603 1761 1762 1825 auxilium
1786 1767 1852 1827 etc.
1908 1781 1933 1818 ιο

204 1888 321 1951 usque:
346 1885 420 1929 esse
443 1863 573 1927 factum.
619 1859 779 1934 Quocirca
801 1861 1049 1924 universitatem
1071 1866 1213 1924 vestram
1242 1882 1411 1946 rogamus,
1435 1882 1604 1927 monemus
1628 1872 1661 1929 et
1682 1862 1857 1929 hortamur

204 1976 347 2049 attente,
378 1968 572 2032 mandantes
604 1968 769 2051 quatinus,
804 1965 1010 2030 considerato
1044 1964 1223 2051 prudenter
1255 1965 1341 2051 quod
1369 1965 1455 2031 idem
1479 1986 1538 2029 rex
1560 1987 1620 2052 per
1642 1989 1677 2032 se
1700 1989 1740 2032 ac
1763 1989 1857 2049 suos,

205 2074 321 2160 quibus
358 2072 548 2137 circumdati
581 2071 661 2136 estis
675 2071 696 2148 ¹,
725 2091 784 2134 vos
820 2075 854 2134 et
887 2076 1008 2134 terram
1041 2075 1183 2134 vestram
1215 2069 1442 2136 favorabiliter
1472 2070 1598 2136 tenebit
1626 2071 1659 2135 in
1688 2070 1857 2151 libertate,

205 2178 311 2263 gratia
334 2185 366 2241 ot
389 2178 522 2258 honora,
547 2176 588 2240 ab
613 2175 771 2260 obsequio
794 2180 828 2237 et
849 2172 1027 2261 dampnata
1049 2173 1222 2238 devotione
1245 2172 1418 2252 Pbiderioi,
1449 2174 1492 2238 ab
1519 2173 1669 2261 imperali
1692 2180 1726 2239 et
1749 2177 1858 2261 regali

205 2282 363 2366 dignitate
387 2280 526 2366 depositi
550 2287 582 2342 et
604 2277 823 2343 anathematis
847 2298 1002 2343 mucrone
1026 2278 1128 2363 ligati,
1145 2278 1293 2363 protinus
1316 2299 1354 2343 ac
1373 2278 1504 2365 penitus
1521 2277 1724 2358 recedentes,
1742 2280 1857 2345 eidem
1912 2295 1936 2333 ¹⁵

205 2384 276 2469 regi
299 2384 459 2447 assistatis
483 2382 619 2447 viriliter
646 2403 684 2446 ac
713 2387 881 2469 potenter,
911 2382 957 2445 ita
979 2380 1064 2466 quod
1087 2380 1174 2467 apud
1197 2380 1305 2446 Deum
1336 2388 1369 2445 et
1391 2381 1539 2446 homines
1563 2383 1695 2468 possitis
1716 2383 1860 2468 proinde

206 2509 269 2551 non
292 2487 442 2551 inmerito
466 2484 684 2550 commendari
709 2491 741 2549 et
764 2485 911 2572 prefatus
934 2506 994 2550 rex
1016 2485 1058 2550 ad
1082 2491 1191 2550 vestra
1213 2484 1356 2550 honores
1379 2493 1413 2550 et
1436 2485 1573 2551 comoda
1588 2487 1703 2552 fortius
1724 2488 1860 2571 oblige-

206 2599 258 2654 tur
280 2611 406 2675 nosque
429 2589 638 2654 devotionem
662 2595 804 2654 vestram
827 2588 933 2673 dignis
956 2608 1188 2675 prosequamur
1211 2589 1392 2653 actionibus
1415 2590 1605 2674 gratiarum.

309 2709 386 2774 Dat.
410 2717 445 2773 ut
469 2731 578 2795 supra.

990 3079 1078 3154 469.

312 3191 531 3288 Innocentius
552 3215 607 3284 IV
620 3239 710 3303 papo
732 3215 864 3304 P[ctro]
885 3215 998 3282 Sancti
1022 3216 1151 3299 Georpii
1171 3215 1215 3281 ad
1236 3213 1344 3282 Vetnm
1366 3219 1509 3283 Auream
1530 3218 1662 3285 diacono
1688 3221 1865 3302 cardinali,

208 3327 394 3409 apostolicae
426 3324 509 3389 sedis
540 3324 652 3407 thato,
688 3322 833 3401 nnndat,
864 3325 902 3385 nt
932 3321 1100 3386 mandam
1128 3321 1366 3404 promessionem
1400 3341 1491 3386 mom
1516 3323 1675 3408 [Hernico
1696 3324 1759 3410 II]
1788 3326 1868 3391 daci

207 3430 408 3496 Brnbantiac
429 3429 537 3494 datam
553 3428 717 3509 praelatos
739 3425 955 3491 Alamanniae
978 3429 1099 3489 moneat
1120 3429 1151 3487 ct
1171 3424 1309 3503 indonet,
1331 3430 1368 3489 nt
1389 3427 1418 3490 ci
1439 3426 1576 3492 viriliter
1596 3428 1762 3496 msistont.

1499 3531 1586 3595 1247
1615 3529 1696 3599 Noc.
1766 3587 1774 3600 .

313 3637 376 3689 Ina.
394 3634 441 3688 IV
456 3633 520 3702 ch.
537 3634 592 3688 Vol.
611 3633 793 3702 L486-487;
811 3632 872 3687 Inb.
889 3631 920 3700 V,
930 3639 987 3688 380.
1025 3630 1124 3685 Pcrtzii
1141 3631 1273 3700 memplrn
1289 3632 1450 3686 ananiam
1466 3648 1529 3686 ncne
1548 3580 1694 3703 Minoem
1711 3535 1772 3691 iai.
1790 3642 1811 3693 t.
1833 3639 1867 3708 V,

254 3736 259 3752 .
1922 3729 1947 3769 ss

202 3740 233 3792 n.
252 3731 294 3791 25,
312 3728 442 3874 i’otiirad
463 3806 526 3875 aa.
546 3813 638 3873 127675
656 3806 755 3876 Beryae
772 3811 846 3861 3430.

297 3986 338 4058 P.
367 3984 533 4058 Sancti
562 3983 760 4077 Georgii
787 3984 1018 4058 adVelum
1043 3980 1258 4059 Aureum
1283 3982 1490 4061 diacono
1517 3987 1778 4079 cardinali,

728 4104 987 4197 apostolice
1014 4104 1145 4179 sedis
1170 4106 1346 4199 legata.

317 4253 416 4337 Cum,
439 4254 522 4319 siout
545 4255 749 4342 accepimns,
778 4254 966 4341 promiseris
999 4252 1121 4319 dilecto
1151 4254 1217 4319 filio
1244 4254 1346 4320 nobili
1369 4256 1438 4320 viro
1462 4305 1497 4322 ..
1521 4256 1596 4322 duci
1618 4256 1802 4326 Brabantie
1825 4283 1866 4328 ac

213 4358 425 4444 Lotharingio
447 4358 556 4423 iacere
579 4360 768 4444 promittere
792 4380 905 4423 omnes
929 4358 1073 4444 prelatos
1095 4356 1291 4423 Alamannia
1319 4379 1379 4444 per
1406 4367 1559 4446 patentes
1589 4361 1717 4428 litteras
1740 4386 1865 4432 eorum·
1917 4385 1943 4423 κ

213 4461 297 4543 dem,
321 4461 406 4547 quod
430 4463 585 4526 assistant
609 4463 640 4526 ei
662 4471 827 4548 tamquam
858 4463 938 4526 socii
973 4462 1070 4526 sociis
1106 4468 1141 4527 et
1166 4462 1264 4527 amici
1295 4463 1408 4527 amicis
1430 4464 1566 4529 viriliter
1587 4472 1622 4530 et
1653 4473 1810 4554 patenter
1832 4471 1867 4536 in

213 4567 345 4650 negotio
375 4566 514 4630 ecclesie
544 4572 657 4630 eontra
683 4565 721 4631 F.
752 4565 914 4653 quondam
943 4564 1164 4631 Romanorum
1200 4567 1430 4652 imperatorem
1457 4573 1491 4632 et
1519 4567 1603 4633 filios
1631 4575 1667 4635 et
1695 4571 1867 4640 adiutores

216 4675 249 4731 et
271 4668 415 4733 fautores
440 4690 565 4733 eorum:
591 4690 660 4749 nos,
684 4669 892 4735 attendentes
915 4670 1003 4754 quod
1025 4668 1209 4735 huiusmodi
1231 4670 1404 4755 promissio
1428 4669 1527 4756 digna
1559 4678 1611 4737 est
1634 4677 1866 4760 prosecutione

216 4771 336 4835 favoris
370 4770 521 4857 quodque
552 4772 649 4836 iidem
679 4772 823 4860 ipsorum
854 4773 977 4838 viribus
1011 4773 1159 4840 conflatis
1191 4773 1224 4838 in
1252 4794 1351 4837 unum
1375 4794 1508 4838 oausam
1531 4776 1668 4843 ecclesie
1692 4798 1756 4864 que
1779 4802 1866 4846 nuno

217 4875 333 4960 agitur,
357 4896 430 4939 cum
453 4896 517 4939 non
542 4877 584 4939 sit
606 4878 736 4963 propria
760 4877 818 4941 sed
842 4879 1038 4958 communia,
1061 4883 1216 4964 poterunt
1240 4876 1401 4962 intrepide
1424 4880 1578 4965 prosequi
1603 4887 1636 4945 et
1659 4881 1863 4950 inimicorum
1915 4906 1940 4942 ³⁵

216 4980 371 5064 impetum
397 4980 528 5043 minime
561 4979 752 5062 formidare,
783 4981 988 5062 mandamns,
1025 4983 1178 5069 quatinus
1213 4981 1317 5046 dictos
1345 4981 1487 5068 prelatos
1510 4983 1552 5048 ad
1579 4983 1612 5048 id
1634 5006 1769 5051 moneas
1792 4988 1864 5052 effi-

216 5083 335 5147 caciter
357 5089 390 5147 et
413 5083 547 5147 inducas
572 5090 613 5150 et.
638 5084 665 5148 si
688 5104 823 5150 necesse
846 5085 954 5164 fuerit,
977 5086 1172 5150 anctoritate
1195 5089 1308 5149 nostra
1330 5082 1459 5150 sublato
1480 5088 1710 5174 appellationis
1725 5091 1863 5177 impedi-

216 5194 337 5265 mento,
361 5194 457 5273 prout
480 5188 600 5252 videris
624 5188 789 5274 expedire,
814 5191 1003 5275 compellas.

324 5307 401 5373 Dat.
424 5308 586 5395 Lugduni,
609 5310 677 5376 XII
701 5311 776 5378 Kal.
799 5312 1002 5394 Decembris,
1026 5335 1111 5379 anno
1127 5312 1186 5376 V0.

324 5448 395 5458 u—....
561 5452 621 5459 .—

217 5615 280 5671 M
322 5534 346 5669 lp
366 5534 389 5587 I.
408 5549 429 5586 c.
443 5549 494 5601 per
510 5533 626 5602 uicinam
651 5553 716 5590 nmo
740 5537 831 5592 aritae
857 5555 912 5592 non
934 5543 997 5591 ante
1015 5539 1094 5605 finem
1113 5538 1207 5591 arensis
1224 5538 1292 5604 Apr.
1310 5553 1336 5589 a.
1357 5544 1420 5591 1248
1437 5538 1548 5592 obsideri
1563 5545 1652 5611 nocua
1667 5545 1720 5612 dg
1736 5540 1862 5601 m
1907 5556 1934 5601 0
1991 5576 1996 5592 ·

276 5632 317 5684 er,
346 5634 390 5672 .c.
408 5627 501 5673 carro.
