4328 6232
723 249 924 305 larissenae
941 250 1132 306 scuderae
1170 254 1244 308 1247.
1748 265 1811 326 279

226 476 377 551 Fratri
405 478 580 553 Blanco
608 480 661 554 de
689 480 852 556 ordine
879 483 1076 557 fratrum
1107 483 1346 574 Minorum,
1375 487 1539 560 nuncio
1567 494 1738 563 nostro.

264 624 363 709 Cum,
391 627 474 693 sicut
499 649 543 695 ex
570 634 663 715 parte
692 632 890 698 venerabilis
914 633 1023 699 fratris
1047 634 1148 699 nostri
1173 682 1204 699 ..
1230 635 1374 720 episcopi
1399 643 1432 700 ct
1453 636 1645 701 dilectorum
1669 638 1809 703 filiorum

166 733 237 797 cleri
259 739 326 798 tam
351 732 493 798 civitatis
517 754 615 818 quam
636 735 776 801 diocesis
796 735 1049 802 Arinionensis⁸
1072 738 1139 827 luit·
1157 739 1359 824 propositum
1390 761 1497 804 coram
1520 741 1626 821 nobis,
1650 763 1709 827 pro
1734 743 1811 806 sub·

166 833 241 899 sidio
263 837 444 922 apostolice
469 837 555 902 sedis
579 838 660 903 illud
683 862 766 905 onus
789 841 837 907 eis
853 842 1047 928 imposueris
1070 843 1104 906 in
1120 843 1261 929 pecunia
1276 843 1506 928 persolvenda,
1529 844 1571 908 ad
1594 844 1680 929 quod
1704 847 1810 931 possi-

113 975 116 993 »
164 941 300 1006 bilitates
316 940 480 1027 ipsorumb
495 941 682 1008 nullatenus
707 965 742 1008 se
760 945 960 1010 extendunt:
985 946 1185 1032 presentium
1210 945 1267 1010 tibi
1284 947 1479 1013 auctoritato
1504 947 1706 1027 mandamus,
1729 969 1809 1033 qna-

163 1045 259 1123 tinus,
291 1043 506 1110 consideratis
536 1046 747 1112 facultatibus
777 1048 973 1128 eorundem,
1009 1050 1098 1116 illam
1132 1051 1179 1114 eis
1207 1051 1423 1135 quantitatem
1451 1052 1590 1137 pecunie
1621 1051 1810 1132 modereris,

165 1167 252 1231 qnam
282 1168 342 1233 pro
369 1155 442 1212 rata
465 1149 623 1215 bonorum
646 1172 778 1216 suorum
807 1153 882 1217 aliis
914 1153 1154 1240 circumpositis
1177 1154 1423 1240 episcopatibus
1446 1156 1614 1241 imponere
1644 1156 1811 1236 curavisti,

166 1251 205 1315 ita
226 1251 311 1336 quod
335 1249 456 1318 iustam
479 1261 613 1340 propter
636 1255 700 1319 hoc
724 1276 789 1320 non
814 1256 959 1322 habeant
982 1257 1024 1322 ad
1046 1279 1106 1323 nos
1128 1258 1300 1325 materiam
1324 1257 1523 1326 recurrendi.

242 1372 320 1441 Dat.
343 1373 507 1461 Lugduni,
531 1375 606 1441 Kal.
631 1376 745 1459 Iuniis,
768 1399 854 1443 anno
878 1386 1002 1464 quarto.

941 1869 1028 1943 379.

258 1963 482 2057 Inrsoccctius
502 1989 558 2054 IV
577 2012 669 2074 papa
695 1990 854 2074 [chrico
875 1991 956 2077 III]
988 1992 1127 2076 episcopo
1155 1991 1382 2073 Arpmiiacmsi
1414 1992 1522 2056 scribit
1550 1995 1588 2058 dc
1615 1992 1741 2057 ecclesio
1774 1991 1811 2056 de

165 2091 284 2170 Ulmon,
306 2114 403 2175 quoru
431 2093 592 2160 abbatissa
614 2098 643 2160 ct
664 2098 831 2159 macenias
860 2097 1044 2162 rrronostcrii
1066 2095 1277 2174 Socorsieresis,
1306 2096 1350 2160 ad
1370 2115 1450 2177 quos
1472 2099 1595 2176 spectet,
1623 2095 1754 2159 Alberto
1775 2096 1812 2159 ele

158 2193 339 2261 Habesburc
360 2199 510 2263 cocenim
530 2197 773 2280 Arcentirtcnsi,
803 2200 893 2263 cuius
910 2198 1017 2284 frater
1044 2204 1073 2264 ct
1089 2203 1230 2280 pat—rcus
1259 2203 1288 2263 et
1310 2200 1482 2280 conplures
1504 2199 1564 2263 olii
1587 2198 1812 2281 consaepeirrei

153 2296 356 2385 F[riderico]
387 2301 545 2382 quondam
568 2302 751 2383 imperatori
772 2301 981 2382 adlicercont,
1011 2307 1186 2369 ccccutores
1216 2307 1321 2369 autem
1343 2304 1505 2384 apostolici
1532 2303 1672 2369 Woltero
1693 2301 1810 2378 clerico,

152 2403 257 2485 nepoti
282 2404 456 2486 praepositi
479 2403 657 2486 Spirensis,
683 2406 739 2488 qui
767 2425 836 2470 cum
864 2406 1105 2488 mesonpairseis
1126 2407 1194 2471 suis
1216 2407 1252 2470 in
1275 2407 1406 2490 negotiis
1427 2406 1570 2472 ecclcsiae
1592 2406 1682 2470 utilis
1703 2404 1809 2485 suerit,

150 2505 361 2587 matrinia&
382 2507 470 2590 οἰᾳαε
492 2508 632 2587 mandat,
653 2510 689 2570 ut
710 2507 840 2573 euridem
870 2508 1044 2575 Wolterum
1060 2510 1255 2592 possessione
1277 2510 1421 2576 ccclesiae
1441 2509 1577 2593 paudere
1595 2509 1709 2594 sociat.

1475 2616 1569 2691 1217,
1592 2612 1666 2676 Iun.
1690 2617 1721 2678 3.

258 2728 324 2783 Istra
338 2730 387 2784 IV
400 2729 576 2802 Re9.Vol.1,
594 2730 871 2800 4065st.1V,839.
912 2732 1073 2802 Exemplar,
1098 2732 1170 2801 qaod
1192 2733 1295 2803 Berqer
1317 2733 1410 2802 edidi,
1432 2749 1492 2788 cuni
1515 2732 1630 2801 Repertis
1651 2732 1764 2787 malit
1786 2737 1810 2785 et

143 2816 387 2886 adsmppievit
410 2816 638 2874 aoranae.

257 2903 440 2972 massar.

649 3038 693 3056 ..
732 2981 953 3074 episcopo
986 2981 1327 3073 Argentinensi.

262 3128 316 3194 Ex
344 3135 438 3218 parte
468 3136 526 3196 tna
555 3131 617 3195 init
646 3132 847 3218 propositum
880 3153 988 3196 eoram
1018 3132 1128 3212 nobis,
1157 3131 1243 3217 quod
1273 3154 1347 3197 cum
1376 3132 1545 3198 abbatisse
1578 3138 1611 3198 et
1634 3130 1810 3195 conventui

147 3234 346 3299 monasterii
370 3233 583 3300 Seconiensis
612 3234 734 3299 ordinis
763 3235 865 3299 saneti
896 3234 1073 3320 Augustini
1099 3235 1360 3300 Constantiensis
1391 3234 1531 3300 diocesis
1562 3234 1682 3299 nostris
1711 3233 1810 3297 dede·

150 3338 255 3403 fimus
271 3338 390 3403 litteris
412 3337 445 3401 in
463 3338 638 3419 mandatis,
660 3344 698 3403 ut
714 3338 835 3403 dilecto
850 3339 916 3403 filio
932 3337 1084 3404 Waltero
1102 3339 1231 3418 clerico,
1252 3339 1363 3424 nepoti
1385 3337 1496 3403 dilecti
1513 3339 1570 3403 tilii
1594 3389 1602 3404 .
1620 3389 1627 3404 .
1652 3336 1810 3424 prepositi

155 3440 350 3528 Spirensis¹,
365 3442 523 3508 canonico
536 3441 784 3527 Argentinensi,
801 3442 893 3506 cuius
907 3441 1169 3528 consanguineos
1186 3446 1219 3507 et
1235 3441 1342 3529 ipsum
1359 3443 1457 3507 etiam
1474 3442 1507 3507 in
1518 3443 1655 3507 ecclesie
1668 3440 1809 3526 negotiis

154 3544 277 3610 asseris
300 3545 426 3610 utiliter
447 3545 633 3628 laborasse,
663 3546 872 3633 providerent
901 3547 933 3610 in
959 3546 1184 3612 ecclesiastico
1217 3545 1377 3611 beneficio
1401 3547 1601 3631 competenti
1632 3545 1674 3610 ad
1697 3565 1809 3609 earum

155 3647 364 3715 collationem
389 3655 561 3737 spectante
592 3658 625 3716 et
648 3658 803 3717 consueto
828 3651 958 3716 clericis
984 3652 1186 3717 secularibus
1210 3651 1388 3737 assignari,
1421 3650 1519 3716 certis
1543 3649 1605 3714 sibi
1628 3669 1727 3734 super
1750 3648 1810 3713 hoc

155 3753 389 3818 executoribus
414 3752 593 3840 deputatis:
626 3753 721 3819 dictis
744 3754 912 3819 abbatissa
936 3760 970 3820 et
994 3761 1158 3819 conventu
1183 3754 1372 3820 mandatum
1394 3762 1541 3818 nostrum
1565 3751 1810 3817 transeuntibus

157 3876 235 3922 aure
260 3855 369 3938 surda,
393 3856 493 3922 iidem
509 3865 704 3923 executores
727 3859 899 3924 ecelesiam
924 3857 964 3922 de
980 3858 1110 3939 Ulmon,
1135 3857 1176 3921 ad
1200 3857 1407 3922 collationem
1422 3878 1534 3922 earum
1550 3861 1754 3942 spectantem
1778 3859 1811 3918 et

158 3983 219 4047 que
234 3962 398 4048 assignari
420 3961 548 4027 clericis
568 3963 770 4028 secularibus
793 3963 970 4042 consuevit,
994 3983 1057 4047 que
1074 3969 1190 4047 postea
1207 3983 1343 4027 vacasse
1360 3960 1550 4041 dinoscitur,
1574 3960 1678 4026 eidem
1694 3954 1812 4023 clerico

159 4066 350 4132 auctoritate
373 4067 555 4152 apostolica
578 4067 795 4147 contulerunt,
817 4067 925 4152 ipsum
948 4066 982 4129 in
1006 4067 1209 4151 corporalem
1234 4067 1380 4132 eiusdem
1404 4068 1544 4133 ecclesie
1568 4063 1810 4152 possessionem

158 4167 268 4233 induci
291 4190 352 4255 per
373 4170 437 4235 loci
461 4168 723 4235 archidiaconum
744 4170 916 4234 iacientes.
963 4167 1047 4242 Quia
1070 4169 1217 4255 predicte
1237 4170 1405 4235 abbatissa
1428 4177 1462 4237 et
1479 4175 1657 4236 conventus
1674 4166 1811 4231 Alberto

160 4270 197 4338 do
218 4272 416 4338 Hebesbnrc
441 4275 598 4339 canonico
621 4273 874 4359 Argentinensi,
903 4275 995 4338 euius
1019 4272 1143 4340 frater²
1167 4280 1200 4337 et
1222 4274 1380 4359 patruus³
1403 4279 1436 4339 et
1458 4275 1567 4361 plures
1592 4272 1648 4336 alii
1672 4290 1809 4335 consan-

161 4375 268 4460 guinei
284 4373 323 4441 F.
339 4375 501 4461 qnondam
517 4377 707 4463 imperatori
723 4384 837 4443 contra
853 4377 1027 4441 ecclesiam
1043 4376 1253 4457 adheserunt,
1270 4377 1451 4463 predictam
1467 4377 1642 4444 ecclesiam
1658 4373 1811 4438 dicuntur

161 4484 281 4544 emere
305 4479 500 4560 contulisse,
527 4501 605 4558 nos,
634 4480 720 4569 quod
747 4502 807 4567 per
836 4481 982 4566 prelatos
1006 4485 1200 4546 executores
1232 4499 1332 4564 super
1358 4480 1421 4545 hoc
1443 4479 1579 4568 provide
1602 4478 1724 4543 factum
1748 4484 1809 4554 est,

163 4589 264 4646 ratum
292 4587 327 4647 et
353 4590 483 4668 gratum
512 4582 688 4664 habentes,
719 4583 918 4648 fraternitati
946 4589 1001 4648 tue
1030 4583 1237 4662 mandamus,
1268 4583 1437 4668 quatinus,
1466 4584 1493 4648 si
1517 4591 1567 4647 est
1595 4583 1657 4661 ita,
1689 4580 1809 4644 dictum

163 4683 345 4751 Walterum
367 4686 471 4752 facias
494 4687 599 4773 ipsius
616 4687 753 4752 ecclesie
769 4687 977 4772 possessione
994 4687 1139 4771 gaudere
1164 4723 1203 4732 —
1227 4706 1290 4751 non
1314 4687 1465 4753 obstante
1490 4686 1575 4772 quod
1598 4708 1657 4772 per
1677 4683 1810 4750 easdem

165 4787 358 4855 abbatissam
381 4799 416 4855 et
439 4797 637 4856 conventum
660 4790 700 4856 de
728 4789 816 4854 dicta
839 4791 980 4856 ecelesia
1003 4796 1056 4854 est
1079 4795 1321 4875 presumptum,
1351 4790 1447 4854 nullis
1475 4791 1592 4855 litteris
1620 4789 1749 4853 veritati
1778 4794 1811 4851 et

164 4889 279 4959 institia
295 4892 575 4980 proindicantibus
599 4894 641 4958 ab
658 4894 775 4960 eodem
793 4893 931 4959 Alberto
954 4916 974 4958 a
991 4892 1069 4959 sede
1087 4893 1270 4979 apostolica
1285 4895 1425 4959 veritate
1442 4895 1543 4960 tacita
1560 4892 1742 4979 impetratis
1759 4914 1810 4965 -;

166 4995 414 5063 contradictores
438 5002 500 5062 eto.

266 5117 344 5186 Dat.
366 5117 530 5204 Lugduni,
552 5118 606 5183 ΙΠ
627 5118 712 5185 Non.
737 5120 833 5201 Iunii,
857 5140 941 5183 anno
964 5117 1044 5182 ΙΙΙΙ.

262 5340 289 5410 ⁸)
304 5338 512 5411 Avssmlonensis
528 5343 562 5395 Β.
665 5342 691 5411 a)
709 5344 742 5395 B.
761 5353 785 5396 et
802 5344 861 5406 Sta
879 5345 982 5396 illorum
1000 5344 1031 5395 P.
1136 5345 1159 5410 c)
1177 5345 1237 5396 Iulii
1255 5345 1299 5397 Sb.

263 5460 291 5529 ι)
307 5459 442 5531 naua,
462 5477 478 5515 ι
497 5477 589 5530 qaas
611 5462 735 5517 ameum
759 5461 792 5516 a
810 5461 952 5516 aaran
974 5462 1039 5530 sris,
1063 5463 1159 5529 fraces
1179 5461 1315 5530 meam
1340 5461 1458 5516 meas
1482 5461 1508 5515 ν
1527 5462 1641 5530 erma
1669 5460 1811 5528 saeua.

151 5538 198 5615 ¹)
212 5543 346 5617 aaa·
358 5551 453 5620 m
468 5562 526 5606 m
594 5549 622 5618 a)
641 5548 777 5617 suaa
794 5549 871 5620 (rm
891 5549 993 5619 saa,
1011 5565 1092 5606 mne
1109 5549 1141 5607 a
1158 5549 1322 5620 nomae,
1338 5548 1459 5604 oasa
1477 5549 1562 5604 mee
1572 5547 1811 5619 maecenas.
