4790 6340
966 432 1166 488 seleuchus
1184 433 1374 490 SELEC'PAE.
1411 434 1485 488 1247.
1909 439 1970 501 313

320 607 467 671 Romane
511 606 640 680 devoti,
685 610 739 694 qui
782 609 919 673 obtentu
962 609 1048 674 clare
1093 609 1248 674 memorie
1292 609 1335 673 H.
1371 608 1457 692 regis
1498 609 1718 673 Romanorum
1760 616 1793 673 ct
1832 609 1968 672 aliorum

320 709 633 796 consanguineorum
666 734 795 777 suorum
829 713 1007 798 apostolice
1041 712 1128 778 sedis
1162 713 1305 778 favorem
1341 719 1374 778 et
1408 712 1545 800 gratiam
1581 712 1761 778 dinoscitur
1790 713 1968 789 meruissc;

320 817 574 882 contradictores
599 825 660 882 etc.

422 938 498 1004 Dat.
522 937 684 1026 Lugduni,
701 937 731 1001 V
748 937 821 1004 Kal.
848 938 920 1005 Oet.
945 960 1029 1004 anuo
1046 937 1101 1005 V0.

937 1203 1346 1212 -Μ

1096 1451 1183 1524 431.

254 1605 266 1643 ⁵
424 1561 640 1656 Innocens
662 1590 719 1656 rr
734 1613 820 1672 uua
852 1592 949 1656 esum
981 1591 1126 1670 sunaus,
1153 1595 1188 1654 uc
1213 1591 1377 1670 praescus
1400 1596 1429 1654 a
1450 1592 1575 1656 crenus
1597 1591 1805 1672 Aupusnusis
1831 1591 1968 1667 nmo,

317 1691 519 1778 wicterico]
538 1693 695 1776 quondum
718 1696 898 1774 irriperutcri
920 1699 949 1760 ct
966 1695 1148 1780 O[onrudo]
1161 1698 1237 1759 nate
1258 1695 1325 1760 eins
1347 1695 1558 1774 adhaerentes,
1581 1695 1735 1776 beneficiis
1757 1693 1969 1758 ccdcsicstieis

311 1795 418 1874 privet
439 1817 535 1878 euque
557 1798 671 1862 (uectis
693 1797 844 1883 conferat.
1601 1799 1693 1875 1247,
1717 1795 1801 1881 Sept.
1824 1799 1876 1861 27.

422 1915 484 1968 Inn.
504 1915 555 1970 IV
573 1917 637 1988 ch.
661 1918 715 1972 Vol.
734 1918 759 1986 I,
781 1925 849 1985 463,-
874 1917 934 1972 Lib.
957 1918 987 1985 V,
1005 1925 1059 1972 217.

422 2003 520 2071 seue
536 2009 606 2058 3266.

1047 2132 1238 2207 Eidem.

420 2281 625 2347 Presentium
649 2283 707 2347 tibi
730 2285 924 2349 auctoritate
945 2285 1080 2349 firmiter
1105 2283 1311 2370 precipiendo
1342 2284 1549 2364 mandamus,
1580 2283 1732 2369 quatinus
1761 2283 1904 2368 prelatos
1930 2289 1964 2346 et

318 2385 398 2448 alios
421 2385 559 2450 clericos
583 2385 801 2471 Augustensis
831 2388 991 2468 diocesis,
1019 2388 1073 2473 qui
1105 2386 1139 2452 F.
1164 2387 1327 2472 quondam
1351 2386 1540 2474 imperatori
1563 2387 1614 2450 vel
1649 2385 1685 2451 Ο.
1709 2392 1786 2450 nato
1811 2387 1881 2450 eius
1907 2397 1964 2450 aut

317 2507 429 2552 eorum
464 2488 666 2554 adiutoribus
700 2497 849 2577 prestare
884 2490 1145 2578 presumpserint
1184 2490 1342 2555 auxiiium
1383 2490 1572 2566 manifeste,
1609 2489 1758 2554 omnibus
1796 2489 1964 2554 beneficiis

318 2592 551 2657 ecclesiasticis
585 2595 712 2680 privare
744 2615 900 2679 procures
936 2616 974 2659 ac
1013 2592 1129 2658 eadem
1164 2593 1324 2658 beneficia
1355 2593 1482 2659 devotis
1507 2594 1647 2659 ecclesie
1678 2593 1847 2672 conferas,
1871 2601 1966 2679 prout

244 2713 267 2752 rs
320 2693 439 2759 videris
463 2695 636 2781 expedire;
660 2697 915 2763 contradictores
939 2704 1001 2763 etc.

422 2814 498 2880 Dat.
521 2825 558 2880 ut
580 2838 689 2904 supra.

935 2979 1346 2988 Ἣ

1098 3239 1186 3312 433.

426 3348 638 3443 Innocentius
660 3380 683 3444 1
689 3379 717 3444 V
740 3401 827 3463 pepe
853 3379 982 3444 cundem
1006 3399 1176 3460 procurare
1199 3379 1295 3454 iubet,
1318 3383 1354 3442 ut
1374 3397 1528 3443 successor
1550 3377 1706 3460 quondum
1727 3377 1861 3443 Henrr'ci
1883 3377 1965 3458 repis

21 3557 22 3570 ,
317 3479 530 3544 Rornanorum
546 3483 726 3562 pecuniam,
749 3504 843 3565 quun
865 3483 914 3547 nie
936 3482 1091 3548 nobilibus
1111 3481 1243 3548 Sncoiuc
1264 3504 1286 3546 u
1308 3481 1472 3547 Friderico
1494 3480 1652 3562 qnondam
1672 3481 1858 3562 imperatore
1880 3501 1960 3545 recc-

316 3583 460 3648 dcntibus
478 3585 667 3664 premiserit,
689 3587 802 3650 eudem
819 3586 986 3670 persolvet.
1601 3587 1695 3663 1247,
1718 3583 1801 3666 sept.
1825 3587 1876 3648 27.

241 3722 268 3762 eo

422 3704 486 3758 Inn.
506 3702 554 3756 IV
568 3703 631 3772 Rep.
655 3704 708 3760 Vol.
728 3706 751 3773 L
764 3712 825 3770 463,·
846 3705 905 3763 Ian
924 3707 954 3775 V,
973 3715 1027 3764 218.

421 3790 518 3860 Berpcr
534 3795 607 3845 3267.

1045 3921 1236 3995 Eidem.

423 4069 504 4134 Cum
528 4072 614 4136 clare
636 4071 793 4136 memorie
817 4070 860 4136 H.
877 4092 936 4135 rex
951 4070 1172 4135 Romanorum
1195 4092 1253 4156 pro
1276 4072 1409 4155 negotio
1432 4072 1525 4156 regni
1543 4071 1717 4137 Alamanie
1741 4067 1963 4155 promovendo

320 4174 506 4258 promiserit
528 4173 722 4258 quibusdam
745 4174 911 4239 nobilibus
934 4173 975 4238 de
999 4173 1145 4239 Suevia²
1168 4197 1188 4238 a
1210 4172 1369 4239 fidelitate
1393 4173 1430 4239 F.
1454 4174 1616 4260 quondam
1641 4175 1846 4260 imperatoris
1870 4195 1962 4238 reec-

241 4295 267 4333 es
321 4276 494 4341 dentibus*
516 4284 638 4342 eertum
661 4279 799 4364 pecunie
823 4279 1050 4364 quantitatem,
1073 4277 1273 4362 presentium
1297 4277 1356 4342 tibi
1380 4279 1576 4344 auctoritate
1593 4277 1793 4356 mandamus,
1811 4278 1963 4362 quatinus

319 4402 474 4465 procures
501 4381 673 4466 diligentia
701 4389 872 4464 consueta,
903 4389 939 4446 ut
965 4381 1111 4447 ciusdem
1142 4381 1228 4467 regis
1256 4403 1443 4464 successor,
1467 4383 1495 4447 si
1524 4383 1588 4446 iam
1611 4384 1718 4447 faetus
1743 4389 1793 4446 est
1817 4382 1866 4445 vel
1891 4403 1963 4446 cum

319 4484 388 4563 fiet,
421 4485 545 4550 eisdem
578 4486 761 4565 nobilibus,
795 4485 882 4572 quod
916 4487 994 4572 ipsis
1023 4485 1064 4549 ab
1095 4484 1211 4550 eodem
1241 4506 1319 4570 rege
1346 4486 1542 4571 promissum
1565 4485 1690 4566 extitit,
1721 4484 1791 4550 sine
1816 4484 1964 4571 qualibet

319 4587 514 4653 difficultate
537 4589 712 4674 persolvat,
737 4610 810 4654 cum
833 4590 882 4654 eis
904 4589 1010 4674 magis
1034 4608 1129 4673 quam
1153 4588 1226 4654 aliis
1249 4593 1409 4654 teneatur.

422 4709 498 4774 Dat.
521 4716 557 4773 ut
580 4732 687 4797 supra.

937 4869 1193 4876 --———.
1225 4870 1346 4876 —-----

1096 5131 1184 5204 433.

243 5296 269 5335 so
426 5241 642 5336 Innocentius
674 5271 728 5335 IV
744 5293 832 5352 papa
863 5270 1038 5355 [chrico]
1070 5271 1210 5352 episcopo
1247 5271 1481 5337 Constanticnsi
1512 5270 1657 5348 mundat,
1699 5276 1734 5334 ut
1764 5271 1965 5356 [Huponem]

319 5376 457 5438 comitem
492 5373 529 5438 de
565 5373 769 5458 Monteferti,
812 5375 842 5438 si
877 5375 1041 5440 liuderico
1082 5375 1239 5458 qucnrlum
1274 5376 1457 5458 imperatori
1492 5374 1682 5454 adhaereat,
1722 5376 1848 5462 feudis,
1886 5400 1965 5460 quac

425 5519 502 5524 -.-
544 5519 613 5524 ...-..-
631 5519 694 5524 --.
744 5521 752 5525 .
781 5521 810 5525 ..-
824 5521 839 5525 ...
853 5520 1244 5528 .——-——.-—-.--
1420 5522 1463 5528 --
1480 5523 1665 5530 ...ψ-,η-

422 5606 447 5666 ·)
466 5603 632 5654 redeuntibus
645 5602 677 5652 B.

424 5723 450 5784 l)
471 5719 511 5786 Os.
530 5739 556 5774 n.
569 5727 626 5786 351,
644 5729 702 5788 434,
722 5727 770 5775 439
787 5727 810 5774 ct
828 5721 858 5774 isc
873 5721 969 5790 miricis
988 5729 1044 5777 443.

423 5817 485 5871 linc.
500 5816 580 5870 Pons.
593 5815 627 5870 ΙΙ.
