4328 6232
700 330 901 387 EPIS'I'OLAE
919 331 1109 388 SELECTAE.
1148 332 1222 387 1247.
1732 334 1791 397 281

36 590 39 594 ¹
124 506 249 592 gratiis
272 505 322 570 cis
345 506 387 570 eb
403 506 585 593 apostolica
601 506 680 571 sode
696 506 792 571 factis
816 514 849 572 ct
863 507 1033 573 benefieiis
1051 509 1297 589 ecelesiasticis,
1321 530 1384 593 que
1407 507 1567 586 obtinent,
1592 505 1794 571 reddiderint

118 632 174 675 se
205 609 371 695 indignos:
402 610 478 695 quia
510 610 643 694 dignum
681 617 746 694 est,
781 618 818 674 ut
851 612 996 676 indevoti
1029 611 1070 675 do
1101 634 1160 676 sua
1187 611 1395 676 indevotione
1428 613 1587 675 iacturam
1619 619 1653 675 et
1683 609 1793 674 devoti

121 712 311 778 comodum
342 712 383 777 de
412 733 473 777 sua
496 712 668 778 devotione
693 719 875 800 reportent,
904 714 1111 794 mandamus,
1141 716 1294 800 quet-inus
1324 714 1475 799 indignos
1504 713 1687 778 huiusmodi
1712 735 1791 778 auc·

118 818 269 881 toritate
298 824 412 881 nostra
441 816 554 902 gratiis
585 823 620 882 et
647 818 814 882 beneficiis
845 819 977 905 privans
1006 818 1149 898 eisdem,
1179 841 1219 883 ea
1247 820 1396 905 personis
1425 818 1551 882 idoneis
1589 825 1621 883 et
1652 818 1792 882 ecclesie

47 926 56 962 ⁵
118 919 285 986 Romane
308 919 437 985 devotis
461 919 611 985 conferas
636 927 668 985 ot
692 923 859 1006 assignos;
883 922 1139 987 contradictores
1163 922 1243 987 etc.¹

244 1040 321 1106 Dat.
344 1040 509 1126 Lugduni,
532 1041 568 1106 Π
590 1041 702 1107 Nonae
724 1042 819 1126 Iunii,
844 1066 929 1111 anno
952 1043 1031 1109 1111.

925 1450 1010 1521 38n.

240 1536 458 1631 Innocentius
473 1567 529 1631 IV
542 1589 632 1651 papa
647 1569 828 1654 [Epenoni]
847 1573 985 1654 episeopo
1002 1573 1195 1635 Brieinensi
1217 1573 1361 1649 concedit,
1385 1577 1419 1634 nt
1430 1571 1593 1653 praelatos
1614 1573 1643 1632 et
1666 1569 1792 1632 elericos

131 1668 272 1731 civitatis
301 1673 331 1731 et
357 1669 488 1734 diocesis
515 1692 590 1736 nece
613 1672 778 1737 Friderico
805 1677 961 1755 pendunt
988 1677 1170 1756 irreperetori
1198 1676 1402 1739 adhaerentes
1436 1673 1553 1758 offici-ie
1578 1677 1607 1735 et
1637 1672 1792 1751 beernetieiis

132 1771 237 1849 privet
258 1792 355 1852 euque
376 1771 493 1838 devotis
514 1774 666 1860 conferat.
1456 1780 1550 1853 1247,
1574 1775 1648 1839 Inte.
1674 1776 1704 1837 5.

67 1907 84 1943 o
239 1890 304 1944 nn.
322 1892 371 1946 rr
385 1893 448 1962 roy.
466 1894 520 1949 eor.
539 1896 640 1963 neon·
658 1896 719 1951 nso.
738 1897 789 1964 re,
801 1905 859 1952 eor.

239 1977 340 2047 aem
358 1985 434 2036 eece.

661 2135 699 2151 ..
729 2080 947 2172 episcopo
976 2078 1265 2153 Brixinensi2.

240 2219 294 2285 Ne
317 2223 444 2307 possint
467 2224 572 2311 impii,
605 2250 678 2291 cum
702 2230 940 2309 malefecerint,
972 2231 1118 2315 gloriari,
1142 2229 1345 2315 presentium
1369 2228 1429 2291 tibi
1452 2227 1647 2291 auctoritate
1672 2244 1788 2286 conce-

140 2320 257 2403 dimus,
290 2331 327 2388 ut
349 2327 493 2411 prelatos
528 2338 561 2394 ot
584 2332 719 2396 clericos
743 2337 798 2396 tue
824 2334 965 2397 civitatis
989 2340 1022 2397 ot
1045 2334 1202 2410 diocesis,
1226 2334 1280 2417 qui
1304 2331 1470 2395 Friderico
1495 2329 1660 2416 quondam
1685 2328 1786 2411 impe·

74 2451 90 2487 e
140 2427 237 2491 ratori
254 2429 413 2495 exhibent
433 2440 489 2496 aut
504 2434 708 2499 exhibebunt
724 2436 904 2513 consilium,
922 2438 1078 2499 auxilium
1094 2457 1153 2500 seu
1169 2436 1325 2511 favorem,
1350 2436 1401 2498 vel
1419 2436 1474 2518 qui
1491 2435 1550 2498 tibi
1573 2454 1630 2518 pro
1648 2429 1788 2495 ecclesie

139 2533 268 2615 negotio
292 2537 550 2622 contempserint
572 2538 722 2619 obedire,
755 2539 795 2602 ab
820 2562 932 2604 corum
956 2541 1129 2626 prolatoris
1158 2548 1191 2604 et
1219 2539 1389 2604 boneficiis
1418 2559 1569 2601 amovere
1601 2558 1638 2599 ac
1662 2535 1789 2620 privare

139 2634 251 2698 officiis
282 2636 441 2702 beneficia
475 2640 699 2707 ecclesiastica
734 2665 798 2706 non
833 2643 1008 2722 habentes,
1043 2665 1081 2707 ae
1114 2646 1297 2729 prelaturas
1333 2649 1365 2707 ot
1404 2642 1566 2705 beneficia
1601 2636 1790 2723 supradicta

139 2739 281 2824 personis
309 2740 452 2824 idoneis,
480 2766 542 2830 que
572 2747 604 2810 in
636 2749 775 2813 ecclesie
807 2748 981 2812 devotione
1013 2750 1207 2834 persistunt,
1239 2748 1386 2811 conferre
1411 2747 1512 2810 libore
1537 2745 1663 2822 valeas,
1694 2747 1790 2825 prout

139 2840 257 2906 rideris
281 2845 458 2932 expedire;
482 2849 737 2916 contradictores
762 2858 825 2917 etc.

58 2970 77 3009 ’ν
243 2962 312 3028 Dat
333 2965 496 3052 Lugduni,
519 2968 622 3036 Nonis
645 2970 741 3051 Iunii,
767 2993 851 3036 anno
876 2971 955 3038 IIII.

919 3394 1005 3465 383.

241 3482 457 3582 lamereias
475 3519 533 3583 IV
550 3541 640 3604 parra
673 3523 850 3608 [chrieo]
878 3527 1017 3608 episcopo
1055 3525 1291 3590 Corratantiensi
1319 3522 1467 3600 coneedit,
1500 3525 1536 3584 nt
1566 3518 1727 3599 nuspistris
1760 3518 1789 3578 et

134 3618 293 3702 fratribus
318 3618 512 3704 Hospitalie,
541 3623 650 3690 donetis
685 3625 920 3692 Teutonicoreon
948 3632 977 3692 et
1005 3630 1117 3694 Serricli
1140 3629 1282 3712 Spiritus
1309 3627 1437 3690 diocesis
1464 3645 1540 3688 enee
1569 3621 1720 3697 inludent,
1749 3639 1788 3681 tw

138 3724 413 3789 excommunicatos
433 3730 463 3790 et
484 3727 665 3795 interdictos
686 3732 908 3796 ecclesiasticae
930 3733 1060 3796 tractent
1083 3735 1271 3817 sepeulturae.
1456 3732 1549 3805 1247,
1572 3726 1646 3790 Iun.
1671 3725 1700 3787 5.

237 3842 300 3897 en.
320 3842 372 3897 ru
386 3844 448 3914 aa.
473 3847 529 3901 eor.
549 3850 572 3917 r,
591 3857 658 3915 eoo·
675 3851 736 3906 rto.
755 3852 806 3916 re,
827 3859 879 3907 esa.

16 3904 32 3944 '⁵
235 3927 335 3999 Beryae
351 3937 425 3987 2281.

621 4069 661 4086 ..
689 4014 903 4105 episcopo
937 4014 1308 4088 Constantiensi³.

240 4155 314 4222 Tua
337 4157 432 4222 nobis
454 4159 642 4226 fraternitas
667 4163 837 4242 intimavit,
862 4165 948 4249 quod
971 4164 1165 4250 hospitalisb
1189 4163 1293 4227 sancti
1311 4162 1464 4226 Iohannis
1489 4167 1521 4225 et
1544 4161 1658 4225 domus
1674 4157 1787 4221 'l'heu-

139 4259 315 4325 tonicorum
339 4282 377 4325 ac
401 4261 513 4327 Sancti
535 4263 676 4351 Spiritus
699 4268 847 4351 magistri
872 4275 905 4332 et
929 4268 1045 4332 fratres
1069 4275 1124 4332 tue
1149 4268 1288 4332 diocesis
1306 4267 1603 4331 excommunicatos
1628 4270 1661 4327 ot
1685 4265 1785 4325 inter·

140 4361 238 4428 dictos
262 4364 506 4450 privilegiorum
535 4389 665 4433 suorum
694 4373 906 4449 auctoritate,
942 4394 1005 4436 non
1030 4372 1236 4436 attendentes
1260 4377 1417 4456 quantum
1446 4389 1488 4431 ex
1511 4368 1570 4432 hoo
1597 4364 1787 4430 detrahatur

141 4467 275 4531 ecclesie
309 4469 459 4552 negotio,
489 4482 697 4558 presumunt,
728 4496 801 4537 cum
829 4474 1011 4555 decedunt,
1037 4476 1260 4540 ecclesiastice
1285 4473 1416 4538 tradere
1440 4473 1621 4559 sepulture;
1654 4475 1787 4554 propter

140 4567 219 4653 quod
242 4570 454 4636 interdictum
477 4595 497 4637 a
520 4576 685 4661 plerisque
710 4579 953 4663 contempnitur
983 4586 1016 4643 et
1039 4579 1145 4643 eidem
1170 4578 1301 4662 negotio
1325 4599 1388 4641 non
1412 4575 1574 4640 modicum
1598 4573 1785 4656 derogatur.

141 4671 297 4746 Quocirca
328 4673 525 4742 fraternitati
560 4684 615 4743 tuo
655 4681 858 4765 presentium
890 4683 1085 4746 auctoritate
1123 4680 1352 4759 concedimus,
1384 4687 1419 4743 ut
1454 4678 1578 4743 eisdem
1615 4675 1787 4759 religiosis,

140 4775 269 4840 instanti
293 4777 433 4843 ecclesie
458 4780 643 4845 turbatione
666 4782 814 4863 duranto,
839 4785 1026 4849 huiusmodi
1050 4787 1236 4870 sepulturas
1260 4783 1458 4847 interdicere
1482 4789 1515 4846 ot
1539 4780 1695 4845 cohibere
1719 4798 1785 4856 oos,

141 4879 220 4962 quod
249 4879 290 4944 de
313 4886 421 4946 cetero
444 4883 563 4948 similia
584 4905 649 4948 non
672 4893 885 4972 attemptent,
916 4910 976 4974 per
1000 4888 1365 4967 excommunicationis,
1395 4885 1619 4970 suspensionis
1645 4889 1677 4946 ct
1701 4882 1784 4944 alias

25 4985 65 5025 δ’·
143 4986 319 5050 sententias
342 4985 446 5053 libere
471 4989 594 5069 valeas,
618 4998 715 5075 prout
738 4992 845 5056 eidem
869 4993 1001 5078 negotio
1024 4991 1146 5056 videris
1171 4990 1327 5077 expedire
1338 4991 1361 5069 ³,
1390 5011 1455 5054 non
1479 4987 1685 5052 obstantibus
1709 4992 1787 5050 eto.⁰

241 5104 320 5173 Dat.
343 5107 505 5193 Lugduni,
527 5109 629 5175 Nonis
652 5111 749 5188 Iunii,
772 5135 856 5177 anuo
880 5112 960 5178 IIII.

237 5335 261 5394 ὓ)
279 5334 369 5387 Eidem
387 5334 433 5394 Rc
452 5337 577 5389 meede
593 5357 620 5390 n.
637 5343 699 5392 388.
804 5340 829 5407 b)
848 5343 973 5410 hospitale
992 5343 1023 5393 P.
1031 5342 1062 5394 B.
1167 5339 1191 5405 0)
1209 5349 1237 5392 ut
1254 5341 1282 5392 in
1298 5357 1324 5391 n
1342 5341 1400 5390 388.

239 5451 266 5517 l)
285 5447 429 5516 Funera,
446 5451 497 5504 snb
513 5467 570 5520 grec
587 5451 655 5506 ilem
670 5454 724 5519 fere
746 5454 904 5508 nmndatnm
923 5456 1030 5523 senine
1051 5455 1144 5509 meent
1164 5464 1201 5512 eet
1231 5457 1275 5526 [cf.
1294 5474 1321 5510 n.
1340 5463 1393 5511 204
1411 5454 1469 5521 HI,
1488 5460 1545 5519 246,
1561 5458 1611 5507 303
1631 5450 1682 5504 XI
1686 5449 1731 5520 VJ,
1751 5449 1788 5503 ad

144 5528 204 5588 lex
219 5536 356 5604 epicum
372 5537 537 5591 mmndcm
560 5539 681 5594 odleebito
702 5558 758 5594 nore
780 5548 824 5595 est.
862 5542 899 5608 Cf.
919 5542 997 5596 etiem
1014 5560 1042 5595 n.
1060 5549 1118 5598 308.
1228 5546 1255 5612 2)
1275 5543 1318 5597 Dc
1335 5543 1421 5597 coelem
1438 5541 1470 5607 es.
1489 5557 1516 5592 n.
1536 5547 1591 5593 293.
1699 5539 1727 5605 3)
1747 5536 1786 5602 Of.

69 5603 104 5645 ⁸
146 5632 171 5674 a
182 5625 230 5677 tae
245 5622 284 5677 ΙΙ
293 5626 319 5679 ά
334 5620 397 5677 m.

244 5706 310 5765 saa
326 5706 414 5765 eon.
431 5708 467 5765 u
1549 5715 1584 5770 36
