4328 6232
833 363 1035 422 suffiuouau
1053 364 1244 422 subucula.
1280 365 1356 424 uta
1867 371 1927 432 1¹5

267 544 373 630 ipsius
396 540 492 606 nobis
515 544 684 604 constaret
707 537 849 619 iuribus,
871 540 973 604 ullam
996 539 1108 621 iidem,
1140 560 1214 605 cum
1240 539 1327 605 idem
1357 562 1467 606 comes
1491 540 1572 606 illud
1594 541 1801 607 revocaverit
1823 548 1926 607 testa-

268 653 416 712 mentum
441 652 474 711 et
496 643 678 709 decesserit
700 643 831 729 penitus
853 644 1041 709 intestatus.
1086 644 1140 709 Ad
1163 643 1230 709 ista
1252 644 1366 729 igitur,
1394 645 1472 710 licet
1495 643 1634 710 dilectus
1658 645 1745 710 filius
1768 646 1927 731 magister

270 750 482 830 Laurentius,
507 747 641 813 nuntius
658 755 746 828 tuus,
769 746 857 834 apud
874 747 988 814 sedem
1004 747 1218 834 apostolicam
1235 750 1441 829 constitutus,
1465 748 1520 835 qui
1536 748 1712 834 superbiis
1728 755 1762 814 et
1777 749 1926 836 pluribus

269 856 354 935 aliis,
377 852 420 918 de
442 850 709 937 contingentibus
733 852 778 916 nil
793 853 958 933 omittens,
981 852 1126 939 pulsavit
1141 852 1252 938 sepius
1268 873 1366 917 aures
1381 859 1521 934 nostras,
1545 853 1760 918 intentionem
1777 858 1925 919 nostram

269 966 304 1025 et
331 979 396 1045 que
425 958 491 1022 ianr
516 956 656 1021 lecimus
685 957 774 1021 circa
806 977 848 1021 ea
869 957 1039 1022 serenitati
1063 963 1118 1023 tue
1141 958 1286 1043 potuerit
1316 956 1503 1040 intimasse,
1535 957 1644 1023 taliter
1675 957 1926 1045 respondemus,

269 1062 358 1150 quod
380 1082 454 1127 cum
477 1082 521 1127 ex
544 1065 700 1151 suscepto
715 1080 735 1124 a
749 1058 893 1125 Domino
909 1060 1090 1146 apostolice
1113 1060 1415 1125 amministrationis
1432 1061 1540 1127 officio
1556 1068 1728 1127 teneamur
1743 1061 1925 1142 universos,

225 1232 228 1236 ,
269 1166 326 1251 qui
354 1164 543 1230 Christiana
574 1164 777 1250 professione
807 1172 1001 1245 censentur,
1031 1166 1064 1230 in
1093 1187 1206 1231 eorum
1240 1166 1363 1230 iuribus
1394 1166 1583 1245 confovere,
1616 1171 1738 1252 quanto
1770 1172 1862 1230 tuam
1892 1170 1926 1231 et

269 1267 392 1355 prefati
413 1268 462 1334 tui
489 1269 639 1354 germani
666 1288 841 1354 personas,
871 1274 1026 1354 tanquam
1055 1269 1149 1334 nobis
1177 1276 1212 1334 et
1240 1269 1380 1334 ecclesie
1403 1268 1552 1334 Romane
1581 1269 1720 1356 speciali
1749 1269 1924 1335 allectione

269 1371 419 1452 devotas,
441 1372 569 1458 plenius
592 1373 625 1437 in
643 1371 780 1438 Christo
804 1370 981 1458 diligimus,
1005 1377 1094 1437 tanto
1118 1371 1275 1438 libentius
1299 1393 1348 1455 ea,
1373 1394 1436 1459 que
1459 1372 1500 1438 ad
1523 1372 1574 1437 ius
1601 1380 1694 1438 tuum
1719 1379 1753 1438 et
1775 1372 1924 1438 eiusdem

270 1476 383 1541 fratris
405 1476 452 1541 tui
475 1475 639 1563 pertinere
664 1483 852 1558 noscuntur,
876 1477 972 1541 illesa
989 1497 1121 1542 servare
1138 1498 1202 1541 non
1218 1478 1292 1563 plus
1308 1498 1350 1542 ex
1367 1477 1480 1544 debito
1496 1476 1725 1543 sollicitudinis
1749 1475 1925 1563 pastoralis

268 1600 367 1665 quam
395 1581 564 1667 proposito
594 1581 723 1668 proprie
752 1580 928 1646 voluntatis
958 1579 1157 1646 intendimus
1188 1587 1223 1646 st
1251 1587 1412 1668 optamus.
1457 1580 1511 1646 Ad
1540 1580 1723 1646 faciendam
1746 1601 1824 1645 vero
1848 1602 1924 1666 pro·

269 1683 464 1750 bibitionem
493 1685 645 1772 superius
675 1691 865 1751 annotatam
892 1685 979 1750 iusta
1008 1684 1249 1752 deliberatione
1285 1687 1412 1750 consilii
1442 1686 1483 1751 ad
1513 1707 1652 1773 presens
1686 1706 1751 1750 non
1784 1683 1925 1749 vidimus

269 1785 525 1873 procedendum,
547 1809 606 1875 pro
630 1809 670 1854 eo
693 1788 781 1875 quod
804 1810 863 1875 pro
886 1795 979 1875 parte
1002 1795 1060 1853 tua
1082 1795 1117 1854 et
1139 1789 1257 1875 prelati
1278 1789 1387 1853 fratris
1410 1791 1457 1854 tui
1479 1810 1542 1854 non
1567 1789 1750 1876 comparuit
1764 1789 1925 1853 hactenus

269 1891 389 1976 aliquis
411 1910 522 1955 coram
545 1892 651 1974 nobis,
673 1893 730 1979 qui
752 1913 851 1979 super
872 1895 943 1958 iure
966 1892 1148 1980 prescripto
1165 1914 1185 1957 a
1200 1894 1294 1958 nobis
1318 1894 1352 1959 in
1374 1895 1479 1959 formo
1499 1893 1612 1959 iudicii
1633 1893 1792 1958 iustitiam
1810 1899 1924 1979 postu-

214 2016 223 2049 ··
270 1994 363 2075 leret,
392 1995 470 2080 quin
493 1995 581 2059 inmo
604 1996 742 2082 predicti
764 1996 802 2061 B.
827 2002 861 2062 et
883 1997 934 2077 R,
964 1996 1053 2082 quod
1076 1995 1255 2062 secundum
1279 1999 1416 2063 formam
1440 1998 1530 2063 illam
1552 1997 1733 2084 procedere
1761 1997 1794 2062 in
1821 1997 1924 2083 ipsius
2000 2009 2002 2015 '

201 3054 222 3092 ‘a

223 4619 241 4657 u

223 5328 240 5367 lt

268 2097 348 2161 iuris
374 2100 608 2184 prosecutione
637 2100 809 2181 nolebant,
840 2101 872 2165 in
903 2106 1015 2165 nostra
1044 2099 1137 2167 fuere
1165 2102 1333 2187 presentia
1360 2103 1548 2187 protestati,
1583 2108 1617 2167 et
1645 2122 1720 2167 cunr
1751 2121 1923 2166 causarum

269 2201 387 2265 merita
408 2202 551 2288 partium
574 2203 757 2269 assertione
786 2204 985 2291 pandantur,
1016 2204 1056 2270 de
1085 2205 1157 2270 iure
1187 2206 1243 2270 illo
1270 2206 1443 2292 quicquam
1471 2207 1554 2272 certi
1585 2206 1793 2293 nequivimus
1816 2203 1924 2269 adbuc

269 2304 369 2378 saire;
391 2305 464 2370 aelo
487 2313 597 2371 tamen
621 2314 759 2393 paterne
776 2307 961 2374 dilectionis
978 2309 1092 2390 illecti,
1115 2330 1180 2395 qua
1202 2316 1294 2374 tuum
1310 2316 1346 2374 et
1367 2311 1589 2396 proximorum
1613 2315 1742 2374 tuorum
1765 2309 1923 2374 bonorem

269 2428 461 2494 promovere
484 2411 634 2497 cupimus
658 2417 693 2476 et
714 2419 943 2498 augmentum,
968 2434 1081 2498 regem
1103 2413 1302 2479 Francorum
1327 2420 1361 2479 et
1384 2413 1538 2479 Carolum
1567 2413 1746 2501 prelibatus
1769 2412 1923 2499 precibus

199 2558 208 2570 .
267 2520 302 2576 et
323 2512 457 2579 monitis
479 2515 637 2580 abentius
661 2522 695 2580 et
709 2513 899 2600 diligentius
922 2515 1127 2598 inducemus,
1149 2523 1186 2582 ut
1209 2517 1390 2583 animarum
1414 2538 1546 2583 suarum
1570 2516 1669 2582 saluti
1691 2515 1826 2603 provide
1846 2536 1922 2580 con·

266 2617 428 2698 solentes,
453 2619 535 2702 iura,
557 2640 621 2705 que
644 2619 686 2684 ad
709 2625 801 2684 tuam
823 2626 858 2686 et
879 2620 1019 2706 predicti
1042 2621 1151 2688 fratris
1175 2622 1223 2686 tui
1244 2643 1377 2702 uxores,
1402 2623 1548 2708 ipsorum
1572 2625 1739 2706 cognatas,
1763 2620 1796 2683 in
1820 2619 1922 2683 comi·

267 2728 337 2784 tatu
360 2722 527 2807 pertinent
549 2722 755 2808 supradicto,
785 2724 833 2789 eis
863 2722 1017 2805 studeant
1044 2724 1225 2790 liberaliter
1247 2724 1417 2790 exhibere.
1463 2722 1635 2803 Oetemm,
1663 2722 1749 2809 qnod
1776 2721 1838 2786 iuri
1866 2727 1923 2785 tuo

267 2829 302 2887 et
330 2825 552 2911 prenominati
582 2827 693 2892 fratris
724 2825 770 2891 tui
798 2849 860 2913 per
888 2826 1171 2914 dispensationem
1201 2830 1415 2916 prescriptam
1439 2829 1472 2893 in
1502 2830 1611 2915 aliquo
1635 2827 1826 2913 derogetur,
1857 2846 1922 2889 non

268 2925 410 2992 vidimus
440 2948 502 2994 nec
530 2928 694 3010 videmus,
729 2950 791 2996 nec
819 2929 948 2995 videtur
978 2931 1076 2996 etiam
1107 2932 1205 2996 alicui
1234 2953 1314 2997 sane
1347 2931 1483 3011 mentis,
1518 2952 1701 3017 quanquam
1738 2931 1923 2996 incentores

268 3032 439 3113 malornm,
462 3032 563 3098 emuli
585 3033 732 3098 veritatis
753 3040 788 3100 et
809 3033 964 3100 falsitatis
987 3036 1094 3117 amici,
1118 3058 1182 3101 non
1197 3056 1374 3122 munquam
1390 3036 1573 3122 depravare
1596 3040 1790 3122 presumant
1811 3039 1922 3098 rectos

266 3136 406 3201 allectus
428 3157 467 3201 ac
489 3136 597 3202 licitas
612 3137 769 3205 actiones.
814 3137 858 3203 ldt
873 3138 1017 3226 quidem,
1040 3142 1187 3226 quamvis
1204 3161 1278 3205 cum
1295 3139 1444 3226 predicto
1462 3139 1589 3216 Oarolo,
1612 3145 1650 3202 ut
1670 3138 1767 3203 alicui
1784 3137 1923 3217 mulieri,

265 3260 330 3326 que
353 3239 388 3303 in
411 3246 528 3325 quarta
550 3241 638 3306 linea
660 3243 954 3328 consanguinitatis
971 3244 1022 3309 vel
1044 3243 1214 3309 affinitatis
1237 3244 1393 3308 attineret
1416 3242 1533 3320 eidem,
1557 3248 1671 3328 posset
1694 3240 1919 3305 matrimonia·

267 3343 342 3408 liter
365 3342 523 3430 copulari,
546 3343 758 3409 duxerimus·
780 3345 1048 3432 dispensandum,
1071 3347 1181 3411 illamb
1203 3352 1324 3427 tamen,
1349 3366 1422 3411 cum
1443 3367 1508 3432 qua
1528 3345 1693 3410 contraxit
1716 3343 1921 3431 postmodum

268 3448 418 3534 copulam
441 3448 660 3533 coniugalem,
684 3450 735 3514 vel
758 3451 858 3516 aliam
881 3452 1052 3516 mulierem
1076 3452 1109 3516 in
1126 3449 1381 3537 dispensationis
1405 3456 1514 3514 nostre
1537 3448 1659 3535 pagina
1674 3468 1740 3512 non
1757 3448 1921 3534 expressi·

270 3571 340 3615 mus
364 3550 572 3625 nominatim;
604 3574 665 3618 nec
696 3552 807 3619 decuit
828 3552 1010 3619 Romanam
1033 3556 1209 3621 ecclesiam
1232 3554 1302 3619 viro
1325 3562 1392 3619 tam
1415 3553 1517 3619 nobili
1540 3554 1581 3618 de
1605 3553 1707 3639 stirpe
1730 3553 1823 3637 regia
1846 3574 1922 3638 pro·

270 3661 379 3721 creato
401 3656 666 3745 ‚dispensationis
702 3659 734 3723 in
767 3659 881 3723 ultimo
915 3659 1032 3723 saltem
1066 3659 1297 3746 prohibitionis
1331 3658 1611 3724 matrimoniorum
1645 3654 1749 3743 gradu
1784 3656 1922 3741 gratiam

269 3757 444 3844 denegare,
467 3780 565 3846 quam
587 3761 766 3827 minoribus
790 3785 920 3850 quoque
943 3765 1089 3850 personis
1113 3764 1285 3829 consuevit
1312 3761 1476 3827 interdum
1504 3761 1537 3825 in
1568 3760 1792 3848 propinquiori
1823 3760 1923 3825 etiam

270 3861 451 3948 indulgere.
496 3864 707 3932 Testamento
731 3875 852 3948 autem,
876 3866 962 3953 quod
986 3866 1194 3953 supradictus
1217 3866 1390 3931 Provincia
1414 3886 1525 3931 comes
1548 3865 1707 3931 asseritur
1730 3863 1923 3946 condidisse,

272 3986 329 4032 nec
352 3967 517 4035 credimus
541 3992 602 4037 neo
625 3971 804 4054 credemus,
828 3972 892 4038 nisi
909 3977 1071 4059 quatenus
1087 3971 1181 4037 uobis
1197 3970 1325 4036 iustitia
1347 3968 1509 4035 suadebit.
1554 3968 1608 4033 Ex
1623 3967 1686 4033 biis
1703 3968 1813 4053 itaque
1832 3969 1922 4055 puri-

273 4074 370 4136 tatem
395 4070 503 4137 cordis
526 4075 631 4140 nostri
653 4082 687 4141 et
713 4075 935 4142 sinceritatem
959 4074 1144 4142 dilectionis
1168 4073 1362 4154 adtendens,
1385 4074 1418 4137 in
1435 4071 1609 4138 devotione
1626 4070 1714 4137 sedis
1730 4071 1922 4158 apostolico,

272 4173 382 4240 matris
404 4180 474 4258 tue,
496 4197 559 4265 que
582 4177 640 4244 tibi
662 4201 701 4243 ac
725 4181 789 4245 tuis
812 4181 844 4244 in
866 4180 1009 4267 negotiis
1032 4179 1197 4246 universis
1221 4177 1401 4244 seeundum
1424 4177 1533 4242 Deum
1557 4176 1668 4243 extitit
1691 4182 1723 4240 et
1747 4196 1821 4240 esse
1845 4196 1920 4261 pro·

272 4279 357 4364 pouit
379 4277 572 4345 favorabilis
597 4287 630 4347 et
651 4282 804 4370 benigna,
834 4290 1001 4369 tamquam
1024 4283 1109 4348 filius
1135 4282 1329 4348 benedictus
1350 4283 1543 4346 inconcusse
1567 4281 1736 4367 persistas,
1767 4285 1801 4342 et
1824 4279 1922 4343 nullis

273 4378 594 4468 interpretationibus
622 4392 679 4450 aut
709 4386 975 4472 suggestionibus
1004 4387 1203 4472 iniquorum,
1236 4388 1291 4472 qui
1321 4386 1366 4452 tui
1397 4384 1498 4450 animi
1529 4383 1714 4450 firmitatem
1744 4404 1766 4448 a
1792 4381 1922 4448 lervoro

274 4482 452 4550 devotionis
476 4487 577 4573 ipsius
601 4496 752 4555 avertere
776 4491 964 4571 moliuntur,
988 4491 1194 4576 aliquatenus
1216 4489 1420 4576 acquiescas.

376 4607 454 4674 Dat
476 4607 640 4694 Lugduni,
663 4608 739 4676 Kal.
763 4610 884 4693 Martii,
908 4634 994 4679 anno
1019 4613 1115 4677 tertio
1128 4613 1149 4676 ¹.

374 4728 414 4795 In
436 4728 578 4795 eundem
600 4729 734 4796 modum
756 4732 858 4799 nobili
880 4734 952 4799 viro
968 4733 1009 4801 R.
1026 4733 1137 4799 comiti
1155 4732 1322 4799 Oornubio
1345 4754 1404 4819 pcr
1424 4737 1539 4812 toturn,
1562 4729 1672 4795 verbis
1695 4737 1924 4817 competenter

277 4832 413 4900 mutatis.

1574 4996 1816 5004 ———-——---.-

370 5111 395 5180 ι)
413 5111 537 5165 sumus
554 5112 592 5165 rr.
680 5113 707 5179 b)
725 5114 770 5166 na
788 5113 826 5165 u.

370 5246 397 5311 l)
414 5264 441 5300 o.
461 5254 532 5313 1240,
550 5248 634 5302 Mart
652 5256 669 5303 θ
688 5249 836 5303 Bactricrm
860 5249 1020 5303 comitissam
1039 5250 1204 5318 Provinciae,
1229 5252 1346 5306 relictum
1365 5249 1526 5320 Roymundi
1546 5247 1703 5318 Bermpnrs'i
1720 5247 1771 5315 IV,
1796 5248 1845 5301 aab
1858 5264 1922 5317 pro

277 5334 376 5386 mione
392 5348 447 5386 soa
463 5333 573 5403 temler
590 5335 687 5404 Bamr
704 5342 773 5404 1739,
794 5343 872 5402 rasa·
888 5336 922 5402 cf.
941 5342 1011 5391 1741.
