4784 6334
859 395 1059 462 maioma
1077 397 1273 464 attactas.
1310 405 1384 466 lli&
1879 409 1941 484 373

298 568 539 643 confirmatione
568 573 658 644 sedis
687 575 865 666 apostolico
895 600 954 646 seu
982 600 1185 669 quacumque
1208 582 1360 652 firmitate
1386 586 1452 652 alia
1473 583 1638 672 roborato,
1661 597 1718 656 aut
1739 589 1942 678 indulgentia

297 681 462 766 aliquibus
485 682 567 747 forte
599 682 641 746 ab
669 683 850 767 apostolica
876 683 956 749 sede
980 705 1153 767 concessa,
1177 688 1263 773 quod
1287 709 1352 753 uon
1375 693 1551 755 tencantur
1573 693 1614 757 ad
1638 695 1859 780 receptionem
1883 719 1940 762 seu

296 785 515 871 provisionem
544 786 682 852 alicuius
709 807 770 874 per
796 788 920 852 litteras
951 789 1164 875 apostolicas,
1188 812 1251 876 que
1280 790 1319 855 dc
1343 793 1415 878 ipsa
1437 793 1640 879 indulgentia
1662 818 1852 885 expressam
1875 822 1940 867 non

297 888 445 955 lacerent
474 890 672 957 mentionem
694 914 752 966 -;
782 891 1037 959 contradictores
1062 899 1123 959 etc.
1151 933 1193 944 -
1220 916 1285 959 uon
1315 895 1468 961 obstante
1491 899 1721 965 constitutione
1749 901 1790 968 de
1813 904 1940 969 duabus

296 991 392 1058 dictis
416 1000 478 1060 etc.

402 1112 479 1180 Dat.
503 1113 667 1200 Lugduni,
690 1113 772 1181 Non.
797 1114 932 1202 Aprilis,
956 1135 1041 1180 auno
1056 1115 1111 1180 V⁰.

914 1377 979 1384 ιυ--
991 1378 1316 1385 ———.-...

1072 1641 1159 1716 533.

397 1755 614 1850 Innocentius
639 1782 661 1847 1
668 1781 698 1845 V
720 1803 809 1863 papa
841 1783 1031 1850 Gnoltcroni
1063 1784 1212 1848 canonico
1246 1781 1434 1850 Pisinicnsi
1471 1786 1615 1866 rnandat,
1651 1792 1687 1852 nt
1723 1787 1867 1855 Salmcni
1902 1791 1939 1854 dc

291 1885 423 1964 Ficcclc,
444 1907 466 1950 a
487 1886 611 1949 nuntiis
631 1885 826 1970 Fanestri]
847 1885 1003 1968 qnondam
1025 1887 1223 1967 imperatoris
1245 1887 1387 1952 omnibns
1410 1889 1498 1954 bonis
1519 1891 1587 1953 anis
1607 1892 1748 1972 spoliato,
1769 1892 1806 1955 in
1827 1893 1939 1958 diocesi

291 1989 424 2054 Lacona
441 1990 621 2070 procidam,
643 2009 712 2054 nrm
733 1988 814 2052 idern
836 2009 875 2052 ca
891 1989 1126 2072 provisionibus
1147 2012 1167 2053 a
1190 1989 1388 2075 R[ayncrio]
1407 1991 1543 2056 Sanctae
1563 1992 1694 2058 Mariae
1717 1996 1752 2058 in
1776 1995 1936 2060 Oosmidin

292 2092 423 2156 diacono
445 2090 605 2158 cardinali
630 2092 667 2156 in
695 2091 846 2156 Prclcnai
873 2097 903 2156 ct
927 2093 1114 2179 G[rcporic]
1140 2095 1177 2158 cic
1199 2094 1400 2176 Manteionpo
1421 2095 1624 2176 subdiacono,
1650 2099 1938 2182 apostolicaesedis

292 2198 419 2279 nanis,
441 2196 477 2259 in
499 2197 684 2262 Fauentina
704 2197 841 2261 ecclesiis
863 2197 925 2261 aiii
941 2195 1042 2282 factis
1067 2202 1199 2282 propter
1229 2198 1436 2263 turbationem
1469 2200 1620 2265 instantis
1648 2203 1793 2286 temporis
1813 2202 1937 2266 nnllam

290 2299 479 2364 commodam
499 2302 659 2364 assecutas
680 2300 732 2364 sn.
1601 2307 1694 2384 1248,
1715 2305 1795 2388 Apr.
1820 2308 1850 2371 6.

396 2419 478 2558 19Ζῶ
473 2418 521 2472 IV
536 2418 599 2487 ch.
619 2418 674 2472 Vol.
687 2420 710 2482 L
725 2425 784 2486 ⁶2⁰3
800 2418 862 2474 Lib.
879 2418 909 2488 V,
928 2425 981 2475 738.
1017 2420 1171 2488 Enanplar,
1191 2420 1263 2489 qnod
1280 2421 1378 2490 Bayer
1399 2421 1488 2490 aildit,
1506 2437 1565 2476 arm
1585 2423 1700 2492 Repertis
1716 2425 1829 2479 contidit
1846 2425 1875 2479 V.
1895 2425 1936 2480 Ol.

293 2505 323 2559 ⁰·
342 2504 373 2558 ‘¹‘
392 2504 496 2661 in

704 2668 967 2742 Gualieroni
993 2669 1223 2742 canonico
1249 2670 1532 2746 Pistoriensi.

391 2818 444 2884 Ad
467 2819 686 2907 provisionem
709 2818 836 2883 illorum
859 2839 920 2883 nos
941 2817 1047 2882 teneri
1070 2817 1237 2902 potissime
1261 2818 1465 2900 arbitramur,
1488 2819 1543 2903 qui
1565 2839 1623 2904 pro
1647 2819 1710 2883 fide
1734 2841 1772 2884 ac
1797 2823 1933 2886 ecclesi-

289 2923 393 2988 astica
414 2923 567 2988 libertate
592 2921 759 2988 servandis
783 2921 1025 2986 ammissionem
1048 2920 1208 2985 bonorum
1224 2921 1450 3008 temporalium
1466 2922 1683 2987 incurrerunt.
1729 2922 1811 2989 Cum
1834 2926 1935 3010 igitur

288 3026 428 3092 dilectus
450 3027 536 3092 filius
560 3025 694 3091 Salmon
717 3026 759 3091 de
782 3025 934 3091 Ficeclo²
955 3026 1090 3090 Lucane
1113 3024 1265 3106 diocesis,
1288 3046 1415 3112 pauper
1437 3026 1584 3106 clericus,
1607 3047 1666 3112 pro
1689 3027 1848 3092 servanda
1871 3027 1934 3093 fide

290 3151 328 3196 ac
360 3129 587 3196 ecclesiastica
621 3127 770 3194 libertate
804 3150 865 3195 nec
899 3150 965 3194 non
999 3134 1031 3193 et
1066 3129 1232 3215 obsequiis
1266 3128 1423 3216 impensis
1456 3129 1596 3194 ecclesis
1624 3129 1772 3196 Romana
1808 3131 1933 3197 deuotis

289 3254 309 3298 a
330 3235 453 3299 nuntiis
476 3232 514 3301 F.
538 3231 702 3320 quondam
724 3233 931 3320 imperatoris
955 3234 1113 3320 spoliatus
1137 3235 1187 3314 sit,
1212 3240 1249 3298 ut
1271 3235 1400 3314 asserit,
1423 3233 1572 3299 omnibus
1595 3234 1690 3299 bonis
1713 3236 1790 3316 suis,
1815 3241 1848 3300 et
1869 3256 1934 3300 non

287 3338 409 3405 habeat
438 3339 650 3418 beneficium,
678 3337 720 3404 de
750 3359 814 3423 quo
836 3339 948 3403 valeat
971 3337 1128 3402 comode·
1150 3339 1345 3419 sustentari,
1368 3359 1446 3418 nos,
1479 3339 1509 3402 ei
1532 3339 1671 3424 gratiam
1692 3337 1802 3404 facere
1825 3341 1933 3405 inten-

288 3441 417 3525 dentes,
452 3442 661 3524 mandamus,
699 3442 852 3528 quatinus
885 3441 1118 3528 personatumb
1141 3461 1200 3506 scu
1234 3442 1459 3528 plebanatum,
1494 3463 1591 3528 quem
1619 3443 1722 3529 primo
1750 3443 1783 3506 iu
1812 3441 1933 3507 diocesi

288 3545 422 3611 Lucana
449 3553 622 3612 vacantem
650 3544 783 3611 duxerit
808 3544 1061 3632 acceptandum,
1089 3545 1151 3610 sibi
1183 3547 1375 3612 auctoritate
1397 3551 1511 3612 nostra
1541 3545 1692 3611 conferas
1720 3552 1754 3611 et
1782 3547 1932 3631 assignes

290 3689 331 3698 -
354 3671 418 3716 non
441 3650 612 3716 obstantc⁰
634 3650 720 3736 quod
748 3650 888 3716 dilectus
918 3649 1003 3716 filius
1031 3655 1145 3715 noster
1166 3649 1205 3715 R.
1252 3649 1372 3716 Sancte
1395 3651 1499 3715 Mario
1531 3650 1564 3714 in
1589 3648 1755 3714 Oosmidin
1777 3648 1932 3714 diaconus

288 3755 484 3821 cardinalis²
507 3757 540 3820 in
563 3753 745 3836 Pratcnsi³,
770 3760 803 3819 ct
826 3754 964 3820 dilectus
988 3755 1073 3819 tilius
1097 3753 1136 3822 G.
1160 3753 1202 3819 do
1226 3755 1439 3841 Montelongo
1469 3754 1686 3819 subdiaconus
1721 3759 1754 3818 et
1787 3753 1932 3818 notarius

287 3866 408 3940 noster,
431 3859 610 3946 apostolice
633 3857 720 3924 sedis
743 3859 856 3943 legati,
879 3860 912 3923 in
935 3858 1137 3924 Fauentina⁴
1160 3859 1308 3924 ecclesiis
1331 3881 1430 3946 super
1452 3860 1554 3947 ipsius
1577 3858 1767 3945 receptione
1791 3858 1931 3943 scripse·

287 3969 375 4044 runt,
404 3965 484 4030 licet
516 3963 716 4050 impediente
751 3963 939 4028 turbatione
966 3961 1119 4027 instantis
1148 3962 1304 4048 temporis
1335 3963 1461 4027 nullum
1484 3963 1525 4026 sit
1548 3984 1590 4026 ex
1614 3960 1791 4027 eorundem
1814 3961 1931 4025 litteris

288 4067 488 4132 commodum
511 4074 698 4148 assecutus,
730 4073 788 4130 aut
822 4067 849 4131 si
879 4066 912 4130 in
945 4067 1034 4147 loco,
1056 4066 1089 4129 in
1113 4086 1176 4150 quo
1200 4066 1232 4130 ci
1255 4065 1448 4150 provideris,
1473 4065 1652 4131 direximus
1676 4067 1797 4152 scripta
1819 4072 1932 4129 nostra

208 4195 235 4233 aa
288 4191 347 4256 pro
376 4169 465 4251 aliis,
494 4169 612 4256 quibus
636 4176 698 4238 etc.
725 4190 844 4255 usque:
869 4171 1036 4255 generari,
1060 4189 1119 4234 scu
1141 4169 1250 4254 aliqua
1272 4169 1375 4255 ipsius
1400 4169 1489 4235 sedis
1512 4169 1729 4255 indulgentia,
1752 4188 1931 4255 perquam

285 4273 390 4361 possit
412 4273 570 4338 retardari
593 4273 730 4338 effectus
753 4280 866 4338 nostre
888 4274 993 4358 gratie
1016 4273 1068 4339 rel
1092 4272 1191 4337 etiam
1214 4272 1364 4358 impediri
1388 4297 1447 4348 —;
1470 4272 1727 4338 contradictores
1751 4276 1813 4337 etc.

388 4395 464 4462 Dat.
485 4393 647 4480 Lugduni,
663 4392 747 4459 VIII
770 4395 819 4459 Id.
844 4392 925 4480 Apr.
951 4413 1036 4458 anno
1052 4391 1108 4458 V0.

902 4652 1312 4662 ψ-

1066 4900 1152 4976 534.

388 5014 607 5109 Innocentius
628 5041 684 5107 IV
697 5063 789 5124 papa
811 5039 940 5128 Hatra]
962 5041 1075 5109 Sancti
1098 5041 1227 5124 Gccrpii
1247 5040 1291 5106 aci
1317 5040 1422 5106 Vcinm
1443 5043 1585 5107 Anrcnm
1611 5039 1741 5107 diacono
1762 5040 1929 5120 cardinali,

280 5146 573 5229 apostolicaesedis
595 5146 702 5229 bocio,
723 5145 768 5210 ad
783 5165 892 5228 preces
912 5145 1106 5232 W[ilbclma]
1128 5147 1211 5228 rapis
1234 5143 1450 5211 Romanorum
1472 5146 1644 5224 committit,
1671 5149 1706 5210 nt
1727 5149 1798 5210 cota
1819 5146 1929 5210 Frisc

203 5427 230 5467 ³⁵
387 5409 411 5474 ⁸)
429 5411 514 5462 valcat
531 5409 593 5460 aaa
611 5409 643 5460 R.
661 5410 760 5462 denam.
863 5408 889 5475 b)
908 5417 1089 5478 personatuum
1109 5409 1141 5460 R.
1245 5407 1269 5477 ⁰)
1286 5427 1322 5461 aa
1341 5427 1392 5462 non
1409 5411 1474 5461 obst.
1493 5428 1526 5452 =
1544 5407 1791 5460 nonobstantibus?

387 5529 414 5598 1)
434 5527 577 5583 Farcaccbio
589 5545 675 5598 propa
692 5530 800 5584 Annam
816 5531 853 5598 fl,
871 5547 885 5584 c
900 5545 965 5586 mer.
984 5534 1007 5584 ct
1027 5545 1066 5585 cr.
1084 5529 1131 5583 cic.
1150 5529 1286 5584 Inccnnac.
1390 5528 1418 5595 ἓ)
1438 5526 1481 5580 Dc
1496 5526 1545 5580 boc
1562 5527 1597 5592 cs.
1614 5542 1642 5579 n.
1664 5532 1723 5580 630.
1843 5525 1870 5592 3)
1887 5524 1930 5578 Dc

281 5615 327 5669 cic.
348 5613 481 5683 manus
499 5631 532 5668 cc
549 5621 611 5686 sept.
630 5621 655 5670 ct
672 5632 720 5670 occ.
739 5618 787 5673 cic.
806 5617 995 5684 Florentinoc,
1013 5617 1046 5682 os.
1065 5615 1290 5684 Bitian-Fictor,
1308 5616 1326 5670 l.
1343 5630 1364 5668 c.
1382 5619 1454 5668 3671.
1490 5613 1530 5680 Of.
1548 5613 1626 5667 ciican
1642 5628 1670 5665 n.
1682 5619 1737 5666 529.
1840 5612 1868 5680 4)
1888 5611 1928 5678 br.

278 5718 308 5770 p.
325 5707 379 5770 371,
396 5707 452 5756 nol.
469 5709 493 5758 3.
