<?xml version="1.0" encoding="UTF-8"?>
<!DOCTYPE html PUBLIC "-//W3C//DTD XHTML 1.0 Transitional//EN"
    "http://www.w3.org/TR/xhtml1/DTD/xhtml1-transitional.dtd">
<html xmlns="http://www.w3.org/1999/xhtml" xml:lang="en" lang="en">
 <head>
  <title>
</title>
<meta http-equiv="Content-Type" content="text/html;charset=utf-8" />
  <meta name='ocr-system' content='tesseract 3.04.00' />
  <meta name='ocr-capabilities' content='ocr_page ocr_carea ocr_par ocr_line ocrx_word'/>
</head>
<body>
  <div class='ocr_page' id='page_1' title='image "./monumentagerman00popegoog_0169.png"; bbox 0 0 4328 6232; ppageno 0'>
   <div class='ocr_carea' id='block_1_1' title="bbox 375 348 1471 419">
    <p class='ocr_par' dir='ltr' id='par_1_1' title="bbox 375 348 1471 419">
     <span class='ocr_line' id='line_1_1' title="bbox 375 348 1471 419; baseline -0.013 -2"><span class='ocrx_word' id='word_1_1' title='bbox 375 358 435 419; x_wconf 76' lang='lat'>144</span> <span class='ocrx_word' id='word_1_2' title='bbox 930 350 977 406; x_wconf 81' lang='lat' dir='ltr'>EX</span> <span class='ocrx_word' id='word_1_3' title='bbox 996 349 1215 406; x_wconf 73' lang='lat' dir='ltr'>mucosum]</span> <span class='ocrx_word' id='word_1_4' title='bbox 1233 350 1272 405; x_wconf 87' lang='lat' dir='ltr'>IV</span> <span class='ocrx_word' id='word_1_5' title='bbox 1290 348 1471 406; x_wconf 73' lang='lat' dir='ltr'>nucffirso</span> 
     </span>
    </p>
   </div>
   <div class='ocr_carea' id='block_1_2' title="bbox 370 521 2113 1940">
    <p class='ocr_par' dir='ltr' id='par_1_2' title="bbox 370 521 2110 1233">
     <span class='ocr_line' id='line_1_2' title="bbox 372 521 2029 610; baseline -0.002 -21"><span class='ocrx_word' id='word_1_6' title='bbox 372 530 482 589; x_wconf 89' lang='lat' dir='ltr'>nostro</span> <span class='ocrx_word' id='word_1_7' title='bbox 505 524 702 610; x_wconf 80' lang='lat' dir='ltr'>procedere,</span> <span class='ocrx_word' id='word_1_8' title='bbox 729 523 940 603; x_wconf 79' lang='lat' dir='ltr'>mandamus,</span> <span class='ocrx_word' id='word_1_9' title='bbox 969 523 1121 610; x_wconf 82' lang='lat' dir='ltr'><strong>quatinus</strong></span> <span class='ocrx_word' id='word_1_10' title='bbox 1145 545 1244 609; x_wconf 91' lang='lat' dir='ltr'>super</span> <span class='ocrx_word' id='word_1_11' title='bbox 1267 523 1437 609; x_wconf 81' lang='lat' dir='ltr'>premissis</span> <span class='ocrx_word' id='word_1_12' title='bbox 1462 529 1496 588; x_wconf 90' lang='lat' dir='ltr'>ct</span> <span class='ocrx_word' id='word_1_13' title='bbox 1517 543 1617 609; x_wconf 91' lang='lat' dir='ltr'>super</span> <span class='ocrx_word' id='word_1_14' title='bbox 1647 544 1702 604; x_wconf 90' lang='lat' dir='ltr'>oo,</span> <span class='ocrx_word' id='word_1_15' title='bbox 1733 521 1818 608; x_wconf 90' lang='lat' dir='ltr'>quod</span> <span class='ocrx_word' id='word_1_16' title='bbox 1846 522 1917 608; x_wconf 89' lang='lat' dir='ltr'>ipse</span> <span class='ocrx_word' id='word_1_17' title='bbox 1938 521 2029 586; x_wconf 89' lang='lat' dir='ltr'>dicto</span> 
     </span>
     <span class='ocr_line' id='line_1_3' title="bbox 370 610 2029 715; baseline -0.003 -22"><span class='ocrx_word' id='word_1_18' title='bbox 370 628 551 708; x_wconf 79' lang='lat' dir='ltr'>Fridorico,</span> <span class='ocrx_word' id='word_1_19' title='bbox 573 635 746 715; x_wconf 79' lang='lat' dir='ltr'>postquam</span> <span class='ocrx_word' id='word_1_20' title='bbox 769 628 830 692; x_wconf 87' lang='lat' dir='ltr'>fuit</span> <span class='ocrx_word' id='word_1_21' title='bbox 845 627 1019 693; x_wconf 88' lang='lat' dir='ltr'>innodatus</span> <span class='ocrx_word' id='word_1_22' title='bbox 1036 628 1383 693; x_wconf 76' lang='lat' dir='ltr'>excommunicationis</span> <span class='ocrx_word' id='word_1_23' title='bbox 1397 610 1581 705; x_wconf 75' lang='lat' dir='ltr'>sententia,</span> <span class='ocrx_word' id='word_1_24' title='bbox 1604 626 1788 712; x_wconf 76' lang='lat' dir='ltr'>prestitisse</span> <span class='ocrx_word' id='word_1_25' title='bbox 1803 624 1926 690; x_wconf 90' lang='lat' dir='ltr'>dicitur</span> <span class='ocrx_word' id='word_1_26' title='bbox 1949 646 2029 689; x_wconf 91' lang='lat' dir='ltr'>con-</span> 
     </span>
     <span class='ocr_line' id='line_1_4' title="bbox 372 728 2029 823; baseline -0.004 -26"><span class='ocrx_word' id='word_1_27' title='bbox 372 733 495 812; x_wconf 92' lang='lat' dir='ltr'>silium,</span> <span class='ocrx_word' id='word_1_28' title='bbox 526 733 684 797; x_wconf 84' lang='lat' dir='ltr'>auxilium</span> <span class='ocrx_word' id='word_1_29' title='bbox 709 739 742 797; x_wconf 90' lang='lat' dir='ltr'>et</span> <span class='ocrx_word' id='word_1_30' title='bbox 763 733 942 813; x_wconf 83' lang='lat' dir='ltr'>savorem¹,</span> <span class='ocrx_word' id='word_1_31' title='bbox 971 755 1033 797; x_wconf 91' lang='lat' dir='ltr'>nec</span> <span class='ocrx_word' id='word_1_32' title='bbox 1063 754 1128 797; x_wconf 93' lang='lat' dir='ltr'>non</span> <span class='ocrx_word' id='word_1_33' title='bbox 1158 733 1198 798; x_wconf 94' lang='lat' dir='ltr'>de</span> <span class='ocrx_word' id='word_1_34' title='bbox 1221 733 1289 798; x_wconf 91' lang='lat' dir='ltr'>vita</span> <span class='ocrx_word' id='word_1_35' title='bbox 1319 739 1352 798; x_wconf 89' lang='lat' dir='ltr'>et</span> <span class='ocrx_word' id='word_1_36' title='bbox 1380 733 1506 823; x_wconf 88' lang='lat' dir='ltr'>meritis</span> <span class='ocrx_word' id='word_1_37' title='bbox 1536 732 1607 796; x_wconf 92' lang='lat' dir='ltr'>eius</span> <span class='ocrx_word' id='word_1_38' title='bbox 1635 730 1806 816; x_wconf 91' lang='lat' dir='ltr'>inquiratis</span> <span class='ocrx_word' id='word_1_39' title='bbox 1836 728 2029 814; x_wconf 88' lang='lat' dir='ltr'>diligentius</span> 
     </span>
     <span class='ocr_line' id='line_1_5' title="bbox 371 833 2029 922; baseline -0.002 -24"><span class='ocrx_word' id='word_1_40' title='bbox 371 837 559 915; x_wconf 86' lang='lat' dir='ltr'>veritatem,</span> <span class='ocrx_word' id='word_1_41' title='bbox 595 843 629 900; x_wconf 90' lang='lat' dir='ltr'>et</span> <span class='ocrx_word' id='word_1_42' title='bbox 663 858 726 921; x_wconf 94' lang='lat' dir='ltr'>que</span> <span class='ocrx_word' id='word_1_43' title='bbox 757 837 948 901; x_wconf 91' lang='lat' dir='ltr'>inveneritis</span> <span class='ocrx_word' id='word_1_44' title='bbox 983 836 1124 902; x_wconf 89' lang='lat' dir='ltr'>fideliter</span> <span class='ocrx_word' id='word_1_45' title='bbox 1152 836 1286 902; x_wconf 86' lang='lat' dir='ltr'>redacta</span> <span class='ocrx_word' id='word_1_46' title='bbox 1312 837 1345 900; x_wconf 91' lang='lat' dir='ltr'>in</span> <span class='ocrx_word' id='word_1_47' title='bbox 1377 837 1506 922; x_wconf 91' lang='lat' dir='ltr'>scriptis</span> <span class='ocrx_word' id='word_1_48' title='bbox 1541 836 1634 901; x_wconf 91' lang='lat' dir='ltr'>nobis</span> <span class='ocrx_word' id='word_1_49' title='bbox 1669 833 1730 899; x_wconf 92' lang='lat' dir='ltr'>sub</span> <span class='ocrx_word' id='word_1_50' title='bbox 1761 833 1877 918; x_wconf 90' lang='lat' dir='ltr'>sigillis</span> <span class='ocrx_word' id='word_1_51' title='bbox 1908 833 2029 896; x_wconf 87' lang='lat' dir='ltr'>vestris</span> 
     </span>
     <span class='ocr_line' id='line_1_6' title="bbox 372 936 2110 1026; baseline -0.003 -22"><span class='ocrx_word' id='word_1_52' title='bbox 372 940 561 1025; x_wconf 81' lang='lat' dir='ltr'>quantotius</span> <span class='ocrx_word' id='word_1_53' title='bbox 598 961 657 1025; x_wconf 88' lang='lat' dir='ltr'>per</span> <span class='ocrx_word' id='word_1_54' title='bbox 694 938 825 1004; x_wconf 86' lang='lat' dir='ltr'>fidelem</span> <span class='ocrx_word' id='word_1_55' title='bbox 863 940 1010 1004; x_wconf 91' lang='lat' dir='ltr'>nuntium</span> <span class='ocrx_word' id='word_1_56' title='bbox 1046 940 1292 1020; x_wconf 87' lang='lat' dir='ltr'>transmittatis,</span> <span class='ocrx_word' id='word_1_57' title='bbox 1331 940 1522 1026; x_wconf 88' lang='lat' dir='ltr'>prefigendo</span> <span class='ocrx_word' id='word_1_58' title='bbox 1561 939 1668 1006; x_wconf 91' lang='lat' dir='ltr'>eidem</span> <span class='ocrx_word' id='word_1_59' title='bbox 1706 938 1814 1003; x_wconf 87' lang='lat' dir='ltr'>electo</span> <span class='ocrx_word' id='word_1_60' title='bbox 1849 936 2028 1000; x_wconf 87' lang='lat' dir='ltr'>terminum</span> <span class='ocrx_word' id='word_1_61' title='bbox 2100 960 2110 989; x_wconf 91' lang='lat'>.·.</span> 
     </span>
     <span class='ocr_line' id='line_1_7' title="bbox 371 1042 2030 1130; baseline -0.002 -23"><span class='ocrx_word' id='word_1_62' title='bbox 371 1042 629 1129; x_wconf 91' lang='lat' dir='ltr'>peremptorium</span> <span class='ocrx_word' id='word_1_63' title='bbox 659 1049 912 1128; x_wconf 79' lang='lat' dir='ltr'>competentem,</span> <span class='ocrx_word' id='word_1_64' title='bbox 946 1064 1008 1128; x_wconf 94' lang='lat' dir='ltr'>quo</span> <span class='ocrx_word' id='word_1_65' title='bbox 1040 1051 1152 1108; x_wconf 89' lang='lat' dir='ltr'>nostro</span> <span class='ocrx_word' id='word_1_66' title='bbox 1184 1065 1219 1108; x_wconf 91' lang='lat' dir='ltr'>se</span> <span class='ocrx_word' id='word_1_67' title='bbox 1253 1044 1443 1130; x_wconf 91' lang='lat' dir='ltr'>conspectui</span> <span class='ocrx_word' id='word_1_68' title='bbox 1470 1043 1690 1130; x_wconf 87' lang='lat' dir='ltr'>personaliter</span> <span class='ocrx_word' id='word_1_69' title='bbox 1712 1045 1939 1127; x_wconf 83' lang='lat' dir='ltr'>representet,</span> <span class='ocrx_word' id='word_1_70' title='bbox 1970 1061 2030 1125; x_wconf 92' lang='lat' dir='ltr'>pro</span> 
     </span>
     <span class='ocr_line' id='line_1_8' title="bbox 371 1143 2031 1233; baseline -0.001 -24"><span class='ocrx_word' id='word_1_71' title='bbox 371 1147 497 1211; x_wconf 90' lang='lat' dir='ltr'>meritis</span> <span class='ocrx_word' id='word_1_72' title='bbox 514 1152 715 1232; x_wconf 90' lang='lat' dir='ltr'>recepturus,</span> <span class='ocrx_word' id='word_1_73' title='bbox 731 1146 930 1211; x_wconf 85' lang='lat' dir='ltr'>alienatione</span> <span class='ocrx_word' id='word_1_74' title='bbox 946 1146 1107 1210; x_wconf 88' lang='lat' dir='ltr'>bonomm</span> <span class='ocrx_word' id='word_1_75' title='bbox 1124 1147 1262 1212; x_wconf 87' lang='lat' dir='ltr'>ecclesie</span> <span class='ocrx_word' id='word_1_76' title='bbox 1276 1146 1481 1212; x_wconf 86' lang='lat' dir='ltr'>Brixinensis</span> <span class='ocrx_word' id='word_1_77' title='bbox 1498 1147 1626 1233; x_wconf 87' lang='lat' dir='ltr'>prefato</span> <span class='ocrx_word' id='word_1_78' title='bbox 1640 1146 1756 1224; x_wconf 90' lang='lat' dir='ltr'>electo,</span> <span class='ocrx_word' id='word_1_79' title='bbox 1773 1164 1846 1208; x_wconf 89' lang='lat' dir='ltr'>cum</span> <span class='ocrx_word' id='word_1_80' title='bbox 1864 1143 2031 1208; x_wconf 88' lang='lat' dir='ltr'>habeatur</span> 
     </span>
    </p>

    <p class='ocr_par' dir='ltr' id='par_1_3' title="bbox 372 1247 2113 1940">
     <span class='ocr_line' id='line_1_9' title="bbox 372 1247 2032 1336; baseline -0.002 -20"><span class='ocrx_word' id='word_1_81' title='bbox 372 1251 413 1316; x_wconf 94' lang='lat' dir='ltr'>de</span> <span class='ocrx_word' id='word_1_82' title='bbox 437 1249 672 1336; x_wconf 89' lang='lat' dir='ltr'>dilapidatione</span> <span class='ocrx_word' id='word_1_83' title='bbox 696 1256 883 1335; x_wconf 91' lang='lat' dir='ltr'>suspectus,</span> <span class='ocrx_word' id='word_1_84' title='bbox 907 1251 1037 1315; x_wconf 88' lang='lat' dir='ltr'>interim</span> <span class='ocrx_word' id='word_1_85' title='bbox 1060 1250 1245 1315; x_wconf 88' lang='lat' dir='ltr'>interdicta.</span> <span class='ocrx_word' id='word_1_86' title='bbox 1292 1250 1328 1315; x_wconf 84' lang='lat' dir='ltr'>Si</span> <span class='ocrx_word' id='word_1_87' title='bbox 1350 1272 1428 1316; x_wconf 92' lang='lat' dir='ltr'>voro</span> <span class='ocrx_word' id='word_1_88' title='bbox 1452 1250 1641 1336; x_wconf 86' lang='lat' dir='ltr'>sepedictus</span> <span class='ocrx_word' id='word_1_89' title='bbox 1664 1250 1806 1326; x_wconf 92' lang='lat' dir='ltr'>electus,</span> <span class='ocrx_word' id='word_1_90' title='bbox 1836 1247 1945 1312; x_wconf 89' lang='lat' dir='ltr'>anime</span> <span class='ocrx_word' id='word_1_91' title='bbox 1971 1268 2032 1312; x_wconf 90' lang='lat' dir='ltr'>suc</span> 
     </span>
     <span class='ocr_line' id='line_1_10' title="bbox 374 1350 2030 1440; baseline -0.002 -21"><span class='ocrx_word' id='word_1_92' title='bbox 374 1355 472 1419; x_wconf 89' lang='lat' dir='ltr'>saluti</span> <span class='ocrx_word' id='word_1_93' title='bbox 496 1360 529 1418; x_wconf 89' lang='lat' dir='ltr'>et</span> <span class='ocrx_word' id='word_1_94' title='bbox 552 1354 668 1419; x_wconf 91' lang='lat' dir='ltr'>honori</span> <span class='ocrx_word' id='word_1_95' title='bbox 691 1353 823 1440; x_wconf 89' lang='lat' dir='ltr'>provide</span> <span class='ocrx_word' id='word_1_96' title='bbox 848 1355 1034 1432; x_wconf 88' lang='lat' dir='ltr'>consulens,</span> <span class='ocrx_word' id='word_1_97' title='bbox 1058 1354 1279 1440; x_wconf 88' lang='lat' dir='ltr'>inquisitionis</span> <span class='ocrx_word' id='word_1_98' title='bbox 1303 1353 1490 1419; x_wconf 90' lang='lat' dir='ltr'>incondium</span> <span class='ocrx_word' id='word_1_99' title='bbox 1513 1352 1685 1438; x_wconf 81' lang='lat' dir='ltr'>prevenire</span> <span class='ocrx_word' id='word_1_100' title='bbox 1701 1350 1843 1416; x_wconf 89' lang='lat' dir='ltr'>voluerit</span> <span class='ocrx_word' id='word_1_101' title='bbox 1865 1350 2030 1415; x_wconf 88' lang='lat' dir='ltr'>cessione.</span> 
     </span>
     <span class='ocr_line' id='line_1_11' title="bbox 373 1453 2113 1544; baseline -0.002 -22"><span class='ocrx_word' id='word_1_102' title='bbox 373 1480 447 1538; x_wconf 86' lang='lat' dir='ltr'>vos,</span> <span class='ocrx_word' id='word_1_103' title='bbox 475 1458 670 1523; x_wconf 89' lang='lat' dir='ltr'>auctoritate</span> <span class='ocrx_word' id='word_1_104' title='bbox 701 1464 812 1522; x_wconf 92' lang='lat' dir='ltr'>nostra</span> <span class='ocrx_word' id='word_1_105' title='bbox 839 1458 944 1542; x_wconf 92' lang='lat' dir='ltr'>ipsius</span> <span class='ocrx_word' id='word_1_106' title='bbox 974 1457 1123 1522; x_wconf 88' lang='lat' dir='ltr'>cessione</span> <span class='ocrx_word' id='word_1_107' title='bbox 1147 1465 1295 1544; x_wconf 87' lang='lat' dir='ltr'>recepta,</span> <span class='ocrx_word' id='word_1_108' title='bbox 1326 1457 1367 1523; x_wconf 89' lang='lat' dir='ltr'>dc</span> <span class='ocrx_word' id='word_1_109' title='bbox 1397 1458 1456 1522; x_wconf 87' lang='lat' dir='ltr'>tali</span> <span class='ocrx_word' id='word_1_110' title='bbox 1484 1476 1628 1542; x_wconf 89' lang='lat' dir='ltr'>persona</span> <span class='ocrx_word' id='word_1_111' title='bbox 1655 1453 1855 1542; x_wconf 82' lang='lat' dir='ltr'>provideatis</span> <span class='ocrx_word' id='word_1_112' title='bbox 1885 1453 2029 1518; x_wconf 84' lang='lat' dir='ltr'>ecclesie</span> <span class='ocrx_word' id='word_1_113' title='bbox 2099 1480 2113 1507; x_wconf 71' lang='grc' dir='ltr'>ιι</span> 
     </span>
     <span class='ocr_line' id='line_1_12' title="bbox 374 1556 2030 1646; baseline -0.004 -21"><span class='ocrx_word' id='word_1_114' title='bbox 374 1560 554 1638; x_wconf 83' lang='lat' dir='ltr'>antedicte,</span> <span class='ocrx_word' id='word_1_115' title='bbox 588 1582 647 1646; x_wconf 98' lang='lat' dir='ltr'>per</span> <span class='ocrx_word' id='word_1_116' title='bbox 674 1581 772 1646; x_wconf 91' lang='lat' dir='ltr'>quarn</span> <span class='ocrx_word' id='word_1_117' title='bbox 800 1560 968 1625; x_wconf 88' lang='lat' dir='ltr'>auferatur</span> <span class='ocrx_word' id='word_1_118' title='bbox 1001 1561 1159 1646; x_wconf 90' lang='lat' dir='ltr'>temporis</span> <span class='ocrx_word' id='word_1_119' title='bbox 1189 1561 1316 1626; x_wconf 89' lang='lat' dir='ltr'>iactura</span> <span class='ocrx_word' id='word_1_120' title='bbox 1344 1560 1493 1646; x_wconf 90' lang='lat' dir='ltr'>preteriti</span> <span class='ocrx_word' id='word_1_121' title='bbox 1523 1566 1557 1624; x_wconf 93' lang='lat' dir='ltr'>et</span> <span class='ocrx_word' id='word_1_122' title='bbox 1585 1559 1688 1624; x_wconf 87' lang='lat' dir='ltr'>futuri</span> <span class='ocrx_word' id='word_1_123' title='bbox 1714 1556 1926 1623; x_wconf 88' lang='lat' dir='ltr'>commoditas</span> <span class='ocrx_word' id='word_1_124' title='bbox 1951 1577 2030 1620; x_wconf 92' lang='lat' dir='ltr'>con-</span> 
     </span>
     <span class='ocr_line' id='line_1_13' title="bbox 373 1660 2031 1749; baseline -0.002 -22"><span class='ocrx_word' id='word_1_125' title='bbox 373 1664 507 1737; x_wconf 84' lang='lat' dir='ltr'>feratur,</span> <span class='ocrx_word' id='word_1_126' title='bbox 531 1663 668 1749; x_wconf 92' lang='lat' dir='ltr'>ipsaque</span> <span class='ocrx_word' id='word_1_127' title='bbox 692 1663 786 1728; x_wconf 91' lang='lat' dir='ltr'>nobis</span> <span class='ocrx_word' id='word_1_128' title='bbox 810 1672 843 1730; x_wconf 89' lang='lat' dir='ltr'>et</span> <span class='ocrx_word' id='word_1_129' title='bbox 866 1665 1006 1729; x_wconf 89' lang='lat' dir='ltr'>ecclesie</span> <span class='ocrx_word' id='word_1_130' title='bbox 1028 1664 1177 1728; x_wconf 88' lang='lat' dir='ltr'>Romane</span> <span class='ocrx_word' id='word_1_131' title='bbox 1202 1663 1375 1729; x_wconf 84' lang='lat' dir='ltr'>manifeste</span> <span class='ocrx_word' id='word_1_132' title='bbox 1400 1663 1509 1729; x_wconf 90' lang='lat' dir='ltr'>fidelis</span> <span class='ocrx_word' id='word_1_133' title='bbox 1534 1663 1577 1728; x_wconf 92' lang='lat' dir='ltr'>sit</span> <span class='ocrx_word' id='word_1_134' title='bbox 1599 1669 1634 1728; x_wconf 92' lang='lat' dir='ltr'>ot</span> <span class='ocrx_word' id='word_1_135' title='bbox 1655 1662 1788 1742; x_wconf 87' lang='lat' dir='ltr'>devota,</span> <span class='ocrx_word' id='word_1_136' title='bbox 1811 1661 1965 1725; x_wconf 88' lang='lat' dir='ltr'>invocato</span> <span class='ocrx_word' id='word_1_137' title='bbox 1989 1660 2031 1723; x_wconf 90' lang='lat' dir='ltr'>ad</span> 
     </span>
     <span class='ocr_line' id='line_1_14' title="bbox 373 1762 2030 1847; baseline -0.003 -16"><span class='ocrx_word' id='word_1_138' title='bbox 373 1767 450 1846; x_wconf 92' lang='lat' dir='ltr'>hoe,</span> <span class='ocrx_word' id='word_1_139' title='bbox 485 1769 513 1831; x_wconf 92' lang='lat' dir='ltr'>si</span> <span class='ocrx_word' id='word_1_140' title='bbox 544 1788 682 1833; x_wconf 90' lang='lat' dir='ltr'>neccsse</span> <span class='ocrx_word' id='word_1_141' title='bbox 716 1768 831 1847; x_wconf 89' lang='lat' dir='ltr'>fuerit,</span> <span class='ocrx_word' id='word_1_142' title='bbox 862 1766 985 1833; x_wconf 78' lang='lat' dir='ltr'>auxilio</span> <span class='ocrx_word' id='word_1_143' title='bbox 1013 1768 1140 1833; x_wconf 91' lang='lat' dir='ltr'>brachii</span> <span class='ocrx_word' id='word_1_144' title='bbox 1170 1768 1342 1841; x_wconf 89' lang='lat' dir='ltr'>secularis;</span> <span class='ocrx_word' id='word_1_145' title='bbox 1379 1766 1637 1833; x_wconf 88' lang='lat' dir='ltr'>contradictores</span> <span class='ocrx_word' id='word_1_146' title='bbox 1665 1769 1727 1831; x_wconf 89' lang='lat' dir='ltr'>etc.</span> <span class='ocrx_word' id='word_1_147' title='bbox 1780 1762 1876 1837; x_wconf 86' lang='lat' dir='ltr'>Quod</span> <span class='ocrx_word' id='word_1_148' title='bbox 1905 1763 1933 1827; x_wconf 91' lang='lat' dir='ltr'>si</span> <span class='ocrx_word' id='word_1_149' title='bbox 1965 1784 2030 1827; x_wconf 89' lang='lat' dir='ltr'>non</span> 
     </span>
     <span class='ocr_line' id='line_1_15' title="bbox 374 1868 926 1940; baseline 0.005 -7"><span class='ocrx_word' id='word_1_150' title='bbox 374 1892 487 1936; x_wconf 88' lang='lat' dir='ltr'>omnes</span> <span class='ocrx_word' id='word_1_151' title='bbox 511 1877 586 1940; x_wconf 87' lang='lat' dir='ltr'>ete..</span> <span class='ocrx_word' id='word_1_152' title='bbox 611 1868 675 1933; x_wconf 94' lang='lat' dir='ltr'>duo</span> <span class='ocrx_word' id='word_1_153' title='bbox 698 1875 841 1934; x_wconf 90' lang='lat' dir='ltr'>vostrum</span> <span class='ocrx_word' id='word_1_154' title='bbox 865 1878 926 1937; x_wconf 87' lang='lat' dir='ltr'>otc.</span> 
     </span>
    </p>
   </div>
   <div class='ocr_carea' id='block_1_3' title="bbox 480 1989 1251 2075">
    <p class='ocr_par' dir='ltr' id='par_1_4' title="bbox 480 1989 1251 2075">
     <span class='ocr_line' id='line_1_16' title="bbox 480 1989 1251 2075; baseline 0 -21"><span class='ocrx_word' id='word_1_155' title='bbox 480 1989 557 2055; x_wconf 90' lang='lat' dir='ltr'>Dat.</span> <span class='ocrx_word' id='word_1_156' title='bbox 580 1989 742 2075; x_wconf 84' lang='lat' dir='ltr'>Lugduni,</span> <span class='ocrx_word' id='word_1_157' title='bbox 766 1989 801 2054; x_wconf 95' lang='lat' dir='ltr'>II</span> <span class='ocrx_word' id='word_1_158' title='bbox 823 1991 936 2057; x_wconf 91' lang='lat' dir='ltr'>Nonas</span> <span class='ocrx_word' id='word_1_159' title='bbox 959 1991 1055 2071; x_wconf 87' lang='lat' dir='ltr'>Iunii,</span> <span class='ocrx_word' id='word_1_160' title='bbox 1079 2012 1165 2056; x_wconf 89' lang='lat' dir='ltr'>anno</span> <span class='ocrx_word' id='word_1_161' title='bbox 1189 1989 1251 2055; x_wconf 89' lang='lat' dir='ltr'>III.</span> 
     </span>
    </p>
   </div>
   <div class='ocr_carea' id='block_1_4' title="bbox 994 2236 1407 2247">
    <p class='ocr_par' dir='ltr' id='par_1_5' title="bbox 994 2236 1407 2247">
     <span class='ocr_line' id='line_1_17' title="bbox 994 2236 1407 2247; baseline 0.002 -2"><span class='ocrx_word' id='word_1_162' title='bbox 994 2236 1407 2247; x_wconf 67' lang='lat'>—-————</span> 
     </span>
    </p>
   </div>
   <div class='ocr_carea' id='block_1_5' title="bbox 376 2573 2033 2992">
    <p class='ocr_par' dir='ltr' id='par_1_6' title="bbox 376 2573 2033 2992">
     <span class='ocr_line' id='line_1_18' title="bbox 480 2573 2033 2687; baseline -0.002 -23"><span class='ocrx_word' id='word_1_163' title='bbox 480 2573 698 2666; x_wconf 77' lang='lat' dir='ltr'>Irrrroccutius</span> <span class='ocrx_word' id='word_1_164' title='bbox 711 2601 769 2665; x_wconf 88' lang='lat' dir='ltr'>IV</span> <span class='ocrx_word' id='word_1_165' title='bbox 773 2622 864 2680; x_wconf 72' lang='lat' dir='ltr'>perpe</span> <span class='ocrx_word' id='word_1_166' title='bbox 875 2601 1056 2684; x_wconf 78' lang='lat' dir='ltr'>[Sipcfrr&#39;do</span> <span class='ocrx_word' id='word_1_167' title='bbox 1071 2601 1150 2687; x_wconf 90' lang='lat' dir='ltr'><em>III]</em></span> <span class='ocrx_word' id='word_1_168' title='bbox 1163 2604 1393 2687; x_wconf 72' lang='lat' dir='ltr'>crclriqrisccpo</span> <span class='ocrx_word' id='word_1_169' title='bbox 1408 2604 1601 2686; x_wconf 71' lang='lat' dir='ltr'>Mapcodmo</span> <span class='ocrx_word' id='word_1_170' title='bbox 1616 2601 1755 2678; x_wconf 76' lang='lat' dir='ltr'>rrurrrdut,</span> <span class='ocrx_word' id='word_1_171' title='bbox 1771 2604 1807 2662; x_wconf 81' lang='lat' dir='ltr'>at</span> <span class='ocrx_word' id='word_1_172' title='bbox 1818 2598 2033 2683; x_wconf 65' lang='lat' dir='ltr'>[Hernicum]</span> 
     </span>
     <span class='ocr_line' id='line_1_19' title="bbox 376 2702 2033 2788; baseline -0.004 -19"><span class='ocrx_word' id='word_1_173' title='bbox 376 2706 590 2786; x_wconf 77' lang='lat' dir='ltr'>terstpruoium</span> <span class='ocrx_word' id='word_1_174' title='bbox 608 2703 810 2784; x_wconf 70' lang='lat' dir='ltr'>Utrtrinpr&#39;ae,</span> <span class='ocrx_word' id='word_1_175' title='bbox 833 2724 922 2784; x_wconf 77' lang='lat' dir='ltr'>quern</span> <span class='ocrx_word' id='word_1_176' title='bbox 944 2705 1100 2768; x_wconf 80' lang='lat' dir='ltr'>ecrnrrtsnt&#39;</span> <span class='ocrx_word' id='word_1_177' title='bbox 1121 2725 1272 2770; x_wconf 72' lang='lat' dir='ltr'>emesenae</span> <span class='ocrx_word' id='word_1_178' title='bbox 1289 2708 1473 2788; x_wconf 69' lang='lat' dir='ltr'>principatur</span> <span class='ocrx_word' id='word_1_179' title='bbox 1496 2705 1531 2768; x_wconf 79' lang='lat' dir='ltr'>ia</span> <span class='ocrx_word' id='word_1_180' title='bbox 1550 2725 1651 2787; x_wconf 78' lang='lat' dir='ltr'>repom</span> <span class='ocrx_word' id='word_1_181' title='bbox 1666 2704 1883 2768; x_wconf 54' lang='lat' dir='ltr'>&amp;rauracorum</span> <span class='ocrx_word' id='word_1_182' title='bbox 1905 2702 2033 2766; x_wconf 67' lang='grc' dir='ltr'>εἰεάιιηι</span> 
     </span>
     <span class='ocr_line' id='line_1_20' title="bbox 377 2806 2033 2892; baseline -0.002 -20"><span class='ocrx_word' id='word_1_183' title='bbox 377 2810 531 2872; x_wconf 79' lang='lat' dir='ltr'>laetanter</span> <span class='ocrx_word' id='word_1_184' title='bbox 552 2808 719 2885; x_wconf 74' lang='lat' dir='ltr'>audiverit,</span> <span class='ocrx_word' id='word_1_185' title='bbox 741 2810 872 2886; x_wconf 69' lang='lat' dir='ltr'>rarescat,</span> <span class='ocrx_word' id='word_1_186' title='bbox 901 2810 936 2870; x_wconf 82' lang='lat' dir='ltr'>ut</span> <span class='ocrx_word' id='word_1_187' title='bbox 957 2808 1113 2888; x_wconf 74' lang='lat' dir='ltr'>negotium</span> <span class='ocrx_word' id='word_1_188' title='bbox 1135 2808 1263 2889; x_wconf 79' lang='lat' dir='ltr'>imperii</span> <span class='ocrx_word' id='word_1_189' title='bbox 1293 2808 1429 2873; x_wconf 75' lang='lat' dir='ltr'>viriliter</span> <span class='ocrx_word' id='word_1_190' title='bbox 1451 2812 1679 2892; x_wconf 74' lang='lat' dir='ltr'>prosequatur,</span> <span class='ocrx_word' id='word_1_191' title='bbox 1710 2812 1739 2870; x_wconf 87' lang='lat' dir='ltr'>et</span> <span class='ocrx_word' id='word_1_192' title='bbox 1769 2806 1851 2870; x_wconf 79' lang='lat' dir='ltr'>alios</span> <span class='ocrx_word' id='word_1_193' title='bbox 1868 2806 2033 2886; x_wconf 77' lang='lat' dir='ltr'>principes</span> 
     </span>
     <span class='ocr_line' id='line_1_21' title="bbox 380 2909 1945 2992; baseline -0.001 -18"><span class='ocrx_word' id='word_1_194' title='bbox 380 2911 549 2976; x_wconf 75' lang='lat' dir='ltr'>Terctocr&#39;ue</span> <span class='ocrx_word' id='word_1_195' title='bbox 570 2911 697 2988; x_wconf 76' lang='lat' dir='ltr'>saintet,</span> <span class='ocrx_word' id='word_1_196' title='bbox 719 2914 755 2973; x_wconf 81' lang='lat' dir='ltr'>at</span> <span class='ocrx_word' id='word_1_197' title='bbox 775 2910 873 2974; x_wconf 78' lang='lat' dir='ltr'>cirtem</span> <span class='ocrx_word' id='word_1_198' title='bbox 889 2913 1032 2992; x_wconf 68' lang='lat' dir='ltr'>potenter</span> <span class='ocrx_word' id='word_1_199' title='bbox 1053 2911 1216 2974; x_wconf 80' lang='lat' dir='ltr'>assistant.</span> <span class='ocrx_word' id='word_1_200' title='bbox 1703 2913 1797 2987; x_wconf 71' lang='lat'>1246,</span> <span class='ocrx_word' id='word_1_201' title='bbox 1821 2909 1896 2974; x_wconf 79' lang='lat' dir='ltr'>lars.</span> <span class='ocrx_word' id='word_1_202' title='bbox 1915 2912 1945 2973; x_wconf 86' lang='lat'>9.</span> 
     </span>
    </p>
   </div>
   <div class='ocr_carea' id='block_1_6' title="bbox 482 3027 1845 3184">
    <p class='ocr_par' dir='ltr' id='par_1_7' title="bbox 482 3027 1845 3184">
     <span class='ocr_line' id='line_1_22' title="bbox 482 3027 1845 3100; baseline -0.001 -18"><span class='ocrx_word' id='word_1_203' title='bbox 482 3029 547 3082; x_wconf 71' lang='lat' dir='ltr'>Iam.</span> <span class='ocrx_word' id='word_1_204' title='bbox 561 3029 611 3083; x_wconf 87' lang='lat' dir='ltr'>IV</span> <span class='ocrx_word' id='word_1_205' title='bbox 627 3029 692 3098; x_wconf 66' lang='grc' dir='ltr'>Κεφ.</span> <span class='ocrx_word' id='word_1_206' title='bbox 709 3027 803 3095; x_wconf 78' lang='lat' dir='ltr'>Votl,</span> <span class='ocrx_word' id='word_1_207' title='bbox 821 3034 883 3091; x_wconf 75' lang='lat'>3055</span> <span class='ocrx_word' id='word_1_208' title='bbox 900 3027 960 3080; x_wconf 75' lang='lat' dir='ltr'>Lib.</span> <span class='ocrx_word' id='word_1_209' title='bbox 974 3027 1032 3095; x_wconf 87' lang='lat' dir='ltr'>HI,</span> <span class='ocrx_word' id='word_1_210' title='bbox 1048 3044 1104 3082; x_wconf 74' lang='lat' dir='ltr'>mor.</span> <span class='ocrx_word' id='word_1_211' title='bbox 1125 3035 1165 3084; x_wconf 73' lang='lat'>24.</span> <span class='ocrx_word' id='word_1_212' title='bbox 1202 3029 1310 3083; x_wconf 83' lang='lat' dir='ltr'>Damus</span> <span class='ocrx_word' id='word_1_213' title='bbox 1327 3046 1359 3083; x_wconf 79' lang='lat' dir='ltr'>ac</span> <span class='ocrx_word' id='word_1_214' title='bbox 1378 3029 1469 3100; x_wconf 68' lang='lat' dir='ltr'>Rapa.</span> <span class='ocrx_word' id='word_1_215' title='bbox 1490 3031 1564 3084; x_wconf 77' lang='lat' dir='ltr'>Aron.</span> <span class='ocrx_word' id='word_1_216' title='bbox 1582 3030 1640 3084; x_wconf 82' lang='lat' dir='ltr'>eccl.</span> <span class='ocrx_word' id='word_1_217' title='bbox 1658 3048 1684 3083; x_wconf 88' lang='lat' dir='ltr'>a.</span> <span class='ocrx_word' id='word_1_218' title='bbox 1699 3036 1770 3096; x_wconf 68' lang='lat'>1246,</span> <span class='ocrx_word' id='word_1_219' title='bbox 1788 3033 1805 3094; x_wconf 85' lang='lat'><strong><em>§</em></strong></span> <span class='ocrx_word' id='word_1_220' title='bbox 1821 3036 1845 3082; x_wconf 79' lang='lat'>5.</span> 
     </span>
     <span class='ocr_line' id='line_1_23' title="bbox 483 3114 1010 3184; baseline -0.004 -15"><span class='ocrx_word' id='word_1_221' title='bbox 483 3114 614 3183; x_wconf 75' lang='lat' dir='ltr'>Pottltast,</span> <span class='ocrx_word' id='word_1_222' title='bbox 635 3115 804 3184; x_wconf 72' lang='lat' dir='ltr'>Rep.12150;</span> <span class='ocrx_word' id='word_1_223' title='bbox 822 3114 920 3183; x_wconf 75' lang='lat' dir='ltr'>Berpsr</span> <span class='ocrx_word' id='word_1_224' title='bbox 938 3120 1010 3168; x_wconf 79' lang='lat'>1989.</span> 
     </span>
    </p>
   </div>
   <div class='ocr_carea' id='block_1_7' title="bbox 825 3311 1586 3406">
    <p class='ocr_par' dir='ltr' id='par_1_8' title="bbox 825 3311 1586 3406">
     <span class='ocr_line' id='line_1_24' title="bbox 825 3311 1586 3406; baseline 0.005 -20"><span class='ocrx_word' id='word_1_225' title='bbox 825 3367 865 3386; x_wconf 93' lang='lat'>..</span> <span class='ocrx_word' id='word_1_226' title='bbox 894 3311 1260 3404; x_wconf 88' lang='lat' dir='ltr'>archiepiscopo</span> <span class='ocrx_word' id='word_1_227' title='bbox 1293 3313 1586 3406; x_wconf 82' lang='lat' dir='ltr'>Magunlino.</span> 
     </span>
    </p>
   </div>
   <div class='ocr_carea' id='block_1_8' title="bbox 379 3461 2114 4997">
    <p class='ocr_par' dir='ltr' id='par_1_9' title="bbox 379 3461 2114 4997">
     <span class='ocr_line' id='line_1_25' title="bbox 486 3461 2036 3549; baseline 0 -23"><span class='ocrx_word' id='word_1_228' title='bbox 486 3462 621 3527; x_wconf 90' lang='lat' dir='ltr'>Litteris</span> <span class='ocrx_word' id='word_1_229' title='bbox 643 3462 709 3525; x_wconf 92' lang='lat' dir='ltr'>tuis</span> <span class='ocrx_word' id='word_1_230' title='bbox 734 3461 912 3525; x_wconf 85' lang='lat' dir='ltr'>affectuose</span> <span class='ocrx_word' id='word_1_231' title='bbox 936 3461 1088 3546; x_wconf 88' lang='lat' dir='ltr'>receptis,</span> <span class='ocrx_word' id='word_1_232' title='bbox 1113 3482 1155 3526; x_wconf 85' lang='lat' dir='ltr'>ex</span> <span class='ocrx_word' id='word_1_233' title='bbox 1179 3483 1291 3526; x_wconf 91' lang='lat' dir='ltr'>carum</span> <span class='ocrx_word' id='word_1_234' title='bbox 1315 3470 1429 3529; x_wconf 89' lang='lat' dir='ltr'>tenore</span> <span class='ocrx_word' id='word_1_235' title='bbox 1453 3463 1660 3549; x_wconf 77' lang='lat' dir='ltr'>collegimus,</span> <span class='ocrx_word' id='word_1_236' title='bbox 1683 3461 1769 3549; x_wconf 94' lang='lat' dir='ltr'>quod</span> <span class='ocrx_word' id='word_1_237' title='bbox 1785 3462 1926 3528; x_wconf 90' lang='lat' dir='ltr'>dilectus</span> <span class='ocrx_word' id='word_1_238' title='bbox 1946 3464 2036 3527; x_wconf 91' lang='lat' dir='ltr'>filius</span> 
     </span>
     <span class='ocr_line' id='line_1_26' title="bbox 379 3563 2035 3655; baseline -0.001 -25"><span class='ocrx_word' id='word_1_239' title='bbox 379 3566 498 3631; x_wconf 91' lang='lat' dir='ltr'>nobilis</span> <span class='ocrx_word' id='word_1_240' title='bbox 526 3566 575 3628; x_wconf 90' lang='lat' dir='ltr'>vir</span> <span class='ocrx_word' id='word_1_241' title='bbox 606 3564 808 3650; x_wconf 76' lang='lat' dir='ltr'>lantgravius</span> <span class='ocrx_word' id='word_1_242' title='bbox 840 3563 1020 3649; x_wconf 83' lang='lat' dir='ltr'>Thuringic</span> <span class='ocrx_word' id='word_1_243' title='bbox 1049 3565 1212 3630; x_wconf 90' lang='lat' dir='ltr'>communi</span> <span class='ocrx_word' id='word_1_244' title='bbox 1244 3588 1408 3632; x_wconf 86' lang='lat' dir='ltr'>consensu</span> <span class='ocrx_word' id='word_1_245' title='bbox 1435 3568 1618 3655; x_wconf 91' lang='lat' dir='ltr'>principum</span> <span class='ocrx_word' id='word_1_246' title='bbox 1645 3569 1679 3633; x_wconf 89' lang='lat' dir='ltr'>in</span> <span class='ocrx_word' id='word_1_247' title='bbox 1708 3566 1956 3632; x_wconf 81' lang='lat' dir='ltr'>Romanorum·</span> <span class='ocrx_word' id='word_1_248' title='bbox 1984 3576 2035 3631; x_wconf 91' lang='lat' dir='ltr'>est</span> 
     </span>
     <span class='ocr_line' id='line_1_27' title="bbox 380 3668 2111 3757; baseline 0 -23"><span class='ocrx_word' id='word_1_249' title='bbox 380 3691 491 3754; x_wconf 89' lang='lat' dir='ltr'>regem</span> <span class='ocrx_word' id='word_1_250' title='bbox 516 3668 662 3734; x_wconf 83' lang='lat' dir='ltr'>clectus²</span> <span class='ocrx_word' id='word_1_251' title='bbox 685 3676 718 3735; x_wconf 91' lang='lat' dir='ltr'>ct</span> <span class='ocrx_word' id='word_1_252' title='bbox 740 3669 825 3754; x_wconf 91' lang='lat' dir='ltr'>gerit</span> <span class='ocrx_word' id='word_1_253' title='bbox 848 3668 979 3754; x_wconf 91' lang='lat' dir='ltr'>publice</span> <span class='ocrx_word' id='word_1_254' title='bbox 1002 3691 1037 3734; x_wconf 94' lang='lat' dir='ltr'>sc</span> <span class='ocrx_word' id='word_1_255' title='bbox 1055 3691 1113 3755; x_wconf 95' lang='lat' dir='ltr'>pro</span> <span class='ocrx_word' id='word_1_256' title='bbox 1130 3692 1224 3755; x_wconf 90' lang='lat' dir='ltr'>regc;</span> <span class='ocrx_word' id='word_1_257' title='bbox 1249 3692 1347 3756; x_wconf 88' lang='lat' dir='ltr'>super</span> <span class='ocrx_word' id='word_1_258' title='bbox 1369 3693 1432 3757; x_wconf 94' lang='lat' dir='ltr'>quo</span> <span class='ocrx_word' id='word_1_259' title='bbox 1455 3672 1497 3751; x_wconf 85' lang='lat' dir='ltr'>ei,</span> <span class='ocrx_word' id='word_1_260' title='bbox 1522 3672 1577 3756; x_wconf 91' lang='lat' dir='ltr'>qui</span> <span class='ocrx_word' id='word_1_261' title='bbox 1594 3692 1727 3736; x_wconf 90' lang='lat' dir='ltr'>suorum</span> <span class='ocrx_word' id='word_1_262' title='bbox 1745 3676 1821 3735; x_wconf 85' lang='lat' dir='ltr'>vota</span> <span class='ocrx_word' id='word_1_263' title='bbox 1844 3669 2035 3756; x_wconf 89' lang='lat' dir='ltr'>inspirando</span> <span class='ocrx_word' id='word_1_264' title='bbox 2088 3691 2111 3727; x_wconf 68' lang='lat' dir='ltr'>:s</span> 
     </span>
     <span class='ocr_line' id='line_1_28' title="bbox 381 3770 2036 3859; baseline 0.001 -24"><span class='ocrx_word' id='word_1_265' title='bbox 381 3772 530 3858; x_wconf 88' lang='lat' dir='ltr'>prevenit</span> <span class='ocrx_word' id='word_1_266' title='bbox 553 3779 586 3836; x_wconf 93' lang='lat' dir='ltr'>ct</span> <span class='ocrx_word' id='word_1_267' title='bbox 609 3772 816 3857; x_wconf 90' lang='lat' dir='ltr'>prosequitur</span> <span class='ocrx_word' id='word_1_268' title='bbox 839 3770 1035 3851; x_wconf 84' lang='lat' dir='ltr'>adiuvando,</span> <span class='ocrx_word' id='word_1_269' title='bbox 1059 3771 1176 3857; x_wconf 89' lang='lat' dir='ltr'>dignas</span> <span class='ocrx_word' id='word_1_270' title='bbox 1199 3774 1376 3858; x_wconf 87' lang='lat' dir='ltr'>gratiarum</span> <span class='ocrx_word' id='word_1_271' title='bbox 1400 3775 1573 3840; x_wconf 83' lang='lat' dir='ltr'>referimus</span> <span class='ocrx_word' id='word_1_272' title='bbox 1594 3775 1752 3839; x_wconf 87' lang='lat' dir='ltr'>actiones.</span> <span class='ocrx_word' id='word_1_273' title='bbox 1798 3774 1887 3839; x_wconf 84' lang='lat' dir='ltr'>Sane</span> <span class='ocrx_word' id='word_1_274' title='bbox 1907 3772 2036 3859; x_wconf 89' lang='lat' dir='ltr'>imperii</span> 
     </span>
     <span class='ocr_line' id='line_1_29' title="bbox 380 3874 2036 3963; baseline 0.002 -25"><span class='ocrx_word' id='word_1_275' title='bbox 380 3875 521 3939; x_wconf 87' lang='lat' dir='ltr'>Romani</span> <span class='ocrx_word' id='word_1_276' title='bbox 552 3875 718 3960; x_wconf 90' lang='lat' dir='ltr'>nogotium</span> <span class='ocrx_word' id='word_1_277' title='bbox 750 3874 957 3938; x_wconf 86' lang='lat' dir='ltr'>successibus</span> <span class='ocrx_word' id='word_1_278' title='bbox 989 3874 1084 3960; x_wconf 89' lang='lat' dir='ltr'>dirigi</span> <span class='ocrx_word' id='word_1_279' title='bbox 1114 3878 1279 3963; x_wconf 87' lang='lat' dir='ltr'>prosperis</span> <span class='ocrx_word' id='word_1_280' title='bbox 1311 3877 1439 3943; x_wconf 87' lang='lat' dir='ltr'>ardenti</span> <span class='ocrx_word' id='word_1_281' title='bbox 1468 3876 1631 3942; x_wconf 91' lang='lat' dir='ltr'>desiderio</span> <span class='ocrx_word' id='word_1_282' title='bbox 1664 3878 1851 3963; x_wconf 89' lang='lat' dir='ltr'>cupientes,</span> <span class='ocrx_word' id='word_1_283' title='bbox 1887 3877 1935 3941; x_wconf 91' lang='lat' dir='ltr'>sie</span> <span class='ocrx_word' id='word_1_284' title='bbox 1966 3883 2036 3941; x_wconf 86' lang='lat' dir='ltr'>tota</span> 
     </span>
     <span class='ocr_line' id='line_1_30' title="bbox 381 3976 2036 4066; baseline 0.002 -26"><span class='ocrx_word' id='word_1_285' title='bbox 381 3983 492 4042; x_wconf 86' lang='lat' dir='ltr'>mente</span> <span class='ocrx_word' id='word_1_286' title='bbox 519 3978 693 4062; x_wconf 88' lang='lat' dir='ltr'>stabilique</span> <span class='ocrx_word' id='word_1_287' title='bbox 723 3976 891 4063; x_wconf 90' lang='lat' dir='ltr'>proposito</span> <span class='ocrx_word' id='word_1_288' title='bbox 924 3976 966 4041; x_wconf 92' lang='lat' dir='ltr'>ad</span> <span class='ocrx_word' id='word_1_289' title='bbox 993 3978 1081 4042; x_wconf 91' lang='lat' dir='ltr'>illius</span> <span class='ocrx_word' id='word_1_290' title='bbox 1113 3981 1367 4064; x_wconf 91' lang='lat' dir='ltr'>promotionem,</span> <span class='ocrx_word' id='word_1_291' title='bbox 1399 4003 1442 4046; x_wconf 86' lang='lat' dir='ltr'>ex</span> <span class='ocrx_word' id='word_1_292' title='bbox 1476 4002 1538 4066; x_wconf 93' lang='lat' dir='ltr'>quo</span> <span class='ocrx_word' id='word_1_293' title='bbox 1571 3981 1677 4065; x_wconf 91' lang='lat' dir='ltr'>ipsum</span> <span class='ocrx_word' id='word_1_294' title='bbox 1712 3979 1800 4045; x_wconf 90' lang='lat' dir='ltr'>idem</span> <span class='ocrx_word' id='word_1_295' title='bbox 1831 3979 2036 4066; x_wconf 84' lang='lat' dir='ltr'>lantgravius</span> 
     </span>
     <span class='ocr_line' id='line_1_31' title="bbox 382 4079 2036 4169; baseline 0.001 -23"><span class='ocrx_word' id='word_1_296' title='bbox 382 4080 575 4167; x_wconf 89' lang='lat' dir='ltr'>assumpsit,</span> <span class='ocrx_word' id='word_1_297' title='bbox 603 4079 817 4155; x_wconf 88' lang='lat' dir='ltr'>intendimus,</span> <span class='ocrx_word' id='word_1_298' title='bbox 842 4086 878 4144; x_wconf 95' lang='lat' dir='ltr'>ut</span> <span class='ocrx_word' id='word_1_299' title='bbox 900 4079 941 4144; x_wconf 89' lang='lat' dir='ltr'>ad</span> <span class='ocrx_word' id='word_1_300' title='bbox 965 4079 997 4143; x_wconf 93' lang='lat' dir='ltr'>id</span> <span class='ocrx_word' id='word_1_301' title='bbox 1021 4080 1226 4166; x_wconf 87' lang='lat' dir='ltr'>providentia</span> <span class='ocrx_word' id='word_1_302' title='bbox 1248 4082 1407 4162; x_wconf 68' lang='lat' dir='ltr'>consiliib,</span> <span class='ocrx_word' id='word_1_303' title='bbox 1439 4084 1552 4148; x_wconf 85' lang='lat' dir='ltr'>auxilii</span> <span class='ocrx_word' id='word_1_304' title='bbox 1580 4084 1698 4149; x_wconf 91' lang='lat' dir='ltr'>robore</span> <span class='ocrx_word' id='word_1_305' title='bbox 1721 4088 1755 4149; x_wconf 90' lang='lat' dir='ltr'>et</span> <span class='ocrx_word' id='word_1_306' title='bbox 1777 4080 1900 4147; x_wconf 82' lang='lat' dir='ltr'>favoris</span> <span class='ocrx_word' id='word_1_307' title='bbox 1923 4083 2036 4169; x_wconf 87' lang='lat' dir='ltr'>vigore</span> 
     </span>
     <span class='ocr_line' id='line_1_32' title="bbox 380 4185 2036 4273; baseline 0.001 -23"><span class='ocrx_word' id='word_1_308' title='bbox 380 4186 531 4250; x_wconf 90' lang='lat' dir='ltr'>volumus</span> <span class='ocrx_word' id='word_1_309' title='bbox 568 4191 821 4272; x_wconf 88' lang='lat' dir='ltr'>perseveranter</span> <span class='ocrx_word' id='word_1_310' title='bbox 855 4185 1006 4249; x_wconf 89' lang='lat' dir='ltr'>insistere</span> <span class='ocrx_word' id='word_1_311' title='bbox 1035 4205 1073 4249; x_wconf 90' lang='lat' dir='ltr'>ac</span> <span class='ocrx_word' id='word_1_312' title='bbox 1103 4186 1175 4271; x_wconf 90' lang='lat' dir='ltr'>plus</span> <span class='ocrx_word' id='word_1_313' title='bbox 1205 4187 1304 4251; x_wconf 91' lang='lat' dir='ltr'>etiam</span> <span class='ocrx_word' id='word_1_314' title='bbox 1332 4185 1430 4252; x_wconf 82' lang='lat' dir='ltr'>factis</span> <span class='ocrx_word' id='word_1_315' title='bbox 1462 4187 1532 4271; x_wconf 88' lang='lat' dir='ltr'>regi</span> <span class='ocrx_word' id='word_1_316' title='bbox 1562 4185 1669 4252; x_wconf 93' lang='lat' dir='ltr'>eidem</span> <span class='ocrx_word' id='word_1_317' title='bbox 1699 4185 1817 4251; x_wconf 91' lang='lat' dir='ltr'>adesse</span> <span class='ocrx_word' id='word_1_318' title='bbox 1845 4185 2036 4273; x_wconf 90' lang='lat' dir='ltr'>dictumque</span> 
     </span>
     <span class='ocr_line' id='line_1_33' title="bbox 383 4287 2037 4377; baseline 0.001 -25"><span class='ocrx_word' id='word_1_319' title='bbox 383 4289 496 4354; x_wconf 88' lang='lat' dir='ltr'>iuvare</span> <span class='ocrx_word' id='word_1_320' title='bbox 514 4288 692 4372; x_wconf 90' lang='lat' dir='ltr'>negotium,</span> <span class='ocrx_word' id='word_1_321' title='bbox 710 4308 806 4372; x_wconf 93' lang='lat' dir='ltr'>quam</span> <span class='ocrx_word' id='word_1_322' title='bbox 822 4287 1089 4373; x_wconf 89' lang='lat' dir='ltr'>promissionibus</span> <span class='ocrx_word' id='word_1_323' title='bbox 1106 4291 1338 4375; x_wconf 87' lang='lat' dir='ltr'>exprimamus.</span> <span class='ocrx_word' id='word_1_324' title='bbox 1361 4291 1508 4376; x_wconf 92' lang='lat' dir='ltr'>Ideoque</span> <span class='ocrx_word' id='word_1_325' title='bbox 1523 4290 1762 4355; x_wconf 86' lang='lat' dir='ltr'>fraternitatem</span> <span class='ocrx_word' id='word_1_326' title='bbox 1776 4297 1867 4355; x_wconf 84' lang='lat' dir='ltr'>tuam</span> <span class='ocrx_word' id='word_1_327' title='bbox 1882 4311 2037 4377; x_wconf 88' lang='lat' dir='ltr'>rogamus</span> 
     </span>
     <span class='ocr_line' id='line_1_34' title="bbox 382 4390 2038 4480; baseline 0 -23"><span class='ocrx_word' id='word_1_328' title='bbox 382 4400 417 4457; x_wconf 89' lang='lat' dir='ltr'>et</span> <span class='ocrx_word' id='word_1_329' title='bbox 448 4393 617 4457; x_wconf 90' lang='lat' dir='ltr'>hortamur</span> <span class='ocrx_word' id='word_1_330' title='bbox 647 4397 790 4472; x_wconf 87' lang='lat' dir='ltr'>attente,</span> <span class='ocrx_word' id='word_1_331' title='bbox 824 4390 1015 4456; x_wconf 89' lang='lat' dir='ltr'>mandantes</span> <span class='ocrx_word' id='word_1_332' title='bbox 1048 4395 1200 4479; x_wconf 92' lang='lat' dir='ltr'>quatinus</span> <span class='ocrx_word' id='word_1_333' title='bbox 1232 4416 1344 4479; x_wconf 90' lang='lat' dir='ltr'>regem</span> <span class='ocrx_word' id='word_1_334' title='bbox 1374 4395 1481 4480; x_wconf 92' lang='lat' dir='ltr'>ipsum</span> <span class='ocrx_word' id='word_1_335' title='bbox 1514 4399 1639 4458; x_wconf 88' lang='lat' dir='ltr'>attento</span> <span class='ocrx_word' id='word_1_336' title='bbox 1674 4415 1823 4475; x_wconf 89' lang='lat' dir='ltr'>monere,</span> <span class='ocrx_word' id='word_1_337' title='bbox 1858 4393 2038 4459; x_wconf 84' lang='lat' dir='ltr'>efficaciter</span> 
     </span>
     <span class='ocr_line' id='line_1_35' title="bbox 382 4495 2037 4583; baseline 0 -23"><span class='ocrx_word' id='word_1_338' title='bbox 382 4497 539 4562; x_wconf 88' lang='lat' dir='ltr'>inducere</span> <span class='ocrx_word' id='word_1_339' title='bbox 562 4517 601 4560; x_wconf 91' lang='lat' dir='ltr'>ac</span> <span class='ocrx_word' id='word_1_340' title='bbox 624 4495 847 4581; x_wconf 92' lang='lat' dir='ltr'>multiplieiter</span> <span class='ocrx_word' id='word_1_341' title='bbox 871 4495 1055 4560; x_wconf 86' lang='lat' dir='ltr'>confortare</span> <span class='ocrx_word' id='word_1_342' title='bbox 1079 4518 1246 4582; x_wconf 90' lang='lat' dir='ltr'>procures,</span> <span class='ocrx_word' id='word_1_343' title='bbox 1270 4505 1307 4561; x_wconf 89' lang='lat' dir='ltr'>ut</span> <span class='ocrx_word' id='word_1_344' title='bbox 1323 4498 1364 4563; x_wconf 93' lang='lat' dir='ltr'>de</span> <span class='ocrx_word' id='word_1_345' title='bbox 1380 4499 1511 4563; x_wconf 89' lang='lat' dir='ltr'>virtutis</span> <span class='ocrx_word' id='word_1_346' title='bbox 1527 4496 1636 4563; x_wconf 88' lang='lat' dir='ltr'>divino</span> <span class='ocrx_word' id='word_1_347' title='bbox 1660 4498 1817 4583; x_wconf 84' lang='lat' dir='ltr'>suffragio</span> <span class='ocrx_word' id='word_1_348' title='bbox 1840 4503 1875 4563; x_wconf 91' lang='lat' dir='ltr'>et</span> <span class='ocrx_word' id='word_1_349' title='bbox 1891 4496 1932 4562; x_wconf 90' lang='lat' dir='ltr'>de</span> <span class='ocrx_word' id='word_1_350' title='bbox 1949 4496 2037 4563; x_wconf 90' lang='lat' dir='ltr'>sodis</span> 
     </span>
     <span class='ocr_line' id='line_1_36' title="bbox 383 4597 2036 4687; baseline 0.001 -23"><span class='ocrx_word' id='word_1_351' title='bbox 383 4599 565 4687; x_wconf 91' lang='lat' dir='ltr'>apostolico</span> <span class='ocrx_word' id='word_1_352' title='bbox 588 4597 701 4663; x_wconf 82' lang='lat' dir='ltr'>favore</span> <span class='ocrx_word' id='word_1_353' title='bbox 725 4598 879 4678; x_wconf 88' lang='lat' dir='ltr'>confisus,</span> <span class='ocrx_word' id='word_1_354' title='bbox 903 4598 1065 4684; x_wconf 87' lang='lat' dir='ltr'>prefatum</span> <span class='ocrx_word' id='word_1_355' title='bbox 1089 4600 1269 4684; x_wconf 89' lang='lat' dir='ltr'>negotium,</span> <span class='ocrx_word' id='word_1_356' title='bbox 1294 4599 1467 4685; x_wconf 91' lang='lat' dir='ltr'>quodiam</span> <span class='ocrx_word' id='word_1_357' title='bbox 1489 4600 1638 4666; x_wconf 88' lang='lat' dir='ltr'>animoso</span> <span class='ocrx_word' id='word_1_358' title='bbox 1660 4600 1814 4686; x_wconf 88' lang='lat' dir='ltr'>suscepit,</span> <span class='ocrx_word' id='word_1_359' title='bbox 1838 4605 1975 4665; x_wconf 86' lang='lat' dir='ltr'>strenue</span> <span class='ocrx_word' id='word_1_360' title='bbox 1997 4621 2036 4664; x_wconf 86' lang='lat' dir='ltr'>ao</span> 
     </span>
     <span class='ocr_line' id='line_1_37' title="bbox 382 4699 2114 4790; baseline 0.002 -22"><span class='ocrx_word' id='word_1_361' title='bbox 382 4704 522 4768; x_wconf 93' lang='lat' dir='ltr'>viriliter</span> <span class='ocrx_word' id='word_1_362' title='bbox 556 4707 782 4787; x_wconf 89' lang='lat' dir='ltr'>prosequatur.</span> <span class='ocrx_word' id='word_1_363' title='bbox 827 4699 922 4765; x_wconf 85' lang='lat' dir='ltr'>Alios</span> <span class='ocrx_word' id='word_1_364' title='bbox 956 4701 1091 4786; x_wconf 91' lang='lat' dir='ltr'>insuper</span> <span class='ocrx_word' id='word_1_365' title='bbox 1124 4702 1308 4767; x_wconf 82' lang='lat' dir='ltr'>Thoutonie</span> <span class='ocrx_word' id='word_1_366' title='bbox 1344 4703 1523 4789; x_wconf 90' lang='lat' dir='ltr'>principes,</span> <span class='ocrx_word' id='word_1_367' title='bbox 1559 4709 1625 4767; x_wconf 89' lang='lat' dir='ltr'>tam</span> <span class='ocrx_word' id='word_1_368' title='bbox 1660 4701 1904 4768; x_wconf 87' lang='lat' dir='ltr'>ecclesiasticos</span> <span class='ocrx_word' id='word_1_369' title='bbox 1939 4724 2035 4790; x_wconf 87' lang='lat' dir='ltr'>quam</span> <span class='ocrx_word' id='word_1_370' title='bbox 2088 4735 2114 4771; x_wconf 70' lang='lat' dir='ltr'>a</span> 
     </span>
     <span class='ocr_line' id='line_1_38' title="bbox 384 4803 2035 4894; baseline 0.001 -24"><span class='ocrx_word' id='word_1_371' title='bbox 384 4806 559 4885; x_wconf 87' lang='lat' dir='ltr'>seculares,</span> <span class='ocrx_word' id='word_1_372' title='bbox 583 4805 677 4868; x_wconf 84' lang='lat' dir='ltr'>iuxta</span> <span class='ocrx_word' id='word_1_373' title='bbox 699 4803 810 4868; x_wconf 88' lang='lat' dir='ltr'>datam</span> <span class='ocrx_word' id='word_1_374' title='bbox 832 4804 890 4868; x_wconf 92' lang='lat' dir='ltr'>tibi</span> <span class='ocrx_word' id='word_1_375' title='bbox 913 4825 932 4868; x_wconf 93' lang='lat' dir='ltr'>a</span> <span class='ocrx_word' id='word_1_376' title='bbox 952 4803 1025 4870; x_wconf 94' lang='lat' dir='ltr'>Deo</span> <span class='ocrx_word' id='word_1_377' title='bbox 1050 4805 1183 4871; x_wconf 89' lang='lat' dir='ltr'>studeas</span> <span class='ocrx_word' id='word_1_378' title='bbox 1207 4806 1412 4892; x_wconf 89' lang='lat' dir='ltr'>prudentiam</span> <span class='ocrx_word' id='word_1_379' title='bbox 1434 4809 1592 4887; x_wconf 88' lang='lat' dir='ltr'>animare,</span> <span class='ocrx_word' id='word_1_380' title='bbox 1615 4813 1652 4872; x_wconf 92' lang='lat' dir='ltr'>ut</span> <span class='ocrx_word' id='word_1_381' title='bbox 1673 4806 1822 4893; x_wconf 89' lang='lat' dir='ltr'>predicto</span> <span class='ocrx_word' id='word_1_382' title='bbox 1844 4808 1916 4893; x_wconf 85' lang='lat' dir='ltr'>regi</span> <span class='ocrx_word' id='word_1_383' title='bbox 1939 4808 2035 4894; x_wconf 89' lang='lat' dir='ltr'>plene</span> 
     </span>
     <span class='ocr_line' id='line_1_39' title="bbox 383 4907 2035 4997; baseline -0.001 -21"><span class='ocrx_word' id='word_1_384' title='bbox 383 4933 422 4976; x_wconf 90' lang='lat' dir='ltr'>ac</span> <span class='ocrx_word' id='word_1_385' title='bbox 444 4909 586 4974; x_wconf 92' lang='lat' dir='ltr'>fideliter</span> <span class='ocrx_word' id='word_1_386' title='bbox 608 4907 827 4988; x_wconf 88' lang='lat' dir='ltr'>intendentes,</span> <span class='ocrx_word' id='word_1_387' title='bbox 851 4915 1002 4993; x_wconf 89' lang='lat' dir='ltr'>potenter</span> <span class='ocrx_word' id='word_1_388' title='bbox 1019 4909 1126 4975; x_wconf 92' lang='lat' dir='ltr'>eidem</span> <span class='ocrx_word' id='word_1_389' title='bbox 1149 4933 1186 4975; x_wconf 92' lang='lat' dir='ltr'>ae</span> <span class='ocrx_word' id='word_1_390' title='bbox 1211 4917 1364 4997; x_wconf 89' lang='lat' dir='ltr'>patenter</span> <span class='ocrx_word' id='word_1_391' title='bbox 1379 4912 1545 4991; x_wconf 88' lang='lat' dir='ltr'>assistant,</span> <span class='ocrx_word' id='word_1_392' title='bbox 1568 4911 1615 4974; x_wconf 86' lang='lat' dir='ltr'>its</span> <span class='ocrx_word' id='word_1_393' title='bbox 1632 4909 1718 4997; x_wconf 92' lang='lat' dir='ltr'>quod</span> <span class='ocrx_word' id='word_1_394' title='bbox 1733 4910 1904 4995; x_wconf 89' lang='lat' dir='ltr'>negotium</span> <span class='ocrx_word' id='word_1_395' title='bbox 1920 4911 2035 4997; x_wconf 82' lang='lat' dir='ltr'>ipsum,</span> 
     </span>
    </p>
   </div>
   <div class='ocr_carea' id='block_1_9' title="bbox 485 5168 1129 5238">
    <p class='ocr_par' dir='ltr' id='par_1_10' title="bbox 485 5168 1129 5238">
     <span class='ocr_line' id='line_1_40' title="bbox 485 5168 1129 5238; baseline 0.002 -17"><span class='ocrx_word' id='word_1_396' title='bbox 485 5170 510 5235; x_wconf 79' lang='lat'>⁸)</span> <span class='ocrx_word' id='word_1_397' title='bbox 533 5172 676 5221; x_wconf 82' lang='lat' dir='ltr'>Romanum</span> <span class='ocrx_word' id='word_1_398' title='bbox 694 5168 779 5237; x_wconf 72' lang='lat' dir='ltr'>Rapta</span> <span class='ocrx_word' id='word_1_399' title='bbox 883 5168 908 5235; x_wconf 82' lang='lat' dir='ltr'>b)</span> <span class='ocrx_word' id='word_1_400' title='bbox 926 5172 1028 5222; x_wconf 85' lang='lat' dir='ltr'>concilii</span> <span class='ocrx_word' id='word_1_401' title='bbox 1046 5171 1129 5238; x_wconf 71' lang='lat' dir='ltr'>Rapsa</span> 
     </span>
    </p>
   </div>
   <div class='ocr_carea' id='block_1_10' title="bbox 382 5304 2117 5717">
    <p class='ocr_par' dir='ltr' id='par_1_11' title="bbox 382 5304 2117 5717">
     <span class='ocr_line' id='line_1_41' title="bbox 489 5304 2038 5377; baseline 0.001 -19"><span class='ocrx_word' id='word_1_402' title='bbox 489 5307 514 5371; x_wconf 87' lang='lat'>1)</span> <span class='ocrx_word' id='word_1_403' title='bbox 534 5304 647 5359; x_wconf 78' lang='lat' dir='ltr'>Electus</span> <span class='ocrx_word' id='word_1_404' title='bbox 664 5322 690 5358; x_wconf 86' lang='lat' dir='ltr'>a.</span> <span class='ocrx_word' id='word_1_405' title='bbox 704 5310 774 5372; x_wconf 71' lang='lat'>1245,</span> <span class='ocrx_word' id='word_1_406' title='bbox 795 5305 857 5358; x_wconf 75' lang='lat' dir='ltr'>Ima</span> <span class='ocrx_word' id='word_1_407' title='bbox 883 5304 999 5359; x_wconf 78' lang='lat' dir='ltr'>Veronae</span> <span class='ocrx_word' id='word_1_408' title='bbox 1021 5322 1066 5373; x_wconf 81' lang='lat' dir='ltr'>cp.</span> <span class='ocrx_word' id='word_1_409' title='bbox 1085 5305 1264 5372; x_wconf 62' lang='lat' dir='ltr'>imperotores</span> <span class='ocrx_word' id='word_1_410' title='bbox 1285 5310 1355 5374; x_wconf 85' lang='lat' dir='ltr'>crot;</span> <span class='ocrx_word' id='word_1_411' title='bbox 1377 5306 1610 5377; x_wconf 66' lang='lat' dir='ltr'>Mater-Mer,</span> <span class='ocrx_word' id='word_1_412' title='bbox 1633 5305 2038 5374; x_wconf 71' lang='lat' dir='ltr'>l.c.3479‚·a1246,1sl.25</span> 
     </span>
     <span class='ocr_line' id='line_1_42' title="bbox 382 5389 2117 5463; baseline -0.001 -17"><span class='ocrx_word' id='word_1_413' title='bbox 382 5391 626 5446; x_wconf 63' lang='lat' dir='ltr'>murnianus</span> <span class='ocrx_word' id='word_1_414' title='bbox 648 5397 672 5446; x_wconf 81' lang='lat' dir='ltr'>ct</span> <span class='ocrx_word' id='word_1_415' title='bbox 696 5406 840 5460; x_wconf 65' lang='lat' dir='ltr'>suspensas</span> <span class='ocrx_word' id='word_1_416' title='bbox 858 5392 892 5444; x_wconf 83' lang='lat' dir='ltr'>cb</span> <span class='ocrx_word' id='word_1_417' title='bbox 908 5392 987 5445; x_wconf 78' lang='lat' dir='ltr'>eleeto</span> <span class='ocrx_word' id='word_1_418' title='bbox 1005 5389 1176 5445; x_wconf 62' lang='lat' dir='ltr'>levasset</span> <span class='ocrx_word' id='word_1_419' title='bbox 1192 5391 1288 5445; x_wconf 65' lang='lat' dir='ltr'>auersa</span> <span class='ocrx_word' id='word_1_420' title='bbox 1305 5397 1355 5460; x_wconf 84' lang='lat' dir='ltr'>est,</span> <span class='ocrx_word' id='word_1_421' title='bbox 1378 5399 1410 5446; x_wconf 79' lang='lat' dir='ltr'>ut</span> <span class='ocrx_word' id='word_1_422' title='bbox 1432 5394 1507 5460; x_wconf 76' lang='lat' dir='ltr'>infra</span> <span class='ocrx_word' id='word_1_423' title='bbox 1527 5409 1640 5447; x_wconf 69' lang='lat' dir='ltr'>sesses</span> <span class='ocrx_word' id='word_1_424' title='bbox 1658 5409 1747 5448; x_wconf 76' lang='lat' dir='ltr'>comas</span> <span class='ocrx_word' id='word_1_425' title='bbox 1764 5408 1842 5463; x_wconf 78' lang='lat' dir='ltr'>popo</span> <span class='ocrx_word' id='word_1_426' title='bbox 1863 5394 2036 5460; x_wconf 57' lang='lat' dir='ltr'>cerepum</span> <span class='ocrx_word' id='word_1_427' title='bbox 2091 5406 2117 5446; x_wconf 78' lang='lat' dir='ltr'>so</span> 
     </span>
     <span class='ocr_line' id='line_1_43' title="bbox 383 5476 2038 5548; baseline 0.006 -18"><span class='ocrx_word' id='word_1_428' title='bbox 383 5477 483 5545; x_wconf 62' lang='lat' dir='ltr'>Hella,</span> <span class='ocrx_word' id='word_1_429' title='bbox 501 5478 553 5530; x_wconf 80' lang='lat' dir='ltr'>tc.</span> <span class='ocrx_word' id='word_1_430' title='bbox 566 5492 595 5545; x_wconf 82' lang='lat' dir='ltr'>p.</span> <span class='ocrx_word' id='word_1_431' title='bbox 610 5483 664 5531; x_wconf 74' lang='lat'>122.</span> <span class='ocrx_word' id='word_1_432' title='bbox 774 5479 802 5546; x_wconf 71' lang='lat'>⁸2)</span> <span class='ocrx_word' id='word_1_433' title='bbox 822 5477 893 5532; x_wconf 80' lang='lat' dir='ltr'>Mat.</span> <span class='ocrx_word' id='word_1_434' title='bbox 909 5483 942 5531; x_wconf 74' lang='lat'>22</span> <span class='ocrx_word' id='word_1_435' title='bbox 968 5477 998 5529; x_wconf 73' lang='lat' dir='ltr'>ia</span> <span class='ocrx_word' id='word_1_436' title='bbox 1021 5483 1110 5531; x_wconf 83' lang='lat' dir='ltr'>castro</span> <span class='ocrx_word' id='word_1_437' title='bbox 1133 5477 1274 5532; x_wconf 77' lang='lat' dir='ltr'>Hocblscr&#39;m</span> <span class='ocrx_word' id='word_1_438' title='bbox 1301 5478 1338 5531; x_wconf 79' lang='lat' dir='ltr'>ad</span> <span class='ocrx_word' id='word_1_439' title='bbox 1361 5479 1490 5534; x_wconf 68' lang='lat' dir='ltr'>Moenum</span> <span class='ocrx_word' id='word_1_440' title='bbox 1511 5481 1612 5548; x_wconf 69' lang='lat' dir='ltr'>flama</span> <span class='ocrx_word' id='word_1_441' title='bbox 1637 5479 1716 5547; x_wconf 63' lang='lat' dir='ltr'>iustu</span> <span class='ocrx_word' id='word_1_442' title='bbox 1736 5479 1784 5539; x_wconf 78' lang='lat' dir='ltr'>oto.</span> <span class='ocrx_word' id='word_1_443' title='bbox 1803 5476 1953 5547; x_wconf 62' lang='lat' dir='ltr'>muro</span> <span class='ocrx_word' id='word_1_444' title='bbox 1973 5476 2038 5540; x_wconf 70' lang='lat' dir='ltr'>sco.-</span> 
     </span>
     <span class='ocr_line' id='line_1_44' title="bbox 384 5560 2038 5637; baseline 0.003 -21"><span class='ocrx_word' id='word_1_445' title='bbox 384 5560 614 5630; x_wconf 63' lang='lat' dir='ltr'>scam-stass,</span> <span class='ocrx_word' id='word_1_446' title='bbox 632 5565 650 5616; x_wconf 80' lang='grc' dir='ltr'>Ι.</span> <span class='ocrx_word' id='word_1_447' title='bbox 662 5578 685 5617; x_wconf 85' lang='grc' dir='ltr'>ο.</span> <span class='ocrx_word' id='word_1_448' title='bbox 698 5569 772 5632; x_wconf 76' lang='lat'>4866,</span> <span class='ocrx_word' id='word_1_449' title='bbox 784 5562 810 5619; x_wconf 86' lang='lat' dir='ltr'>d.</span> <span class='ocrx_word' id='word_1_450' title='bbox 847 5563 973 5618; x_wconf 70' lang='lat' dir='ltr'>Nuntius</span> <span class='ocrx_word' id='word_1_451' title='bbox 989 5561 1079 5632; x_wconf 61' lang='lat' dir='ltr'>iffitstr,</span> <span class='ocrx_word' id='word_1_452' title='bbox 1096 5564 1145 5633; x_wconf 76' lang='lat' dir='ltr'>qui</span> <span class='ocrx_word' id='word_1_453' title='bbox 1160 5563 1297 5633; x_wconf 71' lang='lat' dir='ltr'>epistolem</span> <span class='ocrx_word' id='word_1_454' title='bbox 1314 5564 1502 5636; x_wconf 60' lang='lat' dir='ltr'>semiepiscopi</span> <span class='ocrx_word' id='word_1_455' title='bbox 1519 5564 1557 5619; x_wconf 79' lang='lat' dir='ltr'>ad</span> <span class='ocrx_word' id='word_1_456' title='bbox 1572 5565 1678 5621; x_wconf 70' lang='lat' dir='ltr'>maian</span> <span class='ocrx_word' id='word_1_457' title='bbox 1689 5564 1817 5637; x_wconf 65' lang='lat' dir='ltr'>putauit,</span> <span class='ocrx_word' id='word_1_458' title='bbox 1834 5561 2038 5621; x_wconf 59' lang='lat' dir='ltr'>meki·</span> 
     </span>
     <span class='ocr_line' id='line_1_45' title="bbox 383 5647 642 5717; baseline -0.008 -14"><span class='ocrx_word' id='word_1_459' title='bbox 383 5651 436 5703; x_wconf 70' lang='lat' dir='ltr'>sare</span> <span class='ocrx_word' id='word_1_460' title='bbox 447 5647 580 5717; x_wconf 63' lang='lat' dir='ltr'>medus</span> <span class='ocrx_word' id='word_1_461' title='bbox 596 5652 642 5702; x_wconf 82' lang='lat' dir='ltr'>cst.</span> 
     </span>
    </p>
   </div>
   <div class='ocr_carea' id='block_1_11' title="bbox 0 0 2182 6228">
    <p class='ocr_par' dir='ltr' id='par_1_12' title="bbox 0 0 2182 6228">
     <span class='ocr_line' id='line_1_46' title="bbox 0 0 2182 6228; baseline 0 0"><span class='ocrx_word' id='word_1_462' title='bbox 0 0 2182 6228; x_wconf 95' lang='lat' dir='ltr'> </span> 
     </span>
    </p>
   </div>
  </div>
 </body>
</html>
