4328 6232
192 951 205 988 ⁵

860 340 1060 404 namacius
1082 343 1273 407 sannorum.
1310 347 1387 408 124&
1893 359 1956 427 379

302 523 394 588 notia
414 520 541 589 umato
561 519 739 600 inundasse,
760 524 790 585 et
810 520 988 600 &cumbae
1010 527 1046 586 ut
1067 525 1244 606 quicunque
1269 527 1300 590 ci
1322 531 1395 607 post
1422 527 1500 592 duos
1527 547 1644 597 meuses
1661 535 1809 616 proximo
1826 535 1958 620 ficturos

297 630 460 695 ewam
476 629 683 709 moratium,
704 626 803 692 eiduu
819 647 940 711 pocuoc
961 629 1136 708 sumum
1157 632 1298 709 mandat,
1320 637 1356 696 ut
1377 633 1453 697 hoec
1468 635 1639 717 publicent.

404 837 470 891 Μ’
488 835 538 890 N
553 834 618 904 Μ’
637 834 691 889 W·
704 833 733 902 I’
753 840 814 899 ⁶5⁵5
831 832 892 887 ω·
912 832 941 901 Vr
960 849 1016 887 tut.
1035 843 1078 888 44.
1113 834 1221 888 Mutus
1237 851 1270 888 ατ
1289 837 1382 907 Raim-
1400 840 1476 893 Anu.
1495 841 1553 895 coel.
1571 742 1792 912 α.1ῗ244ἶ;ἑ4ζγ
1817 746 1869 811 18⁶

404 922 537 991 Potinae,
556 921 619 989 Rty.
636 927 729 987 12901,·
749 920 850 988 Buca
862 928 936 976 4094.

335 1117 709 1212 Archiepiscopis
733 1122 777 1192 et
804 1117 1029 1210 episcopis
1054 1124 1115 1193 eta
1140 1120 1398 1212 abbatibus
1427 1125 1678 1216 prioribuS,
1707 1130 1909 1218 decanis,

566 1239 893 1314 archidiaconis
927 1244 969 1313 et
1000 1241 1111 1313 aliis
1145 1243 1463 1318 ecclesiarum
1499 1248 1699 1338 prelatis

772 1382 853 1453 per
881 1360 1185 1436 Alamanniam
1212 1366 1484 1440 constitutis.

404 1513 488 1578 Cum
511 1533 569 1576 uos
591 1509 668 1573 olim
690 1507 903 1573 Fredericum
927 1510 1088 1595 quondam
1112 1511 1334 1578 Romanorum
1356 1515 1587 1601 imperatorem
1610 1517 1839 1597 citaverimus,
1862 1524 1898 1581 ut
1921 1518 1953 1581 in

181 1650 188 1679 ι
289 1619 439 1686 concilio
473 1613 689 1700 Lugdunensi
723 1613 941 1698 personaliter
970 1615 1022 1678 vol
1050 1636 1110 1700 per
1137 1619 1269 1681 nuntios
1305 1625 1524 1704 compareret,
1555 1640 1771 1705 responsurus
1799 1621 1893 1685 nobis
1923 1629 1956 1685 et

287 1725 384 1802 aliis,
408 1720 464 1808 qui
480 1719 605 1783 vellent
628 1716 751 1802 aliquid
774 1738 957 1803 proponere
981 1726 1095 1783 eontra
1111 1742 1198 1801 eum,
1222 1728 1255 1786 et
1272 1723 1531 1789 satisfactionem
1548 1724 1699 1788 idoneam
1721 1728 1955 1811 prestiturus¹:

288 1827 444 1906 tandem,
468 1823 543 1910 qnia
565 1822 597 1886 in
622 1819 738 1886 codem
762 1821 899 1885 concilio
924 1823 1029 1886 multa
1053 1823 1138 1888 inter
1161 1832 1272 1888 cetera
1288 1832 1401 1889 contra
1417 1828 1524 1913 ipsum
1542 1829 1588 1891 sic
1612 1833 1702 1892 certa
1726 1833 1758 1892 et
1780 1829 1955 1905 evidentia,

291 1930 385 2017 quod
420 1930 454 1993 in
487 1928 535 1992 eis
569 1924 758 1989 inficiationi
785 1946 919 2010 prorsus
956 1927 1046 1990 loeus
1081 1947 1155 1992 esse
1185 1949 1249 1992 non
1280 1936 1424 2014 poterat,
1449 1932 1622 1996 manifeste
1654 1934 1889 2019 comperimus,
1913 1953 1955 1996 ex

294 2034 419 2121 quibus
443 2030 484 2095 de
506 2031 586 2094 vitio
609 2028 780 2116 pravitatis
803 2028 947 2093 heretice
971 2030 1087 2094 merito
1108 2029 1252 2095 debebat
1275 2031 1389 2096 haberi
1414 2041 1599 2120 suspectus,
1623 2072 1665 2084 —
1692 2035 1857 2100 maxime²
1881 2057 1955 2101 cum

181 2179 187 2198 .
295 2145 376 2226 post
407 2133 751 2201 excommunicationis
775 2132 970 2195 sententiam
995 2154 1014 2196 a
1038 2133 1123 2198 bone
1148 2136 1303 2199 memorie
1327 2135 1353 2200 I.
1378 2136 1531 2224 episcopo
1554 2138 1729 2204 Sabinensi
1752 2145 1786 2203 ct
1809 2188 1842 2205 ..
1867 2139 1954 2203 tituli

181 2678 202 2709 l»

181 3186 202 3224 ὃ

181 3703 201 3739 Β

181 4218 211 4257 ’νδ

196 4735 229 4775 w

211 5243 238 5282 45

298 2243 424 2307 Sancte
448 2239 571 2304 Sabino
594 2235 785 2324 presbytero
802 2235 958 2299 cardinali
981 2238 1080 2301 lutam
1105 2238 1137 2301 in
1162 2239 1278 2324 ipsum,
1303 2246 1477 2326 postquam
1502 2242 1600 2306 etiam
1624 2243 1728 2306 felicis
1752 2242 1950 2306 recordatio-

298 2349 350 2411 nis
379 2344 562 2429 Gregorius
589 2363 676 2428 papa
706 2340 922 2426 predecessor
955 2349 1067 2405 noster
1098 2364 1171 2407 eum
1204 2343 1422 2407 anathematis
1450 2345 1577 2408 viuculo
1605 2346 1787 2425 innodavit,
1819 2367 1857 2408 ac
1880 2351 1955 2431 post

299 2451 443 2515 ecclesie
474 2447 622 2511 Romane
657 2444 888 2523 cardinalium,
922 2444 1121 2530 prelatorum
1155 2453 1189 2510 et
1223 2447 1417 2510 clericorum
1449 2469 1487 2510 ao
1517 2449 1653 2512 aliorum
1686 2449 1785 2512 etiam
1813 2447 1954 2512 diversis

300 2553 503 2640 temporibus
527 2550 568 2615 ad
591 2548 702 2614 sedem
726 2547 940 2634 apostolicam
958 2549 1157 2613 venientium
1178 2551 1373 2636 captionem,
1391 2551 1528 2616 ecclesie
1553 2553 1664 2616 claves
1687 2551 1955 2639 contempseritb,

304 2658 364 2722 sibi
388 2656 512 2721 faciens
536 2653 712 2733 celebrari,
737 2653 790 2716 vel
813 2652 938 2737 potius,
964 2657 1121 2737 quantum
1145 2652 1177 2738 in
1202 2674 1241 2716 eo
1266 2653 1344 2732 fuit,
1375 2655 1537 2740 profanari
1561 2655 1689 2735 divina,
1712 2663 1900 2721 constanter
1923 2660 1957 2719 et

301 2767 451 2848 patenter
467 2778 619 2823 asserens
640 2779 676 2821 se
700 2755 819 2842 prefati
842 2754 1086 2840 predecessoris
1113 2758 1295 2820 sententias
1319 2779 1382 2821 non
1406 2759 1523 2838 vereri,
1548 2765 1581 2822 et
1603 2760 1736 2845 insuper
1760 2762 1954 2825 coniunctus

303 2864 446 2929 amicitia
467 2859 656 2927 detestabili
681 2858 887 2939 Sarracenis,
920 2880 1032 2923 corum
1063 2859 1142 2922 ritus
1170 2861 1372 2946 amplectens
1402 2868 1435 2925 et
1467 2862 1593 2947 aliquos
1618 2884 1660 2927 ex
1688 2864 1767 2950 ipsis
1791 2865 1822 2927 in
1847 2864 1953 2947 quoti-

302 2968 405 3033 dianis
441 2968 512 3032 eius
546 2964 712 3049 obsequiis
741 2985 852 3027 secum
880 2970 1010 3042 tenens,
1040 2964 1176 3028 nuncios
1205 2964 1332 3028 soldani
1355 2965 1554 3050 Babylonio,
1583 2975 1754 3053 postquam
1779 2967 1864 3033 idem
1889 2969 1954 3030 sol·

301 3071 414 3152 danus,
430 3090 505 3134 oum
528 3089 591 3154 quo
608 3067 714 3131 dictus
730 3065 938 3146 Fredericus,
961 3073 1057 3153 prout
1081 3089 1123 3131 ex
1147 3069 1248 3153 ipsius
1267 3068 1394 3133 soldani
1413 3071 1598 3155 accepimus
1614 3072 1742 3152 litteris,
1767 3077 1950 3157 atemporc

303 3175 403 3261 patris
426 3172 574 3237 eiusdem
598 3170 724 3234 soldani
748 3169 1002 3234 familiaritatem
1027 3177 1060 3233 et
1082 3169 1291 3236 dilectionem
1315 3178 1462 3237 mutuam
1486 3195 1523 3237 ac
1547 3175 1751 3240 concordiam
1773 3175 1954 3260 perfectam

301 3279 456 3343 habuisse
482 3275 678 3353 dinoscitur,
708 3274 810 3338 Terre
842 3273 963 3338 Sancte
993 3295 1030 3338 ao
1063 3276 1132 3338 eius
1161 3275 1398 3341 habitatoribus
1429 3277 1624 3342 Christianis
1655 3300 1714 3364 per
1745 3300 1780 3343 se
1811 3299 1848 3341 ac
1872 3298 1949 3340 suos

301 3381 442 3468 dampna
462 3379 657 3466 gravissima
681 3384 715 3443 et
737 3377 977 3442 inextimabiles
1001 3378 1136 3442 iniurias
1160 3380 1329 3465 irrogarat,
1360 3380 1475 3445 fecerit
1503 3402 1562 3466 per
1585 3403 1722 3467 regnum
1746 3381 1856 3445 Sicilie
1881 3401 1954 3442 cum

301 3485 451 3552 laudibus
487 3484 528 3549 ad
564 3482 714 3549 eiusdem
746 3481 872 3546 soldani
908 3484 1135 3547 extollentiam
1166 3485 1343 3548 honorifico
1372 3485 1494 3570 suscipi
1525 3491 1559 3549 ct
1581 3484 1751 3569 magnifice
1775 3483 1952 3570 procurari,

302 3612 426 3656 necnon
455 3589 590 3653 aliorum
619 3586 798 3651 infidelium
834 3587 1026 3672 perniciosis
1054 3594 1088 3651 et
1118 3586 1288 3652 horrendis
1316 3587 1482 3673 obsequiis
1512 3595 1625 3651 contra
1655 3587 1769 3652 fideles
1799 3587 1951 3666 abutens,

301 3694 378 3776 illis,
406 3693 462 3780 qui
492 3690 741 3778 dampnabiliter
769 3689 1009 3774 vilipendentes
1033 3692 1247 3775 apostolicam
1271 3691 1383 3755 sedem
1406 3691 1448 3755 ab
1476 3692 1601 3755 unitate
1626 3691 1765 3755 ecclesie
1789 3690 1953 3755 discesse-

302 3804 383 3879 mnt,
407 3795 633 3884 procuraverit
656 3793 800 3858 amicitia
823 3801 855 3857 et
879 3793 1039 3859 affinitate
1064 3795 1232 3880 coniungi,
1255 3796 1428 3880 —ipsum
1452 3796 1484 3858 in
1509 3796 1637 3881 prefato
1661 3796 1797 3861 concilio
1822 3799 1955 3881 propter

300 3901 359 3968 hec
387 3910 422 3967 et
452 3901 519 3965 alia
547 3900 702 3987 plurima,
734 3921 796 3985 qne
823 3901 856 3964 in
885 3903 1048 3965 sententia
1072 3908 1148 3965 tuuc
1176 3904 1302 3987 prolata
1325 3908 1436 3968 contra
1459 3925 1533 3968 eum
1557 3927 1576 3968 a
1600 3903 1693 3967 nobis
1720 3901 1849 3986 plenius
1874 3919 1951 3962 con·

300 4005 455 4086 tinentur,
479 4003 643 4069 abiectum
666 4006 817 4089 omnique
842 4004 967 4068 honore
991 4027 1029 4069 ac
1053 4005 1214 4091 dignitate
1239 4014 1305 4070 tam
1329 4007 1456 4092 imperii
1480 4028 1578 4091 quam
1595 4026 1770 4092 regnorum
1793 4004 1954 4089 privatum

302 4110 483 4175 aDomino
506 4108 778 4190 denuntiavimus,
802 4131 877 4174 eum
902 4110 1131 4175 nichilominus
1157 4111 1388 4176 sententiando
1405 4112 1583 4196 privantes,
1608 4104 1954 4174 excommunicationis

305 4215 493 4280 solemniter
515 4214 548 4278 in
574 4213 714 4277 eundem
738 4219 871 4299 propter
894 4212 953 4276 has
978 4221 1012 4278 et
1034 4216 1116 4278 alias
1140 4236 1258 4279 causas
1289 4216 1454 4279 sententia
1487 4215 1707 4300 promulgata;
1737 4231 1833 4295 quam
1862 4214 1953 4293 post-

303 4319 430 4384 modum
458 4319 624 4383 annuatim
654 4319 752 4381 certis
782 4318 1045 4382 solemnitatibus
1077 4340 1167 4383 more
1198 4319 1346 4383 Romane
1377 4318 1517 4382 ecclesie
1541 4317 1694 4380 duximus
1724 4311 1952 4378 innovandam.

400 4420 468 4486 Sed
490 4423 578 4509 ipso,
611 4427 767 4505 tanquam
791 4421 823 4484 in
852 4422 920 4484 suis
951 4421 1141 4486 obfirmatus
1173 4423 1344 4507 nequitiis,
1377 4443 1437 4486 neo
1468 4420 1574 4485 adhuc
1597 4419 1638 4483 de
1662 4425 1730 4482 tam
1752 4413 1893 4481 nefanda
1917 4421 1950 4478 et

305 4523 501 4613 dampnabili
536 4524 722 4609 suspicione
758 4524 966 4604 satisfacere,
1000 4546 1061 4588 nec
1095 4525 1135 4589 ad
1173 4527 1334 4610 gremium
1369 4524 1483 4588 matris
1513 4523 1653 4587 ecclesio
1683 4520 1791 4585 redire
1815 4518 1950 4595 curavit,

305 4627 377 4694 licet
397 4629 669 4694 Panormitanum
691 4626 985 4714 archiepiscopum,
1004 4629 1194 4715 episcopum
1211 4630 1408 4716 Papiensem
1433 4634 1466 4692 et
1488 4626 1645 4712 quosdam
1668 4625 1750 4689 alios
1774 4622 1814 4687 ad
1839 4622 1952 4686 sedem

306 4731 475 4799 destinarit
507 4731 660 4813 eandem,
694 4732 750 4817 qui
785 4731 1030 4796 venerabilibus
1064 4732 1219 4797 fratribus
1249 4733 1422 4797 Portnensi
1454 4738 1488 4796 et
1516 4729 1697 4795 Albanensi
1727 4727 1891 4813 episcopis
1920 4730 1954 4789 et

303 4833 422 4903 dilecto
446 4836 513 4901 filio
536 4842 647 4901 nostro
670 4834 713 4899 H.
738 4836 824 4899 tituli
849 4834 970 4898 Sancto
996 4834 1116 4900 Sabine
1140 4836 1329 4922 presbytero
1354 4835 1525 4916 cardinali,
1557 4855 1638 4918 quos
1663 4833 1711 4898 eis
1736 4830 1957 4895 concessimus

302 4941 480 5019 auditores,
502 4940 755 5004 instrumentum
779 4938 948 5004 cuiusdam
972 4939 1162 5004 tabellionis
1195 4947 1228 5003 ot
1255 4941 1384 5003 litteras
1412 4940 1555 5002 munitas
1584 4937 1674 5001 bulla
1697 4955 1796 4999 aurea
1817 4954 1955 5019 presen-

300 5047 423 5126 tarunt,
446 5045 480 5108 in
503 5043 620 5128 quibus
643 5043 885 5122 continebatur,
907 5042 993 5127 quod
1017 5064 1091 5107 cum
1114 5042 1200 5107 idem
1216 5042 1412 5107 Proderious
1436 5042 1554 5105 fuisset
1577 5042 1608 5103 in
1632 5038 1793 5125 premisso
1817 5036 1955 5100 concilio

299 5143 433 5213 habitus
455 5147 497 5212 de
520 5147 668 5213 heretica
690 5147 852 5233 pravitate
876 5153 1060 5232 suspectus,
1085 5147 1167 5233 ipse,
1191 5147 1410 5229 interrogatus
1434 5151 1468 5209 et
1491 5144 1698 5208 examinatus
1721 5140 1763 5205 ab
1787 5140 1834 5203 eis
1856 5158 1956 5223 super

302 5252 450 5317 articulis
473 5252 636 5317 contentis
658 5251 692 5315 in
715 5250 864 5334 symbolo
888 5259 922 5315 et
944 5251 1016 5315 aliis
1040 5250 1081 5314 ad
1104 5250 1202 5314 tidem
1231 5250 1425 5315 catholicam
1447 5245 1698 5333 pertinentibus,
1722 5243 1806 5307 dixit
1828 5263 1863 5305 se
1885 5242 1959 5305 illos

945 5414 948 5418 ¹
1242 5412 1256 5415 ,,
1570 5406 1632 5412 ...-
1648 5402 1850 5410 —.-——-—.-

403 5512 429 5578 Ι)
447 5511 495 5574 Β.,·
511 5519 539 5565 ct
555 5511 625 5565 dccet
643 5511 729 5580 Bayn.
828 5509 855 5577 b)
872 5513 1026 5579 contempsit
1044 5511 1130 5579 Royan.

407 5631 433 5698 1)
452 5629 493 5697 (ts.
509 5646 538 5684 a
557 5636 599 5685 ca.
702 5628 791 5697 2)οῇ
808 5646 838 5683 u.
858 5637 905 5684 rar
923 5635 947 5683 a
965 5638 1019 5685 rat.
