4790 6340
442 417 504 480 348
996 406 1043 462 ux
1063 403 1280 460 lNNOCllN'l'll
1298 403 1337 458 IV
1356 401 1535 458 usnlsnuo

441 587 633 652 auctoritate
657 584 749 650 vobis
773 583 973 670 presentium
1005 581 1228 667 indulgemus,
1257 586 1293 644 ut
1322 584 1494 665 postquam
1523 576 1624 642 inerit
1647 574 1753 641 cidem
1776 575 1934 641 Sanctoro
1957 584 1991 643 ct
2013 584 2090 642 noto

441 689 579 777 predicti
615 689 734 754 nobilis
769 688 809 752 de
837 686 1007 752 beneficiis
1041 683 1162 750 debitis
1196 682 1379 770 provisum.
1411 680 1537 766 prefato
1567 680 1739 764 magistro,
1765 679 1961 766 preferendo
1984 681 2089 768 ipsum

442 795 516 859 eliis
540 815 610 874 sex,
634 792 808 858 dummodo
831 793 905 879 ipss
927 789 1088 855 beneficia
1110 787 1175 852 illis
1203 807 1265 850 non
1295 786 1360 850 sint
1388 784 1420 848 in
1444 783 1643 870 specialibus
1667 783 1815 848 ecelesiis
1842 784 2007 869 assignata
2029 806 2089 851 seu

441 898 540 962 etiam
575 903 761 969 reservata,
796 895 927 982 possitis
962 892 1131 980 providere
1166 893 1199 955 in
1236 888 1462 954 ecclesiastico
1492 886 1651 952 beneficio
1681 889 1892 973 competenti,
1926 888 2012 974 quod
2047 889 2088 954 ad

441 1001 647 1066 collationem
671 1006 814 1065 vestram
836 998 999 1087 pertineat
1022 1004 1057 1062 et
1079 995 1287 1061 consueverit
1310 993 1437 1058 clericis
1461 992 1663 1058 secularibus
1690 993 1859 1078 assignari,
1877 1032 1918 1040 -
1940 1015 2004 1058 uon
2029 994 2087 1059 ob-

442 1110 549 1168 stante
587 1102 675 1190 quod
709 1104 790 1168 alias
824 1103 1038 1168 beneficiatus
1072 1100 1184 1164 existit
1211 1099 1265 1163 vel
1293 1095 1378 1184 qued
1406 1097 1487 1161 alias
1517 1097 1706 1183 scripsimus
1734 1117 1792 1181 prc
1825 1096 1941 1162 eodem
1966 1134 2020 1179 -,
2044 1099 2090 1162 ite

440 1214 551 1273 tomen
586 1207 671 1293 quod
705 1205 913 1293 postmodum
938 1203 1092 1291 predictis
1120 1224 1178 1267 sex
1209 1201 1337 1267 clericis
1365 1197 1566 1285 provideatis
1595 1207 1632 1263 ut
1661 1200 1816 1264 tenemini
1846 1199 1886 1264 ad
1914 1198 1965 1273 id,
1993 1222 2088 1286 quam

442 1313 584 1398 primunr
608 1311 763 1378 obtulerit
786 1333 822 1376 se
845 1309 993 1374 facultas.
1037 1307 1127 1372 Nulli
1151 1327 1230 1391 ergo
1253 1312 1314 1371 etc.
1339 1310 1449 1369 nostre
1473 1303 1693 1368 concessionis
1717 1311 1778 1369 etc.

544 1432 620 1498 Dat.
644 1438 680 1496 ut
704 1433 834 1518 supra².

1210 1919 1298 1993 493.

545 2033 763 2126 Inmensum
784 2056 841 2122 IV
848 2079 938 2142 pepo
959 2057 1135 2145 H[csrico]
1156 2059 1193 2123 dc
1214 2059 1428 2142 Klirspesbcrc
1448 2059 1596 2123 canonico
1615 2059 1762 2124 Cirrieusi
1784 2059 1828 2124 od
1842 2081 1951 2142 preces
1973 2062 2092 2148 H[ort·
2143 2093 2169 2132 ιο

440 2163 571 2248 amosi]
596 2161 730 2226 maioris
757 2165 787 2225 ct
814 2160 1049 2248 H[ortmarmi]
1076 2163 1213 2228 iunioris
1246 2163 1389 2228 tersitem
1422 2162 1459 2226 dc
1485 2162 1624 2244 Kiburp‚
1652 2181 1784 2244 quorum
1810 2165 2013 2232 constiterint
2041 2169 2092 2246 sit,

439 2267 590 2350 iadslpet,
613 2269 648 2330 ut
663 2264 839 2350 [liudolfo]
857 2267 960 2330 comiti
981 2267 1018 2332 dc
1033 2265 1313 2348 Rupnccldcswilcr
1332 2285 1444 2349 persero
1466 2266 1586 2330 comitis
1607 2265 1745 2330 iunioris
1766 2271 1795 2330 ct
1815 2267 1892 2332 otiis
1909 2266 2095 2354 [ammius

440 2369 601 2435 Fridcrici
622 2369 781 2450 quondam
803 2369 1002 2450 imperatoris
1023 2370 1277 2436 communicando
1298 2371 1644 2435 excommunicationem
1674 2371 1822 2436 arciorem
1851 2391 1916 2436 noc
1937 2374 2092 2442 incurrat.

544 2491 607 2544 ns.
627 2489 678 2544 rv
697 2487 762 2560 neq.
785 2489 883 2560 vocs,
906 2499 969 2558 coc·
995 2491 1057 2546 ca.
1079 2490 1183 2560 vase,
1741 2475 1835 2553 1248,
1857 2475 1950 2544 Febr.
1975 2479 2004 2541 9·

544 2577 642 2646 Βῆριν
660 2581 734 2632 3612.

748 2757 794 2830 H.
822 2757 876 2831 de
903 2753 1277 2851 Klingemberc⁸²
1300 2755 1530 2830 canonico
1558 2756 1788 2831 Curiensi.

548 2906 594 2972 Ut
616 2913 648 2972 te
671 2906 758 2973 dono
781 2907 887 2991 gratie
911 2927 1155 2993 prosequamur,
1172 2906 1365 2972 dilectorum
1388 2907 1530 2971 filiorum
1553 2905 1710 2971 nobilium
1727 2907 1871 2972 virorum
1893 2908 1937 2972 H.
1954 2911 2091 2975 senioris

441 3017 475 3074 et
508 3010 552 3076 H.
575 3011 709 3076 iunioris
742 3012 897 3076 comitum
931 3009 972 3077 de
1007 3009 1173 3092 Kiburch,
1204 3031 1339 3096 quorum
1368 3031 1404 3075 es
1433 3009 1652 3091 consiliarius,
1682 3008 1801 3074 devota
1823 3014 2012 3097 precamina
2033 3034 2091 3079 nos

443 3112 611 3181 inducunt.
657 3114 739 3180 Cum
761 3117 875 3202 igitur,
911 3115 996 3180 sicut
1019 3136 1186 3203 exponere
1214 3115 1382 3197 curavisti,
1414 3135 1488 3179 cum
1515 3113 1616 3179 nobili
1638 3115 1707 3178 viro
1730 3162 1764 3181 ..
1790 3116 1909 3181 comite
1937 3115 1978 3182 de
2001 3117 2090 3206 Rap-

443 3217 652 3284 rethtisvviler
664 3219 687 3300 ³,
724 3241 846 3306 genero
881 3220 1019 3307 predicti
1057 3219 1182 3284 comitis
1213 3219 1364 3299 iunioris,
1393 3217 1435 3283 ad
1465 3239 1561 3304 quem
1592 3239 1671 3306 sepe
1701 3217 1741 3281 cb
1771 3217 1893 3284 eisdem
1916 3221 2091 3287 comitibus
2144 3247 2170 3287 so

442 3342 501 3408 pro
525 3323 665 3409 negotiis
689 3324 829 3390 ecclesie
852 3322 1044 3406 destinaris,
1073 3345 1112 3389 ac
1135 3323 1286 3388 nonnulis
1314 3323 1386 3388 aliis
1417 3320 1600 3387 fautoribus
1630 3322 1668 3388 F.
1691 3321 1854 3408 quondam
1884 3324 2093 3411 imperatoris

445 3427 686 3492 communicare
710 3434 857 3513 oporteat
879 3433 912 3493 te
936 3427 1140 3514 frequenter,
1162 3447 1238 3506 nos,
1262 3432 1319 3490 tue
1341 3424 1440 3490 saluti
1462 3425 1611 3491 volentes
1640 3427 1811 3490 consulere
1841 3427 1874 3490 in
1905 3427 1966 3492 hcc
1989 3437 2093 3515 perte,

443 3528 604 3594 dictarum
628 3531 780 3596 comitum
803 3531 959 3619 precibus
990 3530 1151 3610 inclinati,
1175 3531 1369 3596 auctoritate
1393 3529 1455 3594 tibi
1477 3529 1679 3616 presentium
1703 3530 1924 3617 indulgemus,
1947 3539 1983 3597 ut
2005 3554 2092 3599 com-

443 3633 638 3700 municondo
665 3636 821 3723 predictis
851 3636 1023 3702 occasione
1052 3634 1256 3714 huiusmodi,
1285 3631 1460 3700 dummodo
1484 3653 1580 3718 opem
1603 3630 1782 3698 studiosam
1804 3635 1863 3700 des
1892 3643 1925 3700 ct
1948 3656 2092 3723 operam,

444 3736 530 3822 quod
562 3736 604 3802 cd
637 3739 826 3804 mandatum
865 3739 1006 3804 ecclesie
1044 3743 1267 3819 revertantur,
1305 3757 1510 3823 nequaquam
1550 3739 1894 3803 excommunicationis
1929 3739 2092 3806 vinculum
2144 3764 2169 3805 ss

443 3842 577 3908 maioris
601 3843 779 3910 incurras4.
823 3844 914 3909 Nulli
937 3864 1017 3930 erge
1041 3849 1105 3910 etc.
1127 3849 1240 3909 nostre
1265 3843 1484 3908 concessionis
1508 3848 1571 3905 etc.

550 3964 629 4030 Dat.
652 3964 816 4052 Lugduni,
832 3965 863 4031 V
881 3964 958 4032 Idus
981 3965 1161 4047 Februarii,
1186 3985 1271 4032 auno
1288 3963 1344 4028 V0.

548 4129 612 4136 μ.-
1095 4129 1150 4134 -.-..
1484 4125 1580 4132 .-ω-
1586 4125 1605 4131 --
1620 4125 1984 4134 ————————--—=

547 4225 571 4292 Ι1)
589 4227 763 4293 Klugemberc
781 4227 813 4278 B.

550 4363 576 4430 l)
595 4361 652 4416 Sub
679 4361 764 4416 cales
790 4361 835 4415 ‹iic
861 4364 978 4432 episcopo
1004 4363 1191 4434 Arpertisessi
1211 4363 1363 4432 mandam,
1388 4379 1421 4417 sc
1438 4379 1480 4416 cos
1497 4379 1576 4431 siper
1593 4362 1641 4416 soc
1657 4361 1789 4416 motscrt
1802 4364 1975 4430 possideret,-
1992 4365 2093 4434 Besper

442 4455 516 4504 3002.
545 4479 577 4488 -
604 4449 663 4504 Sub
683 4449 763 4504 Febr.
783 4457 813 4504 18
839 4450 942 4505 intuitu
964 4449 1108 4505 Gelrdrordr'
1134 4451 1267 4520 capcttosi
1292 4450 1351 4519 sui,
1378 4449 1526 4520 (isorsradsJ
1545 4449 1639 4517 fratris
1662 4450 1733 4516 ests,
1751 4449 1851 4502 cessitis
1867 4448 1899 4502 de
1918 4449 2091 4518 mucce
2143 4467 2170 4506 eo

443 4535 559 4590 Hearici
576 4533 608 4588 de
627 4535 762 4590 tierotsdce
778 4538 900 4591 canonici
917 4537 1064 4607 Spiressis
1089 4537 1190 4608 cepistis
1214 4537 1283 4592 stedi
1301 4536 1449 4606 Spirmsis,
1469 4535 1516 4607 [dc
1533 4553 1586 4606 quo
1607 4535 1640 4602 cs.
1657 4553 1685 4591 a.
1704 4537 1769 4607 327]
1786 4553 1847 4591 evm
1864 4537 1948 4590 orders
1967 4537 2093 4592 ccccm

443 4637 524 4690 sstper
542 4621 699 4690 pturutmte
721 4623 900 4690 Μόθων
922 4624 1100 4694 dispmsuoit3
1121 4624 1219 4693 Βῆριν
1236 4630 1310 4680 3683.
1356 4623 1415 4678 Sub
1434 4623 1517 4678 Most.
1536 4629 1567 4677 13
1590 4622 1677 4675 abbati
1698 4627 1722 4675 et
1742 4623 1881 4676 mmet
1903 4623 2091 4680 Memnona.

443 4707 613 4762 membres
637 4709 776 4778 euomuit,
803 4715 834 4764 ut
861 4711 1016 4779 captumst
1035 4709 1193 4765 θοωαὶοιιηι
1210 4711 1439 4780 Asperstisrcrrsers,
1458 4709 1579 4764 metm
1600 4725 1692 4776 susm,
1716 4709 1747 4762 iss
1764 4710 1894 4764 conooico
1910 4715 1933 4764 rt
1950 4710 2020 4764 civiti
2035 4711 2094 4765 sere

440 4796 569 4864 peritum,
594 4801 716 4851 moturae
741 4798 834 4852 aetatis
857 4799 1021 4866 mommo,
1043 4804 1186 4866 postquem
1204 4797 1370 4852 Welrornsao
1386 4797 1419 4851 de
1439 4796 1587 4852 emeretr
1608 4797 1739 4850 cocenim
1756 4796 1942 4865 arpentum·
1955 4795 2092 4866 precisum

443 4883 535 4950 tuerit
553 4883 669 4951 quisque
687 4883 749 4937 aliis
765 4884 873 4952 clericis,
892 4885 984 4940 litteris
1001 4887 1153 4954 apostolicis
1170 4903 1227 4940 rios
1244 4885 1418 4953 obstetricium,
1433 4884 1610 4954 praetereat
1627 4885 1723 4952 Bcrper
1741 4889 1818 4937 3300.
1848 4913 1878 4922 -
1908 4882 1963 4936 su
1981 4885 2042 4939 Ios.
2060 4891 2092 4938 20
2143 4897 2168 4936 ss

444 4967 533 5020 000(οί
559 4973 581 5021 ct
607 4970 746 5022 musenim
767 4971 919 5024 mmurcterii
941 4970 973 5025 ds
991 4971 1191 5026 Edcasutader
1214 4973 1349 5040 concessit,
1367 4977 1398 5025 ut
1413 4971 1558 5025 Walter-urs
1575 4969 1732 5024 canonicum
1750 4971 1979 5040 Arpeatiscsscm,
1997 4975 2093 5023 soteria

450 5052 592 5124 Wscttcsi}
610 5055 642 5108 dc
656 5055 843 5126 desuescere,
860 5055 980 5111 adrorati
996 5057 1048 5126 sui,
1066 5057 1199 5126 musam
1216 5057 1336 5112 medae
1351 5073 1401 5126 pro
1418 5057 1518 5110 sirsbsts
1531 5073 1680 5125 quorsom
1697 5055 1837 5124 strcdcrstis,
1855 5055 1925 5122 (dib,
1944 5055 2041 5124 psrbses
2058 5053 2094 5108 ad

445 5139 605 5194 mamistam
617 5143 792 5211 apostoticam
805 5143 943 5212 procidere
959 5149 1119 5212 martur,
1134 5145 1313 5213 praeserere,-
1333 5145 1430 5213 Bespcr
1441 5151 1515 5212 3031,
1534 5143 1567 5210 cf.
1579 5149 1651 5198 3533.
1753 5143 1781 5208 2)
1801 5142 1838 5196 Is
1855 5141 1942 5196 Korst.
1964 5142 2093 5212 l'tvurpcu

440 5243 524 5296 prope
541 5229 626 5282 locum
643 5229 789 5299 Homburp,
808 5246 822 5284 e
838 5247 899 5285 me.
918 5235 942 5285 ct
958 5245 1008 5285 occ
1027 5231 1075 5287 cic.
1090 5229 1228 5285 Condere.
1310 5233 1337 5299 3)
1358 5230 1565 5301 Repperscbupl
1580 5229 1616 5284 od
1634 5231 1720 5284 boos
1741 5230 1913 5285 aniccsues.
1989 5231 2016 5298 t)
2037 5229 2093 5284 Sub

447 5313 526 5368 Febr.
546 5321 579 5368 10
601 5315 737 5370 comitibus
758 5317 790 5371 de
812 5317 928 5386 Kiburr,
958 5320 1025 5371 ‘cim
1051 5318 1133 5386 ipsos,
1157 5318 1341 5372 misidaiutcs
1358 5323 1380 5371 ct
1398 5318 1522 5384 officrbtrs
1538 5333 1601 5370 suos
1621 5321 1748 5386 oporteret
1764 5315 1915 5384 coumndo,
1933 5315 2092 5384 hospitando
2142 5335 2170 5376 sc

443 5401 585 5467 multisque
601 5401 688 5456 modis
704 5403 766 5456 aliis
783 5421 844 5457 erm
859 5403 1010 5471 sammrbrrs
1027 5403 1193 5472 inperatoris
1210 5405 1401 5458 communicare
1415 5405 1580 5472 frequenter,
1597 5403 1664 5457 idcm
1680 5403 1807 5471 iad-ulsin
1828 5405 1927 5472 Bcrpcr
1943 5409 2012 5458 3013.
2048 5403 2090 5456 Dc

443 5487 539 5540 eisdem
560 5487 590 5554 cs.
609 5488 689 5542 etiam
711 5490 787 5556 istm
811 5507 838 5544 a.
857 5498 908 5544 400
929 5497 953 5543 et
977 5495 1088 5557 coquet
1107 5489 1204 5558 Berocr
1221 5497 1293 5558 3005,
1311 5497 1384 5560 3674,
1404 5497 1480 5559 3810,
1498 5498 1573 5546 4001.
1609 5490 1736 5544 Fortasse
1753 5491 1857 5544 comites
1873 5490 1927 5542 iam
1945 5495 2001 5544 tum
2020 5489 2092 5558 Lup-

444 5571 512 5626 dusi
530 5580 607 5626 erest
625 5574 670 5642 [cf.
688 5591 716 5630 rs.
735 5575 808 5644 1931,
829 5575 872 5629 scd
891 5576 928 5630 ‘is
942 5575 1100 5644 mouentia
1116 5591 1205 5644 papae
1222 5578 1366 5632 wustitrdi'
1383 5577 1504 5632 sendum
1520 5577 1639 5646 perrorat.
