4328 6232
757 344 805 402 EX
824 343 1040 403 INNOOEN'I’II
1058 341 1096 400 IV
1115 342 1296 402 REGISTRO

999 649 1059 721 71.

308 747 526 841 Innocentius
541 776 565 841 Ι
567 775 596 840 V
609 796 700 859 papo
717 774 896 841 Wtadislao
917 778 992 838 nato
1013 739 1229 858 [Wennslai]
1250 769 1333 853 repis
1354 769 1524 835 Bononiae
1553 768 1700 854 indntpet,
1727 775 1764 836 nt
1785 793 1857 836 enm

203 880 403 965 [Genrnda]
428 884 517 964 nepte
538 877 716 964 [Friderici
734 878 792 963 ΙΙ]
819 877 908 942 cineis
934 878 1087 942 Anstriae
1117 875 1354 941 enatotnoono'nm
1382 874 1562 938 contrahere
1591 874 1708 953 aaran
1741 879 1857 957 quarn

205 982 489 1067 eonsenpne'nitate‘s
508 982 612 1065 prada
634 1001 698 1046 non
720 981 866 1046 obstame
1528 980 1622 1057 1244,
1644 977 1719 1045 Dec.
1734 982 1767 1044 8.

308 1102 373 1156 Inn.
386 1101 434 1156 IV
449 1101 513 1170 aa.
531 1101 625 1170 Vol.I,
643 1108 701 1170 121,·
718 1100 777 1155 Inb.
790 1100 829 1169 H,
846 1107 871 1157 2.
901 1101 1002 1155 Pnteie'
1019 1101 1151 1169 menime
1168 1099 1328 1177 contantinus
1345 1114 1406 1152 aene
1424 1095 1530 1165 mene,
1548 1096 1613 1152 (lod.
1624 1096 1688 1167 dipl.
1703 1099 1855 1168 Mesenae,

203 1194 221 1243 t.
235 1188 294 1256 ΙΙΙ,
308 1204 338 1257 p.
350 1193 393 1256 43,
410 1204 438 1241 n.
451 1195 490 1243 57.
1918 1203 1931 1242 s

307 1273 439 1341 Pennas,
458 1272 524 1343 Rea.
539 1280 630 1341 reesa·
648 1273 745 1343 Rapa
757 1281 811 1329 neo.

260 1471 419 1544 Nobili
444 1468 545 1543 viro
574 1469 808 1544 Waislao⁸
835 1474 946 1543 nato
975 1467 1207 1545 carissimi
1232 1468 1277 1542 in
1303 1467 1490 1542 Christo
1517 1468 1611 1542 filii
1637 1466 1795 1542 nostri

704 1647 743 1664 ..
769 1589 980 1664 illustris
1006 1589 1130 1682 regis
1156 1588 1356 1662 Boemie.

312 1739 418 1806 Cumb
447 1761 591 1804 summus
619 1739 771 1826 pontifex
801 1738 929 1802 collatis
959 1736 1022 1802 sibi
1051 1736 1084 1801 in
1115 1757 1257 1824 persona
1286 1736 1376 1802 beati
1397 1736 1487 1802 Petri
1510 1736 1551 1801 ab
1575 1757 1630 1816 eo,
1661 1737 1717 1822 qui
1739 1744 1856 1802 eterna

203 1844 410 1930 providentia
434 1844 572 1908 celestia
595 1844 692 1907 simul
716 1849 749 1907 et
772 1848 906 1907 terrena
933 1840 1090 1928 disponit,
1121 1840 1267 1906 clavibus
1290 1841 1384 1924 regni
1406 1840 1538 1905 celestis
1560 1839 1684 1925 ligandi
1707 1840 1856 1905 obtineat
1905 1864 1930 1903 ιο

204 1947 405 2033 pontificium
428 1954 463 2012 et
485 1946 647 2027 solvendi,
679 1966 936 2031 nonnumquam,
966 1965 1065 2032 supra
1087 1945 1138 2008 ius
1160 1945 1202 2009 de
1225 1945 1295 2009 iure
1319 1944 1528 2029 dispensans,
1552 1945 1761 2009 necessitatis
1784 1945 1857 2009 vin·

203 2051 326 2129 culum,
367 2061 452 2136 quo⁰
480 2049 521 2114 ad
554 2051 657 2135 ipsius
691 2050 770 2114 iuris
805 2047 1048 2112 observantiam
1086 2048 1195 2111 cuncti
1228 2054 1397 2128 tenentur,
1436 2047 1529 2111 laxat
1557 2046 1694 2134 provide
1722 2047 1763 2113 de
1796 2069 1856 2113 sue

201 2155 374 2240 potestatis
396 2152 601 2239 plenitudine
625 2154 712 2218 circa
734 2152 903 2238 quosdam,
928 2173 999 2216 oum
1023 2172 1146 2236 urgens
1170 2151 1350 2216 necessitas
1374 2151 1478 2235 exigit
1494 2151 1546 2216 vel
1569 2150 1704 2216 evidens
1720 2152 1856 2233 utilitas,

204 2257 346 2321 maxime
369 2256 516 2344 publica,
544 2256 737 2341 persuadet,
755 2256 857 2320 nulla
880 2256 1121 2321 interveniente
1145 2255 1335 2342 acceptione
1359 2253 1507 2319 indebita
1528 2275 1756 2339 personarum,
1780 2257 1857 2341 quia

203 2381 269 2424 non
293 2366 344 2424 est
366 2358 584 2445 reputandum
607 2358 730 2423 deferri
753 2380 904 2444 persone,
929 2381 1002 2424 cum
1025 2342 1083 2447 pro
1107 2361 1177 2423 loco
1202 2365 1235 2424 et
1257 2365 1405 2446 tempore
1428 2380 1492 2424 non
1514 2359 1633 2445 privati
1655 2364 1707 2423 set
1729 2359 1855 2446 publici
1906 2379 1929 2418 a

201 2462 329 2527 oomodi
352 2464 473 2547 gratia,
504 2469 537 2527 et
565 2462 738 2548 presertim
760 2463 862 2528 divini
886 2463 1148 2528 consideratione
1172 2462 1312 2542 servitii,
1342 2463 1513 2547 quicquam
1543 2462 1641 2526 alicui
1672 2462 1745 2527 siue
1775 2464 1856 2529 iuris

202 2567 321 2631 iniuria
353 2565 549 2649 indulgetur.
594 2565 681 2629 Hinc
713 2572 778 2646 est,
815 2566 900 2652 quod
931 2587 1008 2647 nos,
1042 2566 1108 2630 tuis
1137 2572 1171 2630 et
1203 2565 1365 2629 carissimi
1394 2565 1427 2628 in
1451 2562 1583 2629 Christo
1615 2564 1673 2630 filii
1696 2568 1798 2631 nostri
1823 2618 1856 2635 ..

201 2670 336 2734 illustris
367 2669 454 2754 regis
477 2669 613 2733 Boemie
641 2671 743 2755 patris
772 2671 820 2734 tui
849 2668 1141 2756 supplicationibus
1170 2669 1332 2748 inclinati,
1362 2677 1487 2748 tecum,
1517 2674 1554 2731 ut
1582 2689 1656 2732 cum
1678 2669 1801 2734 dilecta
1822 2672 1856 2735 in

202 2770 332 2837 Christo
357 2773 423 2835 lilia
447 2822 480 2839 ..
504 2779 602 2857 nepte
625 2772 743 2837 nobilis
764 2773 826 2837 viri
849 2823 881 2838 ..
904 2773 997 2837 ducis
1014 2771 1169 2836 Austrie¹
1190 2809 1231 2819 —
1252 2793 1316 2835 non
1340 2771 1491 2835 obstante
1514 2771 1600 2856 quod
1624 2793 1660 2837 es
1683 2773 1713 2838 ei
1737 2780 1854 2858 quarto

202 2875 498 2960 consanguinitatis
539 2875 643 2960 gradu
684 2877 879 2940 coniunctus
911 2914 950 2923 —
982 2876 1224 2941 matrimonium
1262 2876 1352 2939 licite
1388 2875 1579 2940 contrahere
1614 2876 1739 2957 valeas,
1781 2897 1855 2941 cum
1905 2900 1930 2940 ro

201 2985 350 3064 speretur
385 2978 538 3064 gravibus
573 3000 633 3064 per
664 2979 725 3044 hoc
755 3001 855 3066 posse
889 2980 1040 3044 obviari‘l
1068 2980 1225 3065 perieulis
1257 2989 1291 3044 et
1321 2978 1442 3043 bonum
1472 2979 1647 3065 multiplex
1676 2982 1855 3066 procurari,

202 3083 397 3147 auctoritate
421 3083 602 3168 apostolica
624 3082 885 3169 dispensamusl.
930 3084 1021 3148 Nulli
1044 3104 1123 3168 ergo
1147 3090 1209 3149 eto.
1255 3081 1291 3146 si
1314 3083 1386 3167 quis
1409 3089 1520 3147 autem
1543 3089 1607 3147 etc.

310 3203 386 3267 Dat.
409 3202 573 3288 Lugduni,
591 3202 641 3268 VI
663 3204 713 3272 Id.
736 3205 912 3270 Decembr.
936 3202 1033 3292 [anno
1056 3200 1134 3290 11]·.

823 3466 1234 3474 ———

998 3725 1058 3799 7⁰2.

305 3823 524 3916 Innocentius
540 3848 597 3914 IV
609 3870 700 3934 papa
714 3871 783 3916 enm
802 3850 980 3935 [Henrieo]
993 3849 1171 3916 marchione
1184 3848 1348 3915 Misnensi
1368 3849 1537 3934 dispensat,
1559 3853 1595 3914 nt
1616 3870 1683 3915 enm
1698 3849 1857 3935 [Aponio]

199 3952 269 4032 filia
292 3952 510 4037 [Wenoesloi]
531 3953 614 4035 repis
636 3954 820 4032 Bononiae,
849 3976 888 4018 en
913 3959 1044 4035 cetroqsne
1074 3955 1170 4019 tatere
1198 3955 1302 4038 ipsam
1324 3957 1440 4034 quarta
1462 3952 1747 4035 eonsanpninitatis
1769 3953 1857 4018 linea
1906 3972 1931 4012 n

201 4055 404 4138 contineante,
426 4057 662 4121 matrineoninm
684 4058 864 4123 contrahere
881 4059 990 4142 possit.
1528 4059 1623 4136 1244,
1645 4054 1721 4124 Dee.
1737 4058 1767 4122 9.

305 4175 369 4231 Inn.
383 4175 431 4229 IV
446 4175 510 4244 Rea.
530 4175 622 4243 Votl,
639 4183 698 4244 121;
717 4177 778 4231 Inb.
794 4178 832 4246 11,
851 4185 875 4233 3.
906 4177 1008 4232 Pnteii
1024 4179 1155 4246 manniae
1171 4179 1332 4232 winntnnns
1348 4193 1408 4231 enm
1428 4176 1855 4248 Erben,1teq.Bohaniae,t.L

197 4277 227 4330 Ρ·
239 4267 297 4329 624,
307 4269 438 4417 danim,
458 4349 520 4419 Ray.
536 4358 626 4416 11470,·
644 4351 740 4420 Beraer
754 4358 805 4406 750.

571 4547 731 4621 Nobili
760 4549 860 4622 viro
890 4605 929 4625 ..
957 4549 1218 4625 marchioni
1246 4548 1481 4622 Misnensi.
1842 4608 1847 4613 .
1906 4576 1932 4616 a

309 4693 383 4758 Etsi
413 4696 600 4760 coniunctio
629 4698 745 4783 copule
769 4699 950 4784 coniugalis
974 4701 1006 4764 in
1030 4707 1146 4786 quarto
1171 4681 1462 4784 consanguinitatis
1486 4697 1538 4762 vel
1560 4697 1728 4762 affinitatis
1750 4698 1856 4783 gradu

203 4797 305 4859 sacris
336 4797 378 4860 sit
402 4798 584 4862 canonibus
608 4798 797 4880 interdieta,
825 4802 960 4888 provide
985 4808 1096 4868 tamen
1121 4803 1305 4888 superbiis
1330 4802 1492 4868 interdurn
1515 4801 1666 4866 Romana
1687 4800 1858 4888 dispensat

202 4899 352 4979 ecclesia,
376 4900 521 4965 maxime
545 4922 618 4965 oum
641 4922 761 4986 urgens
785 4905 967 4969 necessitas
991 4904 1023 4968 id
1048 4904 1232 4992 exposcat‘.
1275 4904 1358 4971 Cum
1381 4907 1489 4991 igitur,
1513 4906 1596 4970 sicut
1619 4926 1663 4971 ex
1685 4912 1778 4991 parte
1799 4913 1857 4971 tua

311 5058 379 5065 —-—

303 5160 697 5226 ⁸)P.,·WarslaoB.;Walslao
706 5163 754 5215 Bo.
820 5162 846 5229 b)
857 5163 918 5226 Βο.,·
929 5168 999 5216 Dum
1008 5165 1318 5232 P.B.‚·atiosqnoqnein
1330 5167 1379 5217 lrac
1382 5166 1585 5234 joennnloCnm.
1651 5165 1757 5233 ⁰)qnod
1766 5166 1853 5220 P.Bo.

201 5241 226 5311 d)
242 5247 346 5298 obviare
359 5248 390 5300 P.
400 5246 448 5298 Bo.
520 5247 544 5312 θ)
562 5265 630 5301 anno
643 5251 667 5300 11
681 5249 748 5301 deest
760 5250 791 5301 P.
804 5249 836 5301 B.
849 5251 897 5302 Bo.
967 5247 1076 5317 Ueliae
1094 5252 1121 5301 in
1139 5251 1188 5302 bac
1198 5254 1320 5320 somata
1338 5253 1460 5320 exposcit
1478 5261 1506 5303 nt
1521 5253 1550 5302 in
1566 5255 1646 5305 add.
1906 5264 1931 5306 ⁸⁵

304 5382 330 5449 1)
355 5381 479 5437 Eandem
504 5382 665 5439 Gatnedann
692 5385 834 5455 amantor
856 5383 1014 5454 despumare
1039 5385 1140 5455 capitit
1146 5405 1155 5452 ;
1181 5385 1420 5457 Retinet-Fiden,
1448 5387 1465 5440 l.
1480 5402 1502 5440 c.
1519 5392 1585 5442 3488
1597 5402 1629 5455 a,
1649 5392 1726 5457 3445,
1748 5387 1856 5445 8478ὺ.

200 5466 228 5533 2)
247 5467 314 5519 Alia
331 5467 441 5535 epistota
458 5469 622 5535 infusorem
642 5471 711 5540 repis
729 5471 869 5525 Bonanim
886 5471 953 5526 Non
966 5479 999 5527 24
1017 5471 1090 5540 dato,
1115 5473 1247 5542 Poenae,
1266 5473 1331 5543 Rea.
1344 5481 1431 5542 11467,
1451 5473 1484 5527 in
1503 5472 1568 5545 Rea.
1583 5486 1643 5529 uon
1657 5476 1749 5543 dm·
1768 5486 1858 5531 m

200 5552 270 5605 enin
282 5547 477 5623 Dee'dnnnm,
492 5562 634 5624 mannam
649 5575 727 5628 papa
738 5556 906 5626 andnnnns
919 5559 1047 5628 pervenit
1065 5557 1114 5614 boc
1131 5576 1205 5613 anno
1218 5561 1398 5629 pampinatas
1410 5559 1520 5630 Reputo
1536 5574 1570 5615 a*

200 5635 1525 5715 insumendianotepiaolbonmxniptnpmmetontnmreoeptoesnnt5u.Poutau
