4784 6332
838 401 1038 458 EPISTOLAE
1056 402 1245 460 SELEGTAE.
1282 403 1358 458 1247.

755 672 793 689 ..
822 619 1089 710 patriarche
1118 619 1448 712 Aquilegensi.

387 763 453 828 Sua
487 765 579 828 nobis
610 763 750 828 dilectus
780 765 864 830 lilius
895 765 1014 830 nobilis
1045 767 1094 831 vir
1121 767 1308 855 Stephanus
1339 775 1434 833 natus
1463 770 1551 834 clare
1581 772 1736 836 memorie
1768 767 1929 858 Aludrcc]

276 869 365 953 regis
388 867 534 952 Ungarie
562 869 719 955 petitione
744 871 951 947 monstravit,
984 870 1068 954 quod
1102 893 1175 936 cum
1206 873 1281 936 olim
1319 872 1424 936 felicis
1460 873 1694 938 recordationis
1725 871 1929 960 Glregorius]

277 993 365 1058 papa
388 971 601 1058 predecessor
623 981 735 1038 noster
766 973 884 1038 dilecto
907 974 972 1037 lilio
998 975 1038 1041 G.
1061 974 1102 1038 de
1126 975 1338 1060 Mnutelongo
1366 976 1563 1042 subdiacono
1595 984 1628 1040 ct
1659 977 1786 1040 notario
1808 983 1931 1054 nostro,

207 1128 213 1140 .
276 1077 458 1163 apostolice
483 1075 570 1142 sedis
594 1077 712 1161 legato,
736 1078 935 1152 mandasset,
960 1085 995 1142 ut
1019 1080 1105 1142 clara
1129 1079 1285 1144 memorie
1302 1077 1473 1168 llleatrici]
1498 1080 1612 1166 regine
1635 1079 1780 1165 ngarie
1791 1083 1811 1158 ¹,
1836 1079 1933 1144 matri

278 1201 347 1260 sue,
372 1203 391 1244 a
415 1181 624 1245 monasteriis
649 1186 682 1244 et
705 1182 855 1246 ecclesiis
879 1182 1054 1266 legationis
1080 1203 1138 1245 sue
1156 1184 1334 1262 minuatim,
1358 1189 1453 1270 prout
1475 1182 1633 1270 expedire
1647 1183 1783 1264 videret,
1807 1181 1933 1248 faceret

278 1281 458 1368 provideri,
483 1283 737 1349 contradictores
761 1289 840 1350 etc:
865 1286 973 1370 legato
998 1286 1070 1370 ipso
1095 1285 1283 1350 mandatum
1309 1308 1409 1372 super
1432 1287 1491 1350 hoc
1513 1287 1728 1372 apostolicum
1745 1286 1934 1353 executioni

278 1386 454 1452 mandante
478 1393 511 1452 et
529 1388 655 1473 prefato
672 1388 904 1474 predecessore
922 1387 1086 1470 defuncto,
1110 1411 1167 1453 nos
1191 1391 1296 1474 primo
1321 1389 1441 1454 dilecto
1465 1390 1530 1455 filio
1546 1442 1553 1457 .
1567 1442 1573 1454 .
1589 1389 1792 1455 Ferrarieusi
1809 1388 1934 1454 electo²

278 1490 340 1554 sub
358 1498 448 1554 certa
464 1492 569 1555 forma
593 1497 625 1555 et
641 1491 782 1571 demum,
806 1491 879 1577 ipsa
896 1492 1009 1576 regina
1027 1492 1110 1556 viam
1128 1491 1280 1556 universe
1302 1493 1429 1556 scruter
1446 1494 1606 1576 ingressa,
1630 1495 1694 1557 iam
1711 1492 1798 1557 dicto
1816 1493 1933 1557 litteris

279 1593 401 1658 nostris
424 1594 637 1674 iniunximus,
661 1603 697 1659 ut
720 1596 950 1681 provisionem,
976 1615 1072 1680 quam
1096 1617 1115 1658 a
1131 1595 1323 1678 quibusdam
1340 1595 1550 1660 ecclesiarum
1568 1597 1711 1682 prelatis,
1729 1595 1934 1660 monasteriis

279 1702 315 1760 et
337 1698 487 1761 ecclesiis
515 1719 553 1760 ac
583 1698 664 1764 loeis
688 1699 761 1762 aliis
790 1720 849 1762 sue
873 1699 1048 1782 legationis
1072 1697 1218 1784 predicte
1242 1699 1355 1783 regine
1380 1700 1573 1763 auctoritate
1596 1699 1777 1785 apostolica
1799 1697 1934 1764 manda-

280 1807 373 1864 verat
395 1801 477 1882 ficri,
502 1837 540 1847 -·-
565 1803 804 1866 nonobstante
834 1803 860 1866 si
884 1803 1047 1886 aliquibus
1078 1825 1120 1866 ax
1150 1801 1245 1866 dictis
1269 1803 1420 1888 prelatis,
1449 1804 1674 1882 monasteriis,
1700 1804 1848 1868 ecclesiis
1879 1809 1936 1867 aut

279 1903 380 1978 locis,
405 1911 578 1991 postquam
611 1906 691 1992 ipsis
722 1906 903 1970 iniunctum
934 1906 1062 1986 extitit,
1086 1912 1121 1970 ut
1144 1905 1356 1992 providerent
1380 1907 1492 1990 regine
1516 1905 1678 1992 predicte,
1703 1929 1721 1970 a
1745 1907 1832 1972 dicta
1857 1906 1936 1972 sede

280 2007 366 2072 foret
393 2007 571 2088 indultum,
602 2030 643 2073 ue
675 2008 715 2072 ad
744 2009 961 2096 provisionem
990 2009 1128 2074 alicuius
1161 2030 1221 2094 per
1248 2010 1375 2073 litteras
1407 2009 1603 2094 apostolicas
1633 2016 1838 2091 tenerentur,
1870 2031 1935 2074 uon

208 2162 214 2172 .
281 2111 442 2176 iacientes
466 2110 506 2176 de
531 2112 735 2198 indulgentia
758 2113 943 2178 huiusmodi
968 2113 1178 2193 mentionem,
1202 2113 1465 2177 -auctoritate
1489 2119 1601 2176 nostra
1625 2113 1750 2177 laceret
1774 2113 1935 2189 exhiberi,

280 2213 535 2280 contradictores
559 2223 621 2280 etc.
667 2217 729 2291 Qui
759 2217 945 2282 huiusmodi
973 2217 1191 2304 provisionem
1216 2215 1302 2280 dicto
1333 2217 1365 2282 S.
1390 2237 1447 2303 per
1472 2223 1504 2281 te
1528 2238 1566 2280 ao
1590 2217 1794 2282 venerabiles
1818 2216 1935 2280 fratres

280 2327 411 2385 nostros
434 2370 468 2386 ..
492 2320 802 2405 Tergestinenscm³
826 2329 860 2386 et
884 2371 916 2387 ..
942 2320 1240 2386 Concordiensem⁴
1265 2321 1437 2406 episcopos
1462 2341 1500 2384 ac
1524 2321 1699 2386 nonnullos
1723 2321 1804 2384 alios
1829 2319 1936 2384 eccle·

282 2424 401 2488 siarum
426 2425 567 2511 prelatos
594 2426 686 2489 iuxta
710 2434 858 2490 tenorem
887 2425 1031 2490 mandati
1055 2425 1228 2511 apostolici
1251 2424 1417 2488 mandavit
1446 2425 1566 2488 exolvi.
1612 2425 1656 2490 Et
1685 2425 1761 2510 quia
1783 2423 1936 2488 mandato

282 2528 386 2612 ipsius
415 2549 531 2614 parere
565 2550 624 2614 pro
655 2536 711 2594 tue
743 2530 916 2594 voluntatis
945 2530 1079 2594 arbitrio
1112 2528 1306 2602 recusabas,
1336 2529 1395 2592 tibi
1428 2529 1546 2592 nostris
1577 2527 1725 2592 dedimus
1754 2527 1874 2592 litteris
1903 2528 1936 2590 in

196 2656 209 2693 ·.
284 2629 461 2710 mandatis,
493 2639 528 2695 ut
550 2633 732 2717 portionem
756 2632 816 2697 tibi
840 2633 880 2698 de
904 2634 1088 2720 provisione
1111 2633 1258 2719 predicta
1282 2633 1466 2718 impositam
1492 2631 1597 2696 eidem
1623 2631 1657 2696 S.
1681 2632 1836 2696 exolvere
1860 2653 1935 2716 pro-

282 2755 425 2813 curares,
450 2735 595 2821 predictn
619 2737 728 2822 legato
752 2737 815 2801 sibi
839 2758 937 2822 super
960 2738 1021 2801 hoc
1038 2744 1214 2801 executore
1237 2757 1404 2801 concesso.
1450 2736 1493 2799 m
1515 2735 1593 2800 licet
1616 2734 1703 2800 idem
1725 2735 1854 2818 legatus
1877 2733 1937 2798 tibi

281 2838 503 2918 mandaverit,
534 2848 571 2905 ut
594 2841 680 2906 dicto
706 2841 739 2908 S.
763 2842 970 2908 satisfaceres
994 2842 1035 2907 de
1059 2842 1237 2905 subtractis
1268 2847 1301 2904 et
1329 2841 1391 2905 sibi
1414 2842 1597 2927 portionem
1625 2839 1799 2903 exciveras
1824 2859 1936 2924 supra-

283 2941 415 3022 dictam,
438 2943 472 3008 in
497 2952 540 3020 te,
564 2945 591 3008 si
614 2944 776 3010 mandatis
801 2947 870 3010 eius
893 2967 1010 3031 parere
1027 2953 1278 3030 contempneres
1301 2946 1333 3008 in
1356 2945 1418 3009 hac
1435 2950 1540 3030 parte,
1557 2941 1937 3008 interdictisententiam

283 3046 537 3133 promulgando,
567 3048 794 3112 nichilominus
818 3056 927 3113 tamen
952 3048 1135 3112 huiusmodi
1160 3048 1324 3112 sententia
1347 3048 1508 3134 vilipensa
1530 3047 1563 3111 id
1586 3047 1784 3112 laceretnon
1808 3045 1937 3110 curasti.

204 3170 230 3208 rs
287 3147 449 3221 Quocirca
472 3150 711 3215 fraternitatem
735 3159 824 3216 tuam
847 3173 1012 3236 rogamus,
1037 3172 1206 3218 monemus
1231 3156 1264 3216 et
1287 3151 1457 3215 hortamur
1480 3155 1617 3231 attente,
1641 3148 1833 3213 mandantes
1858 3169 1937 3233 qua-

285 3252 383 3332 tinus,
408 3254 434 3316 si
458 3259 510 3317 est
532 3253 589 3333 ita,
613 3255 659 3318 sic
683 3255 915 3341 precedentem
933 3253 1191 3320 inobedientiam
1216 3255 1357 3319 redimas
1381 3253 1414 3316 in
1437 3254 1498 3318 hae
1520 3259 1615 3338 parte
1639 3272 1696 3338 per
1717 3249 1939 3316 obedientiam

286 3354 554 3439 subsequentem,
578 3357 665 3442 quod
688 3356 795 3423 dictus
813 3357 846 3424 S.
862 3364 996 3443 propter
1019 3358 1082 3421 hoc
1107 3357 1256 3421 laborare
1272 3358 1409 3421 ulterius
1432 3377 1497 3421 non
1520 3362 1666 3440 cogatur,
1690 3373 1815 3438 nosque
1839 3351 1938 3416 devo·
1997 3413 2002 3426 ,

287 3459 410 3524 tionem
433 3465 522 3524 tuam
553 3462 716 3548 possimus
745 3485 810 3528 non
840 3462 991 3527 inmerito
1015 3461 1256 3526 commendare.
1303 3460 1458 3545 Alioquin
1483 3459 1601 3523 dilecto
1625 3457 1692 3521 filio
1716 3506 1748 3520 ..
1771 3455 1938 3542 preposito

287 3561 489 3628 n‘srrariensi
521 3566 637 3630 littoris
665 3566 785 3631 nostris
815 3566 1014 3631 iniunximus
1024 3567 1047 3638 ⁵,
1080 3573 1116 3628 ut
1145 3573 1178 3630 te
1209 3565 1250 3630 ad
1286 3564 1318 3628 id
1346 3563 1525 3628 monitione
1554 3562 1714 3648 premissa
1743 3559 1938 3624 auctoritate

208 3688 235 3726 no
290 3673 402 3731 nostra
417 3669 639 3755 appellatione
656 3677 782 3736 remota
798 3670 973 3756 compellat
988 3705 1029 3716 -—
1046 3688 1109 3733 non
1127 3669 1279 3734 obstante
1296 3667 1530 3732 constitutione
1551 3666 1591 3730 de
1613 3664 1739 3730 duabus
1764 3664 1860 3730 dietis
1877 3669 1939 3729 etc.

400 3787 474 3854 Dat.
498 3788 660 3876 Lugduni,
681 3791 733 3855 ΙΙΙ
756 3790 803 3856 ld.
827 3791 923 3856 Mart.
948 3811 1033 3856 anno
1057 3791 1203 3874 quartol.

909 4049 1295 4060 -..-——-—-—--—-—-
1312 4051 1320 4056 .

1077 4298 1163 4370 300.

396 4412 614 4507 Iarreeentios
628 4439 684 4505 IV
698 4460 787 4520 popm
803 4439 967 4524 Pandatfo
987 4439 1025 4504 cle
1041 4437 1248 4512 Plrosonetln,
1270 4437 1374 4500 ‹taento
1397 4435 1551 4512 ecclesiae,
1580 4437 1609 4496 et
1630 4429 1854 4495 comessoribus
1875 4428 1944 4492 eins

291 4551 429 4612 castrum
454 4543 584 4624 Gilbrris
607 4543 832 4609 Solemritonne
854 4542 991 4619 diocesis,
1015 4562 1082 4605 casm
1110 4561 1237 4623 reptilem
1262 4537 1391 4604 Siciliae
1419 4559 1487 4619 repe
1513 4556 1597 4600 norae
1619 4537 1724 4599 nerent
1745 4541 1773 4596 et
1798 4531 1884 4596 oneo
1905 4531 1942 4594 de

292 4649 439 4713 Laeviano
460 4647 655 4711 renuntiarit
683 4645 719 4710 cb
750 4645 805 4710 hoe
834 4645 918 4708 orsini
944 4646 1024 4722 iuri,
1053 4646 1086 4707 in
1105 4643 1239 4730 sendum
1261 4642 1409 4718 coaccedit,
1432 4642 1478 4704 ito
1501 4644 1614 4716 lurrren,
1636 4641 1671 4700 ot
1688 4640 1855 4720 postquem
1876 4633 1943 4698 eius

209 4791 235 4828 ³,
287 4751 512 4837 possessionen
535 4747 692 4828 haberit,
721 4747 864 4813 ecelesiae
885 4747 933 4812 oet
954 4749 1035 4830 cepi,
1064 4748 1119 4828 qni
1137 4767 1196 4828 per
1217 4767 1285 4809 enin
1312 4744 1357 4808 ibi
1374 4743 1490 4828 suerit,
1513 4741 1690 4822 horrrnpiam
1713 4742 1742 4802 et
1761 4737 1944 4819 fidelitatem

290 4858 436 4922 missateta
452 4855 601 4937 praestet.
1199 4863 1201 4867 ’
1573 4847 1666 4920 1247,
1688 4841 1788 4906 Mart.
1806 4844 1855 4904 14.

396 4975 458 5027 Ian.
474 4972 521 5026 IV
536 4971 600 5040 Rep.
616 4971 670 5026 Vol.
683 4971 706 5038 1,
719 4981 778 5038 411,·
797 4969 856 5024 Lab.
870 4970 892 5023 Ι
894 4969 922 5038 V,
941 4979 996 5026 897.
1029 4969 1184 5036 Eaentpler,
1202 4967 1275 5036 qaod
1286 4965 1570 5032 distillant-Britolles,
1588 4965 1604 5018 1.
1618 4981 1638 5017 e.
1650 4968 1667 5016 t.
1687 4961 1733 5029 Vl,
1748 4977 1776 5028 p.
1792 4969 1842 5016 509
1854 4959 1942 5026 edidit,

291 5078 353 5116 erem
371 5059 487 5128 Repertis
503 5059 615 5113 mrtttdit
638 5057 668 5112 V.
686 5057 725 5111 01.
745 5057 777 5110 A.
799 5057 876 5110 More.
915 5057 968 5125 Ep.
987 5057 1034 5110 boc
1051 5073 1125 5110 ovano
1139 5055 1315 5122 momentus
1333 5057 1441 5106 succine
1457 5051 1563 5104 decrerim
1580 5051 1611 5104 in
1631 5049 1692 5117 Ray.
1710 5048 1795 5101 relato
1813 5051 1857 5100 est.

400 5145 529 5214 Pntttast,
545 5145 717 5214 Rep.12447,·
736 5144 833 5213 Βῆριν
851 5150 920 5198 2895.

211 5413 240 5450 so
399 5392 423 5456 ι)
441 5393 511 5443 cuuis
546 5390 578 5441 B.

403 5527 428 5591 1)
447 5525 530 5590 Herae,
547 5525 606 5591 titia
624 5523 821 5578 Aldolernnclini
836 5523 995 5578 nannetica-ts
1008 5520 1138 5586 Eatenus,
1157 5521 1233 5573 tertio
1251 5535 1321 5573 neor
1333 5517 1455 5573 :liubane
1469 5517 1506 5571 ΙΙ
1519 5515 1584 5584 repis
1598 5515 1696 5580 [κεναί.
1770 5510 1798 5574 2)
1813 5507 1947 5576 Pnttqpo.

297 5613 325 5679 3)
350 5613 478 5668 ornata.
566 5612 594 5678 4)
618 5609 792 5666 hildericum.
881 5611 907 5674 5)
926 5609 1001 5662 Haec
1022 5625 1072 5676 qa,
1095 5607 1145 5661 aab
1165 5605 1249 5660 Mart.
1269 5614 1299 5660 18
1316 5605 1393 5673 dota,
1413 5622 1456 5674 ap.
1475 5603 1572 5671 Berper
1589 5605 1655 5654 2472
1672 5595 1772 5668 lepitua
1858 5595 1885 5668 6)
1905 5593 1948 5649 De

297 5699 382 5754 aden
395 5699 555 5768 meamea
572 5697 606 5767 ef,
624 5713 651 5750 a.
664 5705 722 5766 aar,
740 5703 794 5768 aas,
812 5704 868 5766 ors,
886 5703 941 5753 ars.
