4328 6232
259 354 322 417 301
812 349 858 404 EX
878 344 1094 405 INNOCEN'Pil
1113 349 1151 405 IV
1170 349 1351 406 nncmrno

260 527 401 592 ecclesie
426 527 607 591 liberaliter
623 524 819 591 exhibuistis
841 523 999 588 hacteuus
1023 528 1056 588 01
1077 523 1264 611 impenditis
1281 526 1495 606 incessanter,
1512 526 1699 590 memoriter
1721 525 1914 602 retinentes,

260 632 408 696 volumus
439 631 480 696 ob
510 631 570 695 hoc
593 629 758 694 civitatem
782 634 941 708 vestram,
970 635 1125 714 quantum
1150 650 1223 693 cnm
1246 628 1320 695 Deo
1342 640 1535 715 possumus,
1559 628 1731 713 multiplici
1755 625 1913 692 extollere

261 735 505 801 honorificentia
528 734 710 818 vestrisque
733 733 817 797 votis
847 752 990 797 annuere
1013 732 1237 798 favorabiliter
1264 738 1297 799 et
1328 734 1364 798 in
1392 733 1469 815 hiis,
1484 753 1561 819 ,que
1591 731 1689 816 digne
1720 729 1913 815 deposcitis,

262 838 420 905 exhibere
444 839 536 904 vobis
571 837 748 922 benignum
776 836 994 901 exauditionis
1023 835 1200 902 audituml.
1247 835 1329 902 Onrn
1352 838 1483 922 itaque,
1513 837 1596 900 sicut
1623 834 1718 899 uobis
1744 852 1912 920 exponere

261 943 440 1024 curavistis,
453 941 650 1007 venerabilis
665 941 768 1006 srater
782 947 894 1006 noster
916 988 924 1002 .
941 991 949 1007 .
965 939 1149 1026 episcopus,
1173 990 1182 1007 .
1199 988 1206 1006 .
1224 940 1367 1007 decanus
1385 946 1418 1005 et
1434 941 1612 1027 capitulum
1628 938 1913 1025 Argentinenses⁸

262 1046 304 1112 ad
334 1047 436 1112 instar
464 1046 548 1110 bone
579 1046 733 1110 memorie
765 1044 809 1109 H.
839 1045 987 1130 episcopi
1020 1044 1272 1130 Argentineusis
1312 1052 1345 1110 et
1378 1045 1607 1110 canonicorum
1643 1041 1912 1128 predecessorum

262 1172 392 1215 suorum
422 1149 462 1216 de
493 1171 654 1214 consensu
684 1156 716 1214 et
739 1149 907 1214 voluntate
930 1148 1075 1214 unanimi
1098 1140 1377 1231 ministerialium,
1401 1150 1518 1215 civium
1549 1154 1582 1212 01
1604 1148 1743 1212 aliorum
1765 1143 1912 1211 fidelium

261 1276 394 1319 suorum
416 1252 570 1318 duxerint
592 1252 811 1317 innovandum
835 1274 873 1317 ac
895 1253 1031 1318 firmiter
1055 1251 1275 1331 statuendum,
1299 1232 1385 1339 quod
1410 1253 1612 1318 advocatiam
1636 1250 1779 1315 civitatis
1804 1255 1911 1315 vestre

263 1377 337 1421 cum
374 1357 500 1421 iuribus
535 1363 568 1421 et
601 1355 810 1442 pertinentiis
848 1354 916 1420 suis
950 1356 1030 1420 nulli
1065 1377 1218 1443 umquam
1250 1349 1497 1443 imperatorum,
1535 1354 1664 1442 regum,
1699 1353 1821 1418 ducum
1856 1338 1913 1416 seu

262 1460 397 1526 aliamm
419 1461 594 1526 illustrium
616 1480 832 1547 personarum
855 1466 912 1524 aut
935 1481 1046 1524 eorum
1076 1461 1160 1547 proli
1185 1459 1331 1526 'conferri
1356 1456 1454 1526 liceat
1483 1483 1541 1526 seu
1573 1458 1778 1546 quocumque
1806 1456 1911 1534 titulo,

263 1563 358 1629 modo
381 1566 433 1629 vel
457 1565 560 1630 forma
589 1565 631 1628 ab
661 1565 709 1629 eis
733 1565 784 1627 vel
813 1564 956 1649 ipsorum
985 1565 1230 1630 successoribus
1258 1564 1425 1629 transferri
1448 1564 1557 1628 valeat
1584 1563 1617 1627 iu
1641 1560 1794 1641 eosdem,
1822 1566 1915 1647 prout

262 1668 295 1732 in
318 1668 436 1733 litteris
464 1668 622 1732 dictorum
646 1667 792 1753 episcopi
821 1672 855 1731 et
887 1668 1022 1754 capituli
1054 1664 1211 1733 coniectis
1241 1667 1359 1733 exinde
1389 1666 1617 1754 perspeximus
1635 1665 1822 1730 contineri:
1846 1684 1913 1743 nos,

261 1772 380 1836 vestris
403 1771 694 1857 supplicationibus
709 1770 869 1852 inclinati,
886 1770 972 1856 quod
995 1793 1094 1857 super
1116 1771 1178 1835 hoc
1201 1772 1242 1836 ab
1260 1766 1384 1837 eisdem
1400 1772 1554 1858 episcopo
1571 1777 1604 1834 et
1621 1770 1763 1859 capitulo
1779 1767 1913 1855 provide

262 1875 384 1939 factum
408 1880 468 1954 ost,
492 1874 687 1939 auctoritate
710 1874 891 1960 apostolica
915 1875 1143 1939 confirmamus
1172 1882 1205 1939 ct
1234 1876 1398 1962 presentis
1425 1874 1537 1962 scripti
1566 1871 1745 1961 patrocinio
1769 1892 1912 1937 commu-

262 1979 383 2059 nimus,
413 1979 627 2044 decernentes
650 1979 774 2044 irritum
802 1980 876 2044 et'
868 2001 979 2060 mane,
1014 1980 1040 2044 si
1071 1981 1166 2045 secus
1194 2003 1292 2084 super
1313 1982 1377 2047 hiis
1400 1980 1473 2046 ab
1465 1979 1545 2066 rpsis
1568 1979 1620 2044 vel
1644 1974 1814 2064 ipsorumb'
1837 1996 1910 2040 suc·

263 2083 446 2148 censoribus
470 2083 569 2150 fuerit
591 2088 837 2170 attemptatum,
861 2090 914 2149 01ο
936 2085 1104 2149 tenoremd
1132 2086 1349 2151 litterarum'
1340 2106 1484 2171 ipsarum
1511 2084 1552 2148 de
1579 2080 1680 2147 verbo
1709 2081 1751 2145 ad
1779 2080 1913 2145 verbum

263 2184 1121 2275 [0100001110οΓ10001110010010οἧ0011010001.

370 2307 555 2374 Henricusss
589 2309 700 2375 divina
742 2310 952 2374 miseratione
986 2310 1240 2395 Argentineusis
1283 2311 1471 2398 episcopus,
1512 2285 1677 2395 Aruoldus
1715 2281 1914 2423 prepositus,

262 2410 463 2477 Bartholdus
496 2411 656 2492 decanus,
683 2411 867 2477 Fridericus
901 2419 1029 2494 cantor,
1060 2413 1230 2479 Cunradus
1266 2414 1475 2493 scolasticus,
1505 2391 1676 2478 Ouaradus
1715 2411 1914 2502 camerarius

264 2523 433 2603 totumque
473 2517 651 2603 capitulum
689 2516 822 2581 maioris
864 2519 1003 2583 ecclesie
1046 2524 1158 2583 notum
1195 2518 1333 2583 facimus
1375 2516 1563 2583 universis1¹
1602 2516 1723 2603 Christi
1751 2486 1913 2579 iidelibus

263 2642 401 2706 presens
432 2621 589 2707 scripturn
624 2621 834 2707 inspecturis,
858 2621 944 2706 quod
976 2623 1060 2687 sicut
1083 2622 1160 2686 olim
1183 2642 1203 2685 a
1227 2623 1369 2710 capitulo
1393 2628 1520 2702 nostro,
1545 2620 1709 2685 mediante
1734 2616 1914 2683 venerabili

264 2723 396 2789 domino
430 2724 576 2790 Heurioo
610 2723 651 2789 de
680 2724 860 2810 Veringen*
895 2725 1000 2811 felicis
1044 2726 1199 2791 memorie
1234 2725 1470 2810 Argentincnsi
1505 2702 1673 2810 episcopo,
1709 2725 1914 2811 sacramento

267 2828 428 2914 corporali
450 2829 642 2915 interposito
665 2827 800 2894 tirmiter
823 2827 932 2893 extitit
955 2829 1168 2913 promissum,
1193 2828 1240 2893 sic
1263 2835 1297 2893 et
1319 2850 1378 2892 nos
1401 2828 1544 2893 utilitate
1567 2827 1707 2892 ecclesie
1727 2831 1842 2891 nostre
1866 2825 1912 2890 in·

265 2938 381 3018 specta
407 2932 543 2997 firmiter
576 2936 609 2997 et
643 2930 786 2998 fideliter
819 2932 1039 3018 promittimus
1074 2938 1108 2996 01
1140 2932 1329 2998 iamdictam
1360 2932 1558 3020 promissum
1584 2951 1642 3019 pro
1665 2929 1760 2996 uobis
1785 2936 1912 2994 01000-

266 3034 454 3101 cessoribus
488 3036 607 3101 nostris
639 3035 851 3116 innovamus,
882 3036 915 3100 in
943 3058 982 3101 eo
1011 3035 1164 3103 videlicet
1198 3036 1284 3122 quod
1312 3036 1516 3102 advocatiam
1538 3035 1818 3122 Argentinensem
1840 3052 1911 3097 cum

265 3139 332 3204 suis
355 3139 557 3226 pertinentiis
586 3141 666 3205 nulli
694 3161 847 3227 umquam
870 3141 989 3206 illustri
1016 3142 1068 3205 vel
1096 3142 1314 3229 superillustri
1342 3137 1912 3229 0000000101000010011,0031000

264 3243 339 3309 duci
361 3251 419 3309 aut
440 3246 524 3331 proli
547 3244 734 3325 eorundem,
758 3245 973 3313 concedamus
989 3247 1042 3310 vel
1065 3246 1107 3309 ab
1131 3247 1286 3333 episcopo
1310 3246 1447 3312 concedi
1470 3246 1696 3333 permittamus
1720 3241 1912 3307 infeudatio·

264 3349 324 3428 nis,
346 3348 560 3431 venditionis,
583 3351 828 3437 pignerationis,
852 3349 1111 3437 permutationis,
1136 3350 1370 3416 commissionis
1400 3372 1458 3415 seu
1492 3350 1636 3435 quolibet
1665 3347 1796 3412 omnino
1824 3345 1914 3410 titulo

266 3453 484 3519 alienationis.
541 3453 586 3518 Et
613 3454 641 3518 si
671 3455 770 3533 forte,
800 3453 884 3539 quod
918 3454 1021 3533 absit,
1051 3455 1222 3539 quisquam
1250 3455 1475 3542 episcoporum
1497 3452 1788 3539 Argentinensium
1810 3448 1845 3513 id
1868 3454 1914 3514 at·

264 3562 452 3644 temptaret,
484 3556 627 3622 fideliter
659 3558 878 3644 promittimus
910 3578 1023 3623 omnes
1058 3558 1154 3622 simul
1190 3558 1266 3621 totis
1302 3557 1424 3622 viribus
1456 3558 1575 3622 nostris
1606 3561 1639 3620 et
1666 3576 1725 3641 per
1754 3576 1809 3620 eas
1833 3573 1914 3640 quas

265 3680 437 3747 possumus
460 3662 526 3725 rias
549 3661 627 3726 iuris
650 3662 713 3726 hoc
737 3662 938 3748 impugnare.
985 3661 1187 3726 Econverso
1210 3661 1440 3726 ministeriales
1465 3659 1605 3726 ecclesie
1627 3665 1660 3723 et
1680 3657 1915 3743 0100000300-

265 3765 409 3829 tinenscs
438 3763 579 3830 fideliter
608 3765 828 3850 promiserunt
862 3785 1053 3852 personam,
1089 3787 1141 3830 res
1177 3772 1210 3830 st
1237 3765 1463 3851 possessiones
1487 3762 1623 3828 Henrici
1654 3761 1801 3848 episcopi
1831 3782 1917 3825 nunc

266 3867 437 3933 residentis
460 3888 520 3932 nec
543 3888 608 3932 non
631 3869 806 3934 cuiuslibet
829 3871 880 3932 sui
903 3869 1118 3948 successoris,
1142 3868 1197 3954 qui
1220 3869 1421 3955 sepedictum
1446 3873 1688 3933 sacramentum
1711 3886 1811 3951 super
1835 3866 1915 3930 arti·

264 3973 337 4036 culo
361 3972 530 4037 advocatie
555 3970 689 4037 subierit
712 3979 769 4038 aut
792 3973 901 4038 subire
919 3974 1065 4054 voluerit,
1084 3975 1226 4038 omnium
1253 3974 1353 4038 etiam
1370 3973 1598 4038 canonicorum
1614 3970 1918 4057 Argentinensium,

265 4081 331 4140 tam
354 4076 555 4162 presentium
580 4097 676 4161 quam
698 4076 896 4157 futurorum,
925 4100 963 4143 ac
993 4079 1092 4143 totius
1122 4078 1264 4142 civitatis
1295 4078 1390 4159 cleri,
1422 4078 1476 4163 qui
1504 4097 1646 4161 unquam
1673 4094 1732 4160 pro
1765 4081 1916 4161 ternpore

264 4181 375 4260 inerit,
410 4185 522 4244 contra
556 4201 684 4246 omnem
717 4181 883 4246 hominem
913 4182 1099 4249 defendere.
1157 4180 1317 4246 Consules
1345 4201 1423 4247 vero
1452 4180 1611 4257 civitatis,
1645 4176 1918 4264 quandocumque

266 4283 386 4347 fuerint
417 4284 579 4348 immutati
615 4292 648 4349 et
680 4287 841 4367 renovati,
877 4286 1031 4351 iurabunt
1063 4287 1241 4352 defendere
1275 4293 1309 4351 et
1346 4304 1539 4372 promovere
1575 4284 1660 4348 bona
1693 4281 1757 4347 fide
1793 4302 1918 4358 omnes,

267 4407 347 4472 quos
371 4387 412 4451 ad
434 4387 548 4452 horum
573 4390 833 4454 conservantiam
857 4398 889 4455 et
913 4392 1126 4456 stabilitatem
1143 4412 1301 4478 processu
1320 4393 1474 4478 temporis
1490 4390 1631 4455 viderint
1646 4390 1699 4454 vel
1720 4388 1919 4454 crediderint

268 4493 441 4579 expedire,
470 4500 526 4557 aut
560 4515 695 4580 quorum
727 4496 861 4560 consilio
884 4497 937 4560 vel
966 4497 1088 4561 auxilio
1120 4503 1396 4582 supramemorata
1419 4496 1512 4561 firma
1544 4501 1577 4560 et
1606 4494 1698 4558 salva
1734 4493 1918 4557 consistere

267 4604 420 4683 poterunt
448 4603 481 4661 01
514 4619 725 4684 permanere,
749 4606 783 4663 01
811 4599 927 4664 eodem
955 4599 1048 4664 modo
1083 4600 1206 4664 clerum
1241 4602 1274 4664 in
1309 4622 1366 4664 suo
1400 4599 1523 4665 honore
1555 4607 1588 4663 01
1615 4598 1769 4662 libertate
1802 4595 1918 4661 debita

268 4701 445 4767 defendere
481 4714 513 4766 et
548 4724 752 4768 conservare.
812 4703 863 4769 Ne
891 4705 989 4790 igitur
1011 4704 1073 4769 hoc
1102 4703 1224 4768 lactum
1247 4710 1451 4790 posterorum
1475 4704 1682 4768 cavillatione
1705 4701 1759 4764 vel
1789 4706 1918 4786 tempo·

266 4806 310 4869 ris
345 4805 515 4870 intervallo
546 4809 649 4893 possit
681 4808 714 4871 in
750 4807 875 4872 irritum
907 4808 1073 4888 revocari,
1103 4829 1239 4893 presens
1272 4808 1391 4873 exinde
1427 4808 1548 4894 pagina
1582 4815 1631 4872 est
1661 4805 1852 4890 conscripta
1888 4809 1918 4867 01

267 4909 383 4995 sigillis
418 4909 614 4974 venerabilis
655 4909 775 4975 domini
810 4910 946 4976 Henrici
982 4912 1143 4998 episcopi,
1179 4912 1312 4999 capituli
1350 4911 1483 4976 Maioris
1518 4910 1668 4976 Eeclesie
1708 4915 1742 4974 et
1776 4909 1918 4974 civitatis

266 5012 518 5099 Argentinensir
542 5014 576 5078 in
600 5015 819 5080 testimonium
844 5014 1068 5100 sollempniter
1092 5016 1300 5080 communita.

376 5156 600 5163 ----——-——-
779 5159 792 5163 -
802 5158 832 5164 ...-
1004 5158 1220 5164 ——-—--
1227 5156 1444 5163 -—..—...-

369 5259 393 5321 ⁸)
411 5260 598 5326 Argentinonse
616 5260 647 5313 P.
664 5269 688 5312 ct
707 5261 739 5312 Α.
843 5258 976 5325 birrorum
996 5259 1029 5310 A.
1133 5257 1155 5322 ο)
1175 5267 1201 5310 01
1217 5258 1286 5310 deest
1304 5259 1337 5308 Α.
1441 5252 1465 5319 (1)
1484 5261 1570 5306 antem
1588 5253 1645 5304 odd
1662 5252 1687 5303 A
1699 5256 1722 5303 2.
1824 5250 1849 5319 θ)
1868 5253 1917 5318 A.;

266 5345 428 5413 presentibus
445 5344 514 5396 deest
530 5344 563 5395 R.
667 5343 687 5408 s)
706 5347 814 5398 lecimus
832 5345 857 5395 A
869 5349 894 5397 2.
998 5343 1024 5410 a)
1043 5345 1090 5396 boc
1107 5345 1302 5396 imtrumentrm
1320 5342 1472 5395 0000111000
1498 5356 1555 5390 cum
1577 5339 1677 5391 drsobm
1695 5338 1848 5391 0011100Εώ
1864 5340 1918 5392 cine

266 5428 314 5499 [o]
331 5431 392 5483 ibid.
406 5448 435 5496 p.
448 5433 512 5496 236,
538 5435 631 5484 10312
652 5434 803 5500 propositis,
830 5450 887 5484 cum
914 5433 996 5484 aas
1024 5432 1053 5483 id
1075 5449 1129 5483 soa
1146 5432 1281 5484 0001110001.
1386 5426 1412 5492 ¹¹)
1431 5427 1549 5479 omnibus
1567 5444 1592 5476 0.
1698 5422 1716 5489 ¹)
1735 5425 1768 5478 de
1786 5427 1918 5497 veringen

266 5518 376 5570 (100010
480 5514 506 5580 k)
524 5518 643 5571 videlicet
660 5519 721 5572 add
740 5538 764 5570 o.

371 5638 397 5705 1)
417 5635 459 5701 cs.
478 5635 575 5704 0090
591 5643 666 5692 coos.
