4328 6232
198 336 261 400 434
760 339 810 396 Ex
829 339 1046 395 muocmv'ru
1066 335 1104 392 lV
1123 337 1305 395 Raolsrso

198 507 312 573 innata
340 507 530 593 flagellasse
560 511 684 577 malitia
715 513 833 578 saltem
862 535 948 599 pena
976 520 1143 599 pungente
1174 533 1210 576 se
1238 511 1386 593 doleant,
1419 512 1536 576 vestris
1565 510 1862 597 supplicationibus

198 611 357 691 inclinati,
383 612 535 678 Castrum
559 613 670 679 Iovis¹
693 637 766 680 cum
790 617 996 702 pertinentiis
1019 617 1088 680 suis
1111 616 1309 681 Ameliensis
1333 614 1473 680 diocesis
1497 614 1669 702 adipsum
1694 614 1862 700 pertinens

197 738 257 802 pro
283 716 393 781 debita
417 725 451 783 et
475 719 605 804 integra
627 728 809 785 vestrorum
833 719 1141 806 recompensatione
1165 718 1396 807 dampnorum,
1426 739 1488 805 que
1511 717 1691 783 abeodem
1715 717 1862 783 Hearico

197 821 251 884 vel
275 841 335 905 per
357 823 465 907 ipsum
489 823 530 887 ab
555 823 629 887 aliis
653 829 790 910 propter
812 825 985 889 eeclesiam
1003 824 1091 909 passi
1109 823 1199 900 estis,
1221 823 1316 887 vobis
1332 823 1366 886 in
1382 822 1555 887 devotione
1572 818 1662 885 sedis
1679 822 1863 907 apostolice

197 925 454 1010 persistentibus
478 927 674 991 auctoritate
698 928 899 1014 presentium
923 927 1077 992 duximus
1100 924 1356 1002 concedendurn,
1381 933 1564 990 statuentes
1587 930 1623 989 ut
1646 923 1736 988 idem
1760 924 1805 991 Η.
1824 963 1862 973 -

198 1028 305 1093 edicto
329 1030 492 1094 contrario
517 1030 569 1094 vel
592 1031 656 1093 alio
680 1030 828 1115 quolibet
850 1051 915 1095 non
937 1029 1165 1096 obstantibus·
1188 1067 1230 1076 -
1255 1031 1344 1095 robis
1368 1029 1510 1114 dampna
1532 1027 1717 1093 huiusmodi
1743 1027 1865 1094 debeat

199 1134 369 1199 resarcire.
415 1133 507 1198 Nulli
531 1154 610 1214 ergo
635 1141 695 1198 etc.
720 1142 831 1198 nostre
855 1135 1077 1199 concessionis
1101 1142 1134 1198 et
1158 1133 1403 1198 constitutionis
1427 1141 1489 1198 etc.

309 1252 387 1320 Dat.
412 1254 578 1340 Lugduni,
601 1254 635 1318 II
657 1253 742 1318 Non.
766 1253 971 1332 Decembris,
994 1275 1080 1318 anno
1096 1253 1192 1317 VI02.

309 1375 389 1440 Dati
414 1384 490 1441 sunt
513 1383 761 1441 conservatores
784 1374 909 1441 eisdem
932 1396 1032 1461 super
1055 1375 1115 1441 hoo
1141 1427 1173 1441 ..
1198 1375 1394 1463 episcopus³
1417 1380 1451 1440 et
1474 1424 1504 1441 ..
1528 1372 1650 1438 abbasb
1674 1375 1863 1438 monasterii

202 1480 307 1544 sancti
329 1480 422 1545 Petri
444 1480 606 1545 Perusini.

990 1937 1077 2009 613.

308 2052 530 2148 lanceavit-ias
545 2078 570 2141 I
573 2077 601 2140 V
607 2098 697 2161 papa
711 2078 862 2141 acerrime
878 2079 911 2140 in
927 2077 1128 2141 Fridcricum
1144 2078 1301 2158 quondam
1316 2078 1533 2160 irreperatorcm
1556 2077 1713 2157 invelieris,
1737 2080 1863 2142 mim

203 2186 295 2251 bilem
325 2188 443 2249 statam
472 2182 563 2264 rapui
592 2181 724 2246 Siciliae
756 2180 901 2244 describit
934 2185 963 2245 ct
993 2185 1112 2245 statuta
1145 2182 1182 2245 ae
1213 2181 1355 2245 libertate
1387 2182 1585 2246 ecclesiarum
1619 2181 1735 2246 ibidem
1768 2180 1862 2262 resor-

203 2288 322 2353 maada
344 2288 418 2352 edit.
1537 2288 1631 2362 1248,
1654 2284 1731 2351 Dec.
1749 2290 1778 2351 7.

308 2409 374 2462 Ian.
389 2406 438 2460 IV
455 2407 518 2475 Rea.
538 2405 596 2460 lab.
616 2404 667 2472 VI,
690 2405 710 2470 t:
730 2409 848 2470 vva-vo,
872 2419 928 2456 cur.
946 2421 973 2456 n.
992 2411 1033 2457 22.
1070 2404 1227 2472 Exemplar,
1249 2403 1320 2471 qaod
1336 2402 1442 2470 Rata,
1466 2404 1526 2457 Aa.
1546 2421 1567 2459 r.
1584 2405 1646 2459 Bas
1662 2423 1691 2475 p.
1706 2412 1754 2461 arr
1775 2404 1859 2471 aaa

202 2495 365 2550 contulimus
386 2510 446 2547 cum
466 2493 591 2562 ltcpvsts's.

310 2580 442 2647 Posthac,
463 2580 527 2648 aa.
541 2585 634 2645 13110‚·
652 2579 749 2648 Rsrprr
765 2583 841 2632 sees.

309 2763 489 2836 Stetuta
517 2759 636 2833 edita
663 2780 742 2850 per
770 2756 994 2829 dominum
1021 2756 1336 2833 Innocentium
1363 2779 1520 2854 papam
1547 2767 1765 2850 quartum

493 2902 571 2973 pro
602 2878 915 2953 ecclesiastica
941 2878 1158 2952 libertate
1184 2879 1230 2952 iu
1258 2902 1393 2972 regno
1421 2879 1589 2955 Sicilie.

316 3030 530 3095 Innocentius
555 3030 740 3116 episcopus,
766 3048 881 3092 servus
905 3047 1069 3091 servorum
1093 3026 1168 3103 Dei,
1192 3027 1234 3093 ad
1257 3029 1502 3095 observantiam
1526 3037 1560 3095 ct
1584 3032 1775 3098 memoriam
1792 3055 1858 3119 per-

204 3142 351 3223 petuam.
396 3134 428 3198 A
458 3135 576 3199 diebus
606 3133 790 3211 Frederici,
823 3131 968 3216 alumpni
999 3131 1160 3216 nequitie,
1197 3133 1287 3217 quasi
1317 3133 1511 3197 Antichristi
1541 3137 1726 3220 prenuntii,
1757 3136 1859 3200 Sicilie

206 3259 344 3325 regnum
373 3239 436 3302 vim
468 3239 611 3323 patitur⁰
640 3245 675 3302 et
705 3237 842 3300 ministri
872 3236 942 3300 eius
973 3235 1165 3319 predatione
1197 3234 1276 3299 illud
1306 3236 1463 3321 diripiunt
1491 3238 1647 3302 violenta.
1697 3239 1797 3314 Nam,
1830 3247 1862 3303 nt

205 3345 272 3408 vite
297 3364 357 3408 sue
381 3363 512 3407 cursum
536 3340 741 3433 breviloquio
765 3347 1024 3404 transcurramus
1049 3348 1082 3403 et
1105 3341 1236 3424 longam
1260 3361 1488 3426 perversorum
1514 3348 1646 3407 actuum
1672 3343 1746 3408 eius
1768 3343 1861 3408 telam

206 3446 439 3534 compendiose
468 3446 641 3511 verborum
673 3446 758 3509 serio
787 3444 1012 3522 decurtemus,
1041 3451 1215 3530 postquam
1245 3445 1364 3509 multas
1396 3452 1430 3509 et
1457 3447 1660 3531 periculosas
1687 3449 1863 3534 apostolice

207 3551 296 3617 sedis
326 3550 472 3638 presidio
503 3550 608 3614 evasit
636 3548 772 3613 insidias
800 3549 952 3634 cepitque
982 3547 1087 3613 libere
1120 3549 1152 3611 in
1181 3568 1281 3632 regno
1310 3549 1396 3633 ipso,
1427 3549 1515 3634 pleni
1545 3548 1607 3612 sibi
1636 3548 1786 3615 habenas
1813 3551 1868 3615 illa

207 3656 374 3720 tribuente
399 3655 544 3735 dominii,
568 3653 754 3740 principari,
778 3654 822 3716 sic
847 3653 880 3716 in
904 3651 1057 3738 superbie
1082 3651 1288 3717 altitudinem
1315 3653 1489 3717 estolatus
1506 3653 1589 3717 etin
1606 3654 1863 3720 seviticacerbi·
1905 3672 1912 3710 1

208 3766 311 3825 tatem
334 3759 485 3844 obriguit,
510 3757 597 3844 quod
621 3755 879 3820 dehumilitatis
904 3754 1099 3834 substantia,
1123 3755 1216 3818 cuius
1238 3756 1272 3818 in
1296 3755 1444 3820 adversis
1469 3777 1505 3820 se
1523 3757 1701 3821 simulabat
1720 3760 1867 3830 amicum.

208 3870 241 3927 et
259 3861 300 3927 de
317 3861 531 3946 benignitatis
549 3859 812 3938 mansuetudine,
836 3879 931 3943 quam
949 3858 1070 3922 blando
1087 3859 1177 3942 prius
1200 3860 1422 3925 mentiebatur
1445 3867 1591 3945 aspectu,
1616 3861 1717 3926 nichil
1741 3864 1868 3927 omniuo

209 3966 368 4045 retinens,
404 3972 438 4029 et
470 3963 510 4028 de
541 3965 661 4029 virtute
696 3962 804 4027 divina
837 3983 901 4027 uon
932 3962 1065 4026 tremuit
1095 3961 1337 4049 humanamque
1368 3964 1576 4050 parvipendit
1605 3966 1807 4050 potentiam,
1839 3977 1870 4032 et

209 4071 366 4135 honorem
391 4068 532 4133 ecclesie
556 4089 594 4132 ao
618 4066 802 4131 libertatem
833 4065 999 4130 hominum
1029 4065 1107 4130 dicti
1136 4066 1227 4150 regni
1256 4066 1452 4152 tirampnide
1480 4066 1658 4132 furibunda
1690 4068 1869 4156 depressit:

208 4175 381 4262 plurimum
405 4174 481 4237 olim
505 4173 594 4237 mitis
618 4173 651 4235 in
674 4171 800 4250 nubilo,
830 4177 879 4234 set
907 4171 1041 4234 nimium
1072 4192 1207 4235 severus
1235 4170 1441 4255 postmodum
1471 4172 1503 4234 iu
1532 4191 1665 4246 seren03
1697 4173 1868 4238 verborum

208 4288 287 4343 tunc
315 4274 490 4342 dulcedine
521 4276 672 4357 melleus,
702 4273 760 4339 sed
787 4281 904 4361 posteo
931 4275 1048 4338 felleus
1077 4273 1293 4338 amaritudine
1323 4293 1474 4358 operum:
1504 4282 1603 4338 antea
1631 4273 1766 4359 quidem
1796 4299 1870 4362 pro-

210 4383 375 4448 missionis
399 4380 623 4445 blandimento
647 4377 839 4468 multimodo
863 4377 992 4454 liniens,
1018 4384 1069 4441 set
1092 4383 1256 4461 postremo
1280 4384 1316 4440 ut
1340 4377 1466 4461 scorpio
1490 4378 1735 4461 persecutionis
1759 4380 1872 4445 aculeo

209 4501 279 4552 dire
301 4484 428 4551 ledens.
473 4483 525 4549 De
557 4485 747 4570 multiplicis
778 4482 898 4546 etenim
926 4480 1134 4544 necessitatis
1167 4487 1323 4563 angusto,
1354 4480 1387 4543 in
1410 4500 1474 4565 quo
1497 4480 1597 4544 draco
1627 4481 1691 4546 iste
1720 4482 1872 4557 latuerat,

319 4629 440 4636 ...—--.-.
463 4630 473 4634 -
512 4629 632 4635 ————
655 4625 820 4634 ..-——-—-

317 4716 341 4778 ⁸)
360 4715 425 4766 obst.
439 4713 471 4763 R.
576 4710 783 4779 blopiacopost
802 4710 933 4760 ..abbati
952 4709 984 4759 B.
1090 4709 1113 4772 ⁰)
1132 4710 1249 4790 patititur
1268 4708 1325 4779 Ii.¹

318 4850 343 4917 1)
364 4848 474 4903 Glauce
492 4863 552 4900 aaa.
572 4852 596 4900 ct
613 4863 663 4900 occ.
681 4846 727 4898 cir.
741 4845 866 4900 Amatae.
955 4848 981 4912 2)
1000 4845 1057 4900 Sub
1073 4844 1160 4898 eodan
1178 4844 1221 4898 dic
1239 4844 1337 4898 eosdem
1355 4860 1416 4897 cam
1433 4845 1592 4913 lwminibas,
1617 4846 1738 4899 vascua
1755 4853 1781 4899 et
1798 4846 1872 4899 basis

209 4940 258 4994 surb
271 4935 431 5007 protadionc
448 4951 500 4986 sua
517 4933 625 5000 recepit,
650 4937 769 4984 cavans
793 4932 875 5000 ‘quod
898 4931 1024 4985 homines
1047 4934 1120 4985 terre
1139 4935 1229 4985 vestre
1252 4930 1287 4984 ab
1311 4930 1454 4999 aliquibus
1473 4930 1725 4985 communitatibus
1743 4950 1794 4986 sen
1811 4931 1872 4985 aliis

210 5026 435 5097 quibuscumque
454 5018 579 5088 personis
597 5019 626 5071 in
646 5017 769 5087 ipsorum
790 5017 857 5071 locis
877 5017 964 5087 recipi
983 5020 1139 5086 nequeant,
1163 5015 1241 5070 vobis
1260 5015 1370 5075 invitis.
1394 5020 1423 5070 et
1440 5017 1491 5070 tali
1511 5016 1594 5069 modo
1612 5016 1718 5086 recepti
1737 5020 1874 5086 cogantur

209 5116 245 5171 sa
265 5113 360 5185 priora
378 5110 440 5164 loca
458 5106 557 5169 redire,
576 5105 655 5159 nulls
673 5121 784 5172 quoque
803 5105 988 5158 communitas
1006 5108 1057 5157 ant
1074 5104 1131 5156 alin
1149 5103 1247 5172 quevis
1266 5119 1384 5172 persona
1403 5102 1491 5170 possit
1510 5101 1615 5155 eisdem
1635 5102 1873 5157 hominibusdare

211 5199 384 5269 traskytiam
398 5194 453 5249 nisi
466 5209 600 5247 consensu
615 5195 707 5246 vestro
724 5189 811 5244 libere
829 5190 994 5244 accedente.
1028 5189 1085 5243 Sub
1102 5188 1187 5242 sodon
1204 5188 1248 5242 die
1265 5188 1359 5242 eiadera
1378 5188 1496 5252 r'adalss't,
1515 5194 1547 5241 at
1564 5205 1738 5257 qrsasraaqsc
1753 5189 1787 5243 de
1802 5190 1874 5243 bosa

209 5289 326 5345 hosticas
343 5282 462 5338 cadusiae
479 5279 539 5348 ipsi,
557 5277 703 5344 familiares
720 5282 744 5330 st
762 5277 870 5329 vassalli
887 5293 977 5329 corula
993 5275 1147 5328 habuissent
1163 5275 1289 5329 basiem
1306 5276 1346 5329 vel
1362 5274 1392 5327 dc
1409 5279 1492 5326 cetero
1503 5274 1596 5327 babere
1605 5282 1721 5343 Μ,
1741 5276 1773 5328 ia
1783 5292 1872 5331 eom

209 5373 360 5431 seminium
385 5367 539 5422 tramiserat.
575 5364 630 5418 Sub
648 5363 741 5418 Dscb
761 5362 920 5432 Rlaiacria]
939 5361 1053 5415 Sanctae
1073 5361 1181 5414 Mariae
1202 5361 1234 5413 ia
1253 5362 1389 5415 Cosnridin
1412 5360 1524 5414 diacono
1546 5361 1695 5427 minati,
1717 5364 1873 5433 molins

209 5462 279 5519 mua
296 5461 389 5530 emata,
407 5451 555 5519 mactavit,
578 5456 609 5504 ut
626 5449 720 5504 Mos
737 5449 860 5504 redditas
875 5455 901 5503 ct
918 5449 983 5516 alia,
1007 5464 1077 5516 quac
1094 5448 1125 5500 ia
1143 5448 1270 5500 musitata
1288 5447 1426 5502 Nswcrino
1443 5447 1481 5501 aa
1499 5449 1657 5503 Rom
1672 5450 1804 5505 m
1816 5464 1875 5519 pc·

210 5536 338 5617 mm,
362 5557 447 5613 uque
469 5536 508 5593 aa
531 5536 723 5608 macas
744 5537 914 5606 apertam
934 5533 1096 5601 wunsam
1119 5534 1217 5604 Rape
1234 5542 1317 5601 rasa,
1335 5542 1413 5605 4249,
1431 5542 1518 5604 4408,
1540 5534 1680 5607 Passus,
1703 5535 1771 5609 ἃς
1788 5542 1874 5603 aaa

212 5646 300 5707 ram,
321 5638 407 5693 lim.
496 5628 524 5697 8)
543 5625 690 5697 biduarius
