4328 6232
851 352 1051 411 Elus'rouss:
1069 357 1264 415 sensurus.
1301 363 1378 418 1247.

703 640 742 657 ..
775 586 934 678 regine
967 589 1188 678 quondam
1221 592 1542 668 Romanorum.

400 732 499 813 Cum,
530 735 615 798 sieut
642 737 844 821 acecpimus,
877 737 1075 802 venerabihs
1105 740 1207 804 frater
1236 750 1348 807 noster
1372 792 1406 807 ..
1436 743 1706 831 archiepiscopus
1735 746 1948 832 Maguutinus

300 836 380 900 claro
405 839 560 902 memorie
585 887 617 904 ..
642 840 714 924 regi
736 839 977 904 Romanorum¹
1000 842 1068 904 viro
1092 850 1148 905 tuo
1173 865 1231 928 pro
1255 844 1368 909 decem
1392 846 1524 909 milibus
1548 869 1732 913 marcarum
1758 853 1887 930 argenti
1912 874 1948 916 se

300 937 424 1002 duxerit
452 939 681 1024 obligandum,
710 953 807 1028 prout
835 945 868 1008 in
897 945 1014 1008 litteris
1043 945 1118 1009 inde
1151 948 1307 1012 conlectis
1332 948 1449 1013 dieitur
1472 952 1642 1031 contineri,
1667 962 1700 1017 et
1724 961 1758 1018 tu
1781 955 1947 1040 predictas

258 1061 265 1095 'a
301 1042 503 1126 obligationis
530 1045 657 1110 litteras
681 1047 804 1112 habere
835 1048 967 1128 diceris,
1001 1050 1229 1116 celsitudinem
1261 1062 1350 1118 tuam
1381 1075 1534 1138 rogamus
1564 1063 1598 1119 et
1621 1056 1790 1121 hortamur
1812 1065 1948 1138 attente,

301 1145 446 1230 quatinus
470 1147 603 1211 easdem
627 1150 756 1215 litteras
780 1153 907 1237 prefato
930 1153 1177 1240 archiepiscopo
1202 1160 1375 1223 restituere
1400 1181 1461 1223 non
1486 1166 1674 1246 postponas.

400 1265 478 1333 Dat.
501 1268 663 1355 Lugduni,
685 1270 717 1333 V
739 1271 853 1337 Nonas
876 1273 965 1354 Maii,
990 1294 1075 1337 anno
1099 1273 1198 1342 ΝΗ.

915 1536 1326 1547 --.--..-.-.--.

395 1875 613 1967 Bnroscntire·
636 1900 692 1965 IV
713 1923 801 1984 papa
823 1903 980 1967 rrrriuorsis
1000 1903 1159 1982 praetatis
1180 1903 1589 1969 eeclesiarum'rrurnostcrr'o
1618 1907 1775 1971 Futdcnsi
1805 1907 1950 1970 euthicetis

298 2002 434 2081 rrrurulnt,
456 2009 493 2067 ut
513 2006 694 2090 [Siqefrr'de
717 2006 798 2089 ΙΙΙ]
818 2007 1049 2090 archiepiscopo
1070 2007 1266 2089 Maqsrrrtino
1294 2009 1338 2072 ed
1358 2009 1590 2089 rcmrpcraadus
1610 2011 1746 2074 oirrsdcur
1768 2009 1950 2072 ruorrrrstcrr'i

218 2108 241 2143 ¹⁰
291 2107 506 2184 russos-simas,
529 2109 558 2171 cs'
579 2129 601 2171 a
622 2109 691 2173 sodo
712 2109 883 2189 romscot-eo
905 2109 1092 2187 carmentes,
1113 2110 1288 2175 subsidium
1311 2112 1487 2177 rrlsihoout.
1605 2117 1699 2192 1217,
1722 2113 1806 2178 Mai.
1829 2120 1860 2178 3.

398 2226 458 2278 lau.
473 2226 492 2278 I
497 2225 522 2279 V
538 2226 601 2294 ch.
621 2226 673 2281 Vol.
689 2227 788 2294 I,3s4;
807 2226 867 2280 Lib.
882 2226 903 2279 I
907 2226 935 2294 V,
955 2235 1010 2282 631.

396 2311 493 2379 Βῆριν
504 2318 579 2367 2628.

352 2490 591 2565 Universis
617 2494 885 2584 prepositis,
913 2492 1145 2584 prioribus
1173 2499 1215 2567 et
1241 2495 1345 2568 aliis
1372 2497 1564 2588 prelatis
1593 2497 1893 2571 ecelesiarum

719 2613 999 2688 monasterio
1027 2608 1261 2687 lloldensib
1288 2616 1521 2690 subiectis.

193 2782 226 2819 ¹⁵
403 2765 496 2842 Oum,
521 2766 604 2829 sieut
620 2764 818 2830 venerabilis
841 2764 945 2829 irater
966 2772 1080 2829 noster
1104 2816 1135 2830 ..
1160 2764 1373 2850 Maguntinus
1389 2768 1655 2853 archiepiscopus
1672 2768 1765 2832 nobis
1783 2767 1947 2853 exposuit,

299 2866 379 2931 idem
401 2889 461 2954 pro
486 2867 719 2953 recuperandis
743 2874 777 2932 et
799 2867 1013 2932 defendendis
1038 2868 1133 2931 terris
1158 2876 1191 2931 et
1214 2869 1475 2953 possessionibus
1499 2873 1689 2935 monasterii
1713 2870 1905 2950 Foldensis,
1929 2893 1949 2934 a

300 2970 386 3033 nobis
409 2971 471 3036 sibi
495 2972 709 3052 commissis⁸,
734 2980 873 3056 cogatur
895 2971 936 3036 de
960 2971 1056 3036 bouis
1081 2971 1219 3056 propriis
1242 2972 1353 3036 faeere
1377 2993 1495 3057 graves
1520 2986 1684 3059 sumptus,
1707 2976 1849 3039 maxime
1874 2995 1946 3037 eum

300 3072 378 3137 bona
407 3075 510 3160 ipsius
540 3076 730 3141 monasterii
767 3075 850 3139 adeo
879 3074 1043 3138 invenerit
1079 3074 1239 3158 obligata,
1274 3073 1357 3158 quod
1391 3075 1491 3139 etiam
1524 3077 1580 3139 vix
1614 3077 1763 3141 monaehi
1799 3077 1947 3142 eiusdem

301 3178 483 3242 monasterii
512 3177 684 3257 habesne,
712 3177 798 3243 unde
827 3179 958 3242 valeant
989 3178 1181 3251 sustentari,
1215 3185 1248 3242 et
1277 3176 1410 3264 dignum
1441 3180 1576 3257 existat,
1608 3187 1644 3244 ut
1671 3181 1819 3246 membra
1850 3181 1948 3266 capiti

188 3301 206 3336 ··
303 3280 438 3346 debeant
468 3283 642 3347 subvenire
674 3304 711 3346 ae
742 3281 864 3346 subditi
892 3281 1093 3368 prelatorum
1123 3302 1224 3345 onera
1256 3289 1462 3368 supportare:
1493 3284 1699 3348 universitati
1723 3291 1832 3348 vestre
1856 3305 1948 3348 man-

302 3384 419 3465 damus,
442 3386 593 3471 quatinus
610 3387 715 3451 eidem
731 3387 977 3471 archiepiscopo
994 3384 1036 3448 ad
1052 3385 1293 3449 alleviandumtl
1311 3407 1392 3450 onus
1410 3386 1594 3452 huiusmodi
1612 3408 1842 3474 expensarum,
1867 3410 1948 3473 quas

303 3509 353 3573 pro
376 3491 607 3577 recuperandis
631 3492 726 3556 honis
750 3491 873 3557 eisdem
899 3490 1009 3554 subire
1034 3491 1248 3576 compellitur,
1273 3491 1365 3554 iuxta
1386 3491 1561 3557 facultates
1581 3492 1729 3578 proprias
1745 3491 1948 3557 moderatum

304 3593 475 3660 subsidium
505 3597 627 3682 absque
656 3596 850 3661 difficultate
874 3618 911 3660 ac
936 3593 1093 3659 dilatione
1118 3595 1264 3680 qualibet
1288 3594 1445 3660 exhibere
1467 3597 1596 3661 curetis.
1642 3594 1803 3660 Volumus
1826 3602 1948 3675 autem,

306 3697 382 3781 quod
405 3699 446 3763 de
470 3699 565 3763 bouis
588 3700 678 3785 ipsis,
702 3706 876 3786 postquam
891 3698 1057 3763 mediante
1075 3706 1184 3763 vestre
1201 3697 1423 3761 subventionis
1440 3699 1563 3762 auxilio
1579 3700 1720 3764 fuerint⁰
1743 3705 1949 3785 recuperata,

196 3814 239 3851 τ’*
307 3800 396 3864 nichil
419 3822 572 3887 umquam
596 3804 766 3888 quisquam
791 3802 966 3887 pereipiat,
998 3822 1169 3886 quousque
1199 3799 1240 3863 de
1264 3801 1393 3865 illorum
1416 3801 1628 3885 proventibus
1650 3802 1742 3867 vobis
1767 3800 1950 3865 huiusmodi

306 3903 476 3969 subsidium
504 3906 601 3970 tuerit
630 3908 827 3971 restitutum.
873 3905 1029 3989 Alioquin
1054 3903 1174 3968 dilecto
1198 3903 1265 3966 filio
1288 3953 1320 3968 ..
1346 3905 1459 3969 abbati
1483 3905 1731 3970 Eberbacensi‘
1755 3905 1948 3989 Maguntine

304 4003 436 4072 diocesis
464 4009 580 4074 littoris
606 4011 726 4074 nostris
750 4009 964 4094 iniungimus,
1001 4016 1036 4072 ut
1066 4029 1125 4071 vos
1160 4007 1201 4071 ad
1229 4008 1261 4071 id
1289 4009 1469 4074 monitione
1500 4011 1661 4095 premissa
1689 4031 1748 4095 per
1778 4029 1948 4073 censuram

304 4111 554 4177 eeclesiasticam
578 4113 801 4199 appellatione
826 4119 952 4177 remota
975 4112 1160 4197 compellat.

403 4232 481 4299 Dat.
503 4232 665 4321 Lugduni,
689 4235 802 4320 quinto
826 4234 939 4300 Nonas
963 4234 1054 4313 Maii,
1078 4254 1163 4299 anno
1187 4233 1246 4297 IV.

915 4497 1326 4505 ..—————-——-—

1082 4723 1168 4795 334.

188 4854 222 4895 lu

400 4838 619 4930 Innocentius
634 4864 657 4927 I
663 4863 690 4927 V
696 4884 786 4946 papo
802 4865 961 4947 praefecto
981 4864 1075 4930 Urbis
1096 4864 1204 4927 scribit
1226 4883 1258 4927 sc
1273 4863 1449 4939 cteercuime,
1472 4866 1506 4924 ‘ut
1527 4863 1557 4925 ot
1571 4864 1677 4925 orrentia
1692 4862 1810 4925 <ouon
1832 4885 1854 4925 a
1872 4861 1949 4924 Tus-

296 4966 490 5045 minitabas,
516 4965 761 5031 l'etrottcusibrvs
783 4971 811 5031 ot
826 4967 962 5033 storniuis
979 4967 1095 5054 Tutfac
1109 4969 1220 5032 votens
1235 4968 1328 5032 iltuto
1343 4968 1461 5050 integre
1475 4970 1737 5031 restaurarentur
1758 4985 1833 5028 neoc
1855 4963 1948 5027 iidem

398 5227 423 5292 ⁸)
442 5230 500 5279 Dat
520 5236 645 5296 utsupra
663 5227 695 5278 n.
800 5226 826 5294 ὓ)
844 5229 881 5279 ita
899 5228 931 5279 R.
1037 5226 1062 5293 o)
1081 5229 1177 5279 hahent
1195 5227 1228 5278 B.
1334 5225 1360 5292 d)
1378 5228 1415 5279 ito
1433 5228 1465 5278 lt.
1570 5228 1594 5293 θ)
1613 5228 1709 5279 tuerint
1727 5226 1795 5278 deest
1812 5225 1845 5276 u.

402 5382 427 5444 l)
447 5379 487 5444 Os.
502 5397 531 5447 p.
549 5387 606 5446 209,
626 5386 679 5434 not.
701 5388 721 5434 7.
832 5383 859 5446 2)
880 5380 919 5446 Os:
939 5379 1170 5447 Bdbmerd'ielter,
1189 5381 1205 5432 1.
1223 5398 1244 5433 e.
1264 5386 1335 5432 5:577.
1454 5383 1481 5445 3)
1502 5379 1643 5433 Corradus
1659 5378 1740 5431 ‹sllrss
1760 5377 1905 5431 ltebrose
1921 5397 1947 5431 rr.

306 5470 361 5518 12111
381 5483 400 5518 a
418 5482 496 5534 μιμι
516 5465 654 5519 cessionem
667 5465 780 5532 petierat
804 5471 827 5518 et
848 5466 1045 5533 irnpctrorerot,
1070 5482 1122 5533 quo
1142 5468 1213 5531 sacto
1232 5465 1420 5518 rrmuasterirun
1438 5465 1568 5532 ahqcfrrilo
1585 5464 1790 5533 archicpisocqm,
1815 5463 1948 5516 recumbis

305 5551 480 5617 rasurarum,
496 5551 663 5606 maiorum
678 5557 732 5616 est,·
749 5550 895 5618 *Sidera-rust,
914 5551 986 5606 Hist.
1003 5551 1085 5605 Fuld.
1104 5557 1122 5604 t.
1141 5552 1166 5617 I,
1175 5570 1203 5618 p.
1219 5560 1264 5606 193
1281 5558 1305 5605 et
1325 5550 1386 5605 dal.
1400 5551 1476 5619 quob.
1491 5570 1521 5619 p.
1535 5561 1571 5618 11,
1590 5556 1661 5617 §tt
1730 5553 1757 5618 4)
1778 5549 1827 5603 Ea
1843 5555 1904 5618 sequ.
1924 5557 1948 5605 rt

304 5652 347 5690 ωε,
357 5638 406 5693 cir.
422 5637 526 5693 Μαίη.
560 5637 606 5693 Dr
614 5636 797 5695 macone
808 5640 840 5705 etl
855 5639 983 5701 Poenas,
997 5638 1063 5709 ch.
1075 5644 1153 5694 11823
1165 5638 1247 5707 {quas
1258 5656 1297 5708 cp.
1309 5639 1340 5691 iu
1358 5638 1423 5708 Ray.
1436 5656 1494 5693 uon
1504 5640 1592 5710 extat]
1610 5645 1633 5693 et
1645 5639 1744 5707 saper
1761 5644 1829 5693 2163
1841 5642 1866 5691 rt
1878 5645 1948 5695 2176.
