4328 6232
273 345 334 406 224
830 339 875 393 EX
896 338 1113 393 INNOCEN'I’II
1133 338 1171 392 lV
1190 338 1371 396 uuoisruo

288 519 445 591 Nobili
479 519 577 592 viro
606 497 840 592 pandulfo
876 521 927 592 dc
954 518 1256 593 Plrasauella¹
1285 519 1658 613 Capudaquensis
1690 517 1911 592 diocesia.

379 651 572 738 Apostolicc
602 652 689 717 sodis
719 651 926 737 providentia
954 656 1112 715 consueta
1140 651 1343 716 subditorum
1374 650 1491 716 merita
1523 650 1654 715 solertis
1678 648 1930 715 deliberationis

273 757 424 820 examine
448 755 594 836 discutit,
627 765 660 821 ct
683 778 746 842 quc
770 755 906 820 rationis
931 754 1051 819 iudicio
1075 756 1202 841 potiora
1225 755 1363 835 diffinit,
1392 755 1594 842 premiorum
1616 759 1810 818 remunerat
1833 753 1927 817 retri-

271 860 406 924 butione
443 861 615 935 maiorum,
647 859 854 924 uberioribus
892 860 949 924 illa
982 858 1212 944 prosequendo
1248 859 1415 925 favoribus
1448 865 1481 924 et
1517 857 1689 924 beneficiis
1724 855 1929 943 plenioribus

274 963 465 1027 attollendo.
511 962 599 1026 Hinc
623 970 689 1039 ost,
721 962 905 1047 quodcum
935 969 970 1026 tu
999 963 1054 1027 illa
1078 984 1157 1048 erga
1178 961 1361 1028 Romanam
1391 962 1567 1027 ecclesiam
1593 960 1768 1026 devotione
1797 961 1929 1025 ferveas

272 1088 410 1151 canique
435 1067 521 1131 circa
551 1067 654 1153 ipsam
687 1065 819 1130 studeas
843 1086 976 1130 servare
1000 1066 1245 1148 constantiam²,
1275 1073 1312 1130 ut
1339 1067 1425 1132 inter
1447 1065 1530 1129 alios
1554 1066 1625 1130 eius
1648 1064 1735 1129 filios
1759 1062 1929 1128 fidelitatis

271 1171 365 1234 titulo
382 1170 568 1255 specialiter
585 1169 769 1254 insignitus,
793 1169 951 1233 mercaris
975 1169 1016 1233 ab
1041 1190 1081 1234 ca
1098 1171 1322 1256 multipliciter
1342 1169 1504 1246 honorari,
1527 1190 1598 1247 nos,
1621 1169 1682 1233 hec
1704 1188 1771 1232 uon
1795 1165 1929 1252 indigne

270 1281 448 1359 pensantes
472 1281 505 1338 ct
529 1274 678 1337 volentes
702 1273 767 1337 tuis
791 1272 960 1338 intendere
983 1272 1128 1337 comodis
1153 1274 1264 1359 tuique
1295 1273 1426 1338 honoris
1453 1277 1664 1357 augmentum
1686 1271 1830 1336 sollicite
1853 1290 1929 1355 pro·

273 1399 399 1456 curare,
425 1378 482 1441 tibi
506 1377 635 1461 tuisque
661 1377 909 1442 successoribus
934 1384 1076 1442 castrum
1099 1378 1253 1443 (ὶίΐοιιὶε8
1277 1378 1484 1443 Salernitane
1508 1375 1651 1440 diocesis
1675 1395 1750 1438 curn
1773 1372 1928 1450 dominio,

271 1481 415 1558 iuribus,
448 1480 625 1545 honoribus
655 1481 870 1567 omnibusque
898 1482 972 1545 aliis
1001 1483 1208 1567 pertinentiis
1236 1482 1323 1562 suis,
1353 1481 1525 1567 presertim
1556 1501 1628 1544 cum
1653 1499 1791 1564 regnum
1817 1474 1928 1541 Sicilie

272 1607 350 1670 rege
375 1607 461 1648 nunc
485 1593 595 1649 careat
619 1592 651 1648 ct
674 1585 791 1649 nobilis
815 1587 864 1650 vir
887 1585 981 1649 Oddn
1005 1586 1046 1650 de
1075 1586 1241 1651 Laviano⁴
1265 1585 1448 1650 renuntarit
1470 1584 1512 1649 ob
1536 1585 1598 1648 hoe
1622 1583 1709 1647 omni
1733 1582 1815 1655 iuri,
1843 1579 1929 1665 quod

272 1690 304 1752 in
330 1695 436 1753 castro
454 1687 570 1752 codem
587 1688 740 1766 habebat,
764 1690 796 1751 in
820 1688 952 1753 feudum
977 1688 1017 1753 dc
1041 1690 1148 1773 gratia
1172 1688 1380 1754 concedimus
1398 1689 1543 1775 speciali,
1567 1685 1741 1752 dummodo
1764 1684 1807 1750 sd
1830 1684 1929 1748 aliurn

274 1794 306 1855 in
340 1791 513 1856 devotione
543 1793 646 1877 ipsius
678 1792 819 1856 ecclesie
849 1793 1079 1877 persistentem
1109 1813 1175 1855 non
1204 1792 1369 1878 pertineat
1402 1791 1527 1856 dictum
1564 1797 1717 1856 castrum.
1768 1788 1933 1853 Volumus

271 1903 394 1973 autem,
424 1882 461 1958 ut¹
488 1902 659 1981 postquam
684 1897 888 1981 corporalem
913 1895 1060 1960 eiusdem
1092 1897 1189 1960 castri
1213 1894 1455 1981 possessiouem
1478 1895 1650 1972 habueris,
1680 1899 1748 1959 tsm
1773 1898 1809 1956 tu
1833 1911 1934 1976 quam

270 1998 370 2063 iidem
395 2020 604 2064 successores
627 2021 685 2084 pro
710 2004 818 2063 castro
841 2000 913 2084 ipso
938 1998 1124 2083 homagium
1152 2005 1185 2062 ct
1208 2000 1426 2063 iuramentum
1449 1998 1616 2064 fidelitatis
1643 2002 1677 2062 et
1700 1995 1766 2060 alia
1789 1995 1931 2059 ecclesie

272 2103 399 2188 prelato
424 2123 483 2165 scu
507 2103 588 2186 regi,
612 2102 667 2186 qui
691 2123 750 2187 pcr
774 2123 846 2165 earn
869 2122 928 2186 pro
946 2108 1094 2187 tempore
1112 2101 1209 2165 fucrit
1232 2103 1264 2165 in
1281 2123 1382 2186 regno
1399 2100 1556 2187 predicto,
1573 2106 1722 2187 prestare
1737 2096 1936 2164 teneamini.

270 2226 333 2288 que
364 2205 420 2268 alii
451 2205 585 2269 vassalli
615 2204 763 2268 eiusdem
795 2206 887 2289 regni
919 2227 978 2290 pro
1009 2206 1125 2269 castris
1156 2226 1214 2270 seu
1243 2205 1369 2287 feudis,
1401 2226 1464 2290 que
1489 2205 1655 2285 obtinent,
1682 2204 1746 2269 sibi
1770 2201 1932 2268 exhibere

271 2314 434 2372 tenentur.
479 2307 570 2372 Nulli
595 2329 673 2392 ergo
698 2317 759 2372 otc.
784 2315 893 2373 nostre
917 2310 1141 2373 concessionis
1164 2315 1225 2373 etc.

379 2428 455 2494 Dat.
479 2430 641 2515 Lugduni,
666 2430 699 2493 ΙΙ
724 2430 772 2494 Id.
796 2430 917 2511 Martii,
941 2452 1026 2495 anno
1049 2431 1131 2496 llll.

381 2550 418 2614 ln
443 2550 584 2614 cundem
602 2550 732 2615 modum
757 2552 864 2616 cidem
888 2574 946 2637 pro
970 2559 1076 2617 castro
1094 2552 1296 2639 Canrpanie³
1321 2553 1528 2617 Salernitana
1544 2551 1687 2616 diocesis
1705 2571 1828 2635 usquc:
1853 2570 1923 2633 roge

274 2674 360 2716 nunc
384 2660 502 2732 carcat,
525 2653 559 2716 in
583 2653 715 2717 feudum
740 2654 780 2718 dc
805 2655 911 2738 gratia
935 2655 1144 2720 concedimus
1169 2657 1315 2742 speciali,
1340 2654 1514 2720 dummodo
1540 2661 1603 2720 etc.
1626 2662 1662 2718 ut
1685 2675 1789 2739 supra
1811 2653 1844 2716 in
1867 2651 1922 2715 alia

272 2776 377 2839 usque
401 2756 433 2819 in
457 2756 555 2821 finem
566 2758 587 2820 ⁶.

1056 3143 1142 3216 301.

379 3251 593 3344 Ilercaones
613 3281 636 3345 I
643 3280 669 3344 V
682 3303 774 3361 papa
787 3282 1028 3366 archiepiscopis
1042 3287 1071 3346 ct
1093 3284 1170 3348 aliis
1178 3284 1337 3365 paracletis
1354 3284 1373 3347 I
1375 3284 1503 3347 'alaraiaa
1525 3285 1554 3346 et
1568 3281 1778 3347 Poraeraaiac
1793 3279 1927 3356 crassabit,

270 3389 304 3446 at
321 3383 450 3448 Petram
467 3385 578 3449 Sancti
596 3385 724 3466 Georpii
743 3386 787 3449 ad
810 3386 917 3450 latam
932 3387 1074 3451 Aureum
1088 3387 1255 3453 diaconatum
1269 3388 1472 3464 cardinalem,
1488 3385 1675 3470 apostoliam
1689 3384 1774 3450 sedis
1788 3385 1928 3465 locatam,

271 3487 400 3570 beremae
422 3487 586 3571 recepiant.
605 3527 643 3535 —
667 3488 755 3553 Ideni
769 3490 960 3573 [Gailtebuo
976 3491 1036 3576 ΙΙ]
1058 3493 1287 3574 archiepiscopo
1309 3496 1338 3554 ct
1355 3491 1512 3572 paucitatis
1534 3489 1730 3554 Bisaatiaae
1747 3487 1929 3572 prosumiae

272 3590 410 3655 stratoclei.
1551 3595 1644 3670 1247,
1665 3591 1769 3656 Mart.
1794 3595 1847 3655 14.

375 3710 437 3763 Iria.
453 3711 473 3763 J
477 3711 500 3763 V
518 3712 580 3780 ltcp.
600 3713 652 3766 Vol.
667 3713 690 3780 I,
705 3721 767 3780 423;
786 3714 843 3767 Lib.
858 3715 908 3781 IV,
920 3732 975 3768 car.
989 3723 1020 3770 Β
1032 3723 1056 3770 et
1069 3725 1109 3770 56.
1147 3715 1214 3769 Ciam
1233 3715 1356 3768 Pertaias
1373 3718 1488 3767 armam
1503 3712 1587 3765 isacius
1604 3711 1729 3780 epistola
1747 3728 1804 3764 aon
1821 3709 1930 3777 desum-

270 3794 339 3860 serit,
357 3794 383 3847 V.
399 3794 436 3849 Gt.
447 3798 480 3849 A.
502 3797 574 3849 Mau
591 3800 730 3867 aaarmlar,
750 3799 821 3866 arcad
842 3801 866 3852 Τ
866 3800 965 3867 liciacr,
987 3802 1061 3855 Mori.
1082 3802 1174 3855 Polou.
1194 3806 1211 3854 l.
1226 3800 1251 3866 I,
1267 3816 1294 3867 p.
1308 3805 1351 3864 43,
1370 3817 1397 3852 a.
1410 3806 1445 3854 89
1463 3797 1550 3864 edidit,
1569 3815 1630 3852 cans
1649 3797 1713 3866 Ray.
1730 3795 1845 3850 watsclit
1862 3801 1885 3848 d
1902 3811 1933 3848 aa

271 3880 307 3933 cis
323 3883 452 3949 coarcat·
472 3884 586 3937 Ticina·
605 3885 675 3938 enim
692 3885 723 3937 in
730 3886 874 3953 posteriorc
886 3892 964 3953 asarta
979 3888 1104 3955 epistola
1122 3904 1178 3942 aron
1203 3886 1278 3941 rerba
1296 3885 1378 3939 baias
1390 3902 1428 3953 cp.
1448 3884 1491 3938 sat
1502 3884 1601 3938 asadia
1613 3900 1651 3953 cp.
1665 3901 1693 3938 a.
1705 3890 1756 3938 304
1770 3883 1790 3936 Ι
1802 3883 1933 3951 mactasti.

376 3969 504 4040 Pottbaat,
525 3972 588 4041 aa.
609 3980 703 4039 124525
721 3973 817 4040 Beracr
834 3980 898 4027 2969
914 3981 938 4028 et
956 3982 1029 4030 2972.

1089 4126 1115 4190 l.

332 4250 727 4344 Archicpiscopis⁷
757 4260 798 4327 el
834 4255 1080 4346 episcopiS,
1114 4254 1381 4340 abbatibuS,
1411 4250 1650 4343 prioribus
1683 4255 1725 4323 et
1757 4251 1871 4324 aliis

272 4370 579 4445 ecclesiarum
616 4376 835 4467 prelatis,
870 4382 958 4448 tam
1001 4374 1234 4465 exemptis
1268 4395 1404 4465 quam
1444 4393 1535 4445 non
1569 4372 1820 4463 exemptis,
1854 4392 1932 4463 per

626 4494 852 4569 Poloniam
881 4502 922 4568 cl
949 4493 1265 4567 Pomeraniam
1293 4492 1574 4566 constitutis.

381 4641 467 4715 Quia
490 4643 649 4728 corporali
674 4647 840 4730 presentia
864 4667 927 4708 non
950 4666 1124 4730 possumus
1148 4644 1228 4707 locis
1253 4642 1391 4727 singulis
1415 4643 1599 4723 imminere,
1623 4642 1665 4708 dc
1689 4643 1769 4720 biis,
1792 4664 1875 4728 quos
1897 4643 1929 4706 in

271 4747 468 4812 executione
492 4747 588 4831 plene
612 4751 786 4833 potestatis
807 4751 1013 4823 assumimus,
1038 4768 1279 4833 nonnumquam
1304 4742 1477 4834 [aliquos]⁸
1499 4747 1530 4811 in
1555 4755 1682 4834 partem
1702 4746 1928 4812 sollicitudinis

377 4980 400 5037 ιι)
421 4975 521 5040 aliquos
540 4975 607 5026 deest
627 4976 656 5024 a.

376 5095 401 5159 1)
421 5094 459 5145 Ia
478 5094 648 5161 Principale,
667 5111 698 5148 cac
715 5113 753 5150 or.
777 5096 875 5150 Paesti.
956 5096 984 5153 ⁶2)
1005 5094 1042 5158 (lsi
1062 5112 1087 5145 n.
1104 5103 1160 5147 luo.
1241 5095 1268 5157 a)
1288 5094 1336 5146 aa
1353 5099 1415 5160 apt.
1434 5097 1457 5145 at
1475 5107 1514 5145 or.
1532 5091 1646 5145 isam.
1724 5093 1752 5156 4)
1770 5091 1807 5145 Ia
1826 5088 1929 5144 Μά-
1941 5117 1974 5128 -

271 5185 340 5246 pata
359 5195 392 5232 ca
409 5185 470 5247 scit.
490 5187 513 5233 et
531 5197 569 5234 or.
588 5181 633 5234 cir.
655 5182 743 5235 lt'boli.
815 5185 840 5248 i»)
864 5183 935 5235 latai·
952 5182 998 5235 cio.
1022 5181 1100 5234 Eboli
1117 5186 1140 5233 at
1160 5180 1293 5232 Lariano.
1364 5181 1392 5247 a)
1412 5179 1495 5247 Papa
1517 5177 1603 5231 adera
1621 5182 1733 5245 ternpore
1753 5177 1836 5231 sintii
1856 5173 1974 5229 m

273 5264 408 5331 Gilibcrto,
428 5266 568 5319 lllattbaao
585 5272 608 5318 ct
631 5267 746 5320 Tliomae
760 5269 892 5336 pcruaauis
911 5267 1041 5332 Paralum
1059 5266 1090 5320 dc
1103 5266 1258 5332 Fasanclla,
1272 5265 1396 5332 Hearico,
1416 5265 1529 5319 Nicolaa
1546 5263 1636 5318 datico
1652 5269 1676 5318 et
1691 5263 1840 5330 Thomala,
1859 5262 1974 5316 aaliz·

271 5350 407 5418 ormisdam
421 5352 555 5405 (r'aillelmi
573 5351 676 5406 domiai
695 5353 726 5405 de
744 5353 856 5421 Littera,
874 5354 1013 5407 Gailletmo
1026 5353 1173 5407 Francicus
1191 5352 1237 5420 [de
1247 5369 1299 5419 qao
1312 5353 1343 5417 cti
1357 5370 1383 5404 a.
1399 5353 1469 5422 166J,
1487 5351 1605 5406 Ratiaria
1619 5349 1769 5406 Francisoo
1785 5354 1810 5404 d
1822 5347 1974 5404 osasi-

270 5435 300 5489 ‹lc
319 5436 444 5490 himerio
466 5438 536 5492 aona
552 5444 575 5491 et
592 5439 664 5507 iura,
681 5439 840 5506 praesertim
857 5440 887 5491 ia
907 5439 1077 5507 Principale,
1097 5438 1271 5507 coadunati,
1290 5437 1413 5492 ooncoemt
1431 5439 1470 5492 ca
1487 5438 1618 5505 restituam
1636 5438 1733 5509 napa
1748 5440 1916 5493 asor-ms
1968 5450 1974 5455 ·

269 5522 300 5586 cll
316 5539 341 5576 a.
355 5530 413 5577 264.
485 5525 511 5592 l)
535 5524 613 5580 Unus
629 5526 701 5580 solas
712 5524 921 5595 arciacpiaoopus
938 5527 968 5580 ia
986 5525 1041 5580 illis
1048 5524 1175 5594 panibus
1192 5525 1308 5592 matut,
1323 5523 1492 5592 θπαηιωίυ,
1511 5524 1560 5595 qai
1576 5522 1635 5579 idco
1650 5521 1974 5593 &immurmu-

271 5607 404 5661 aomiaari
424 5607 542 5678 delcetat·
568 5612 600 5677 cf.
622 5628 649 5666 a.
665 5618 720 5668 323.
758 5611 871 5680 Propter
893 5610 965 5681 aiod
984 5610 1113 5666 aodimus
1135 5616 1247 5666 terimam
1263 5628 1316 5682 ep,
1334 5627 1396 5666 eam
1415 5611 1563 5666 maa
1584 5626 1645 5667 eam
1660 5610 1747 5683 pisan
1764 5606 1974 5689 Μὴν-
