4328 6232
252 366 317 429 300
810 357 858 416 ΗΧ
876 352 1095 417 Innocuam
1112 359 1152 416 IV
1171 360 1351 418 scelerae

253 536 410 602 inheretis
440 535 581 602 ecclesie
616 536 711 601 matri
738 541 861 618 vestre,
895 536 973 603 licet
1007 536 1172 603 Frederici
1200 536 1363 622 quondam
1392 536 1598 624 imperatoris
1626 536 1766 604 Romani
1789 539 1908 625 perflet

255 639 370 706 dolosa
399 640 577 722 calliditas,
600 644 637 704 ut
666 661 686 705 a
712 641 825 705 salutis
853 647 963 707 vestre
992 642 1126 707 salutari
1154 641 1318 729 proposito
1346 662 1405 706 vos
1440 642 1586 708 avellens
1619 644 1653 708 in
1686 665 1745 709 suo
1779 645 1907 710 scelere

255 745 344 808 solus
379 765 442 808 non
473 749 589 830 pereat
620 744 816 826 sceleratus,
845 744 966 810 debent
994 746 1187 811 inconcussa
1214 746 1394 831 persistere
1424 744 1592 826 firmitate,
1623 768 1665 811 ne
1687 747 1773 814 forte
1795 749 1907 836 pravis

257 848 426 934 colloquiis
451 847 734 933 corrumpentibus
757 848 860 913 bonos
882 870 989 914 mores
1012 856 1195 914 vestrorum
1218 849 1408 914 meritorum
1425 850 1531 916 subito
1549 851 1722 930 thesaurus
1737 851 1907 940 depereat,

256 971 352 1037 quem
376 950 501 1016 diutino
525 950 686 1015 bellorum
710 953 885 1016 certamine
908 953 1148 1037 congregastis,
1173 953 1218 1033 si,
1248 952 1335 1039 quod
1363 954 1467 1034 absit,
1490 953 1614 1020 Christi
1635 957 1734 1020 rectis
1757 957 1907 1042 vestigiis

258 1054 445 1137 derelictis,
468 1053 580 1133 devia,
605 1075 667 1141 que
691 1055 835 1120 ducunt·
856 1055 897 1120 ad
920 1061 1075 1138 mortem,
1108 1055 1246 1143 predicti
1264 1057 1452 1146 sequamini
1482 1056 1660 1126 Frederici.
1703 1059 1775 1125 Nos
1798 1061 1907 1146 igitur,

256 1179 299 1223 ex
321 1157 578 1244 precedentibus
602 1157 679 1224 fidei
695 1167 804 1223 vestre
828 1158 944 1223 studiis
961 1160 1085 1224 firmam
1102 1180 1194 1245 apem
1216 1159 1250 1223 in
1265 1161 1426 1246 reliquum
1441 1160 1672 1247 pollicentibus
1694 1163 1907 1244 confidentes,

255 1263 501 1327 universitatem
534 1270 678 1327 vestram
705 1284 875 1327 monemus
912 1270 945 1328 et
977 1263 1145 1328 hortamur
1177 1270 1322 1346 attente,
1355 1264 1549 1330 mandantes
1578 1267 1731 1352 quatinus
1762 1288 1784 1332 a
1812 1289 1907 1334 cursu

258 1366 385 1451 accepti
407 1365 569 1452 propositi
590 1366 777 1432 nullatenus
793 1366 1013 1448 deflectentes,
1036 1368 1132 1432 matri
1149 1373 1257 1433 vestre
1280 1369 1441 1433 coutinuis
1464 1369 1630 1455 obsequiis
1652 1371 1837 1452 assistatis,
1861 1378 1907 1451 nt,

256 1471 327 1556 ipsa
358 1477 469 1557 optate
502 1472 593 1557 pacis
629 1472 757 1557 gaudiis
781 1471 985 1559 perfruente,
1008 1493 1067 1537 vos
1100 1477 1191 1537 tanto
1219 1474 1366 1538 securius
1389 1473 1565 1560 quiescatis
1588 1473 1650 1538 sub
1673 1475 1821 1560 potentie
1846 1496 1904 1540 sue

256 1573 327 1653 alis,
352 1581 472 1659 quanto
496 1575 609 1640 eadem
633 1576 823 1640 conculcato
847 1596 1022 1662 pravorum
1046 1598 1184 1642 occursu
1208 1577 1323 1641 virium
1347 1599 1481 1642 suarum
1503 1578 1710 1644 salutiferum
1734 1578 1905 1643 brachium

256 1679 289 1743 in
313 1678 535 1744 defensionem
558 1679 729 1744 humilium
751 1680 870 1765 poterit
892 1680 1028 1747 liberius
1053 1701 1208 1746 exercere
1218 1682 1239 1746 ¹.

363 1800 440 1866 Dat.
463 1801 626 1887 Lugduni,
649 1801 732 1866 XVI
755 1801 830 1867 Kal.
853 1803 1007 1888 Augusti,
1031 1823 1116 1868 anno
1140 1803 1264 1889 quinto.

1037 2311 1124 2384 413.

362 2422 580 2515 Innocentius
602 2449 657 2515 IV
678 2471 768 2535 popa
794 2449 1002 2536 [Bertbotdo]
1022 2452 1204 2533 praeposito
1232 2457 1262 2517 ct
1293 2451 1430 2536 capitulo
1454 2450 1597 2516 eaesae
1626 2450 1909 2518 Grandccultcnsr's

258 2553 378 2619 intuita
405 2554 524 2618 monitis
544 2553 725 2618 Nouiccstrr'
747 2553 891 2632 ruendat,
913 2559 949 2618 at
970 2554 1013 2618 H.
1038 2554 1075 2618 dc
1097 2553 1223 2619 Rinacb
1245 2555 1390 2620 olendum
1412 2553 1689 2619 confricassem
1711 2555 1747 2618 in
1770 2553 1910 2640 fratrem

258 2658 493 2722 ctccnorrr'cam
514 2657 693 2722 admittant.
1564 2659 1657 2737 1247,
1680 2658 1747 2724 Iul.
1773 2663 1825 2724 17.

361 2775 424 2830 Ian.
443 2776 490 2830 IV
504 2776 568 2847 Ray.
586 2778 640 2832 Vol.
658 2777 760 2846 herm
779 2777 839 2832 Inb.
855 2777 887 2845 V,
898 2785 937 2832 42.
974 2777 1126 2846 Epi-stolam
1143 2792 1176 2831 cr
1194 2776 1312 2847 Mastia
1331 2776 1466 2846 dempsit
1483 2777 1512 2831 V.
1526 2775 1567 2832 Ol.
1585 2776 1616 2832 0.
1634 2775 1666 2831 ds
1687 2775 1782 2831 Falte.

363 2863 462 2932 Borger
478 2869 549 2918 3091.

429 3098 437 3115 .
466 3099 474 3116 .
503 3042 758 3135 preposito²
785 3050 828 3120 et
857 3043 1069 3135 capitulo
1098 3042 1288 3118 ecclesie
1316 3042 1739 3119 Grandevallensis

831 3165 1101 3241 Basilicnsis
1128 3165 1334 3240 diocesis.

367 3311 522 3380 Votirum
545 3316 578 3380 in
601 3317 683 3403 ipsis
708 3337 782 3381 esse
806 3316 907 3382 debet
931 3317 1122 3400 affectibus,
1147 3317 1234 3404 quod
1256 3316 1354 3402 digus
1377 3315 1470 3380 nobis
1494 3322 1624 3403 gratum
1648 3337 1720 3382 esse
1742 3319 1911 3406 percipitis

261 3423 294 3483 et
319 3419 410 3483 vobis
434 3421 533 3486 etiam
555 3421 735 3507 producere
759 3422 877 3507 poterit
898 3423 1059 3509 premium
1082 3423 1187 3507 gratie
1210 3420 1373 3508 specialis.
1420 3418 1507 3487 Sans
1524 3418 1664 3485 dilectus
1684 3420 1771 3485 filius
1794 3419 1912 3487 nobilis

262 3524 311 3587 vir
334 3545 444 3589 comes
466 3524 675 3590 Noricastri³
699 3525 740 3590 ad
775 3526 838 3589 hoe
870 3547 935 3589 una
964 3546 1036 3589 cum
1060 3526 1126 3589 suis
1149 3525 1294 3588 intentus
1319 3523 1569 3609 magnanimiter
1591 3521 1728 3599 dicitur,
1752 3530 1791 3588 ut
1812 3525 1913 3610 ipsius

259 3627 363 3692 honor
386 3629 524 3694 ecclesie
548 3650 607 3715 per
629 3650 741 3694 eorum
766 3629 982 3693 ministerium
1005 3634 1175 3713 augeatur.
1220 3626 1362 3714 Propter
1385 3626 1447 3690 hoc
1470 3625 1629 3712 siquidem
1653 3647 1713 3691 uos
1736 3647 1910 3714 personam

260 3732 331 3796 eius
365 3732 487 3797 affectu
523 3732 674 3798 benivolo
709 3738 968 3819 prosequentes,
1006 3733 1252 3798 universitatem
1286 3737 1429 3795 vestram
1472 3730 1649 3816 rogandam
1688 3731 1843 3796 duximus
1880 3739 1913 3797 et

260 3835 472 3919 monendam,
495 3836 703 3916 mandantes,
728 3838 878 3923 quatinus
902 3836 1058 3902 dilectum
1081 3837 1182 3900 filium
1204 3835 1248 3899 H.
1273 3834 1313 3900 dc
1336 3833 1481 3912 Rinach,
1504 3833 1582 3898 dicti
1606 3834 1733 3899 comitis
1757 3836 1913 3901 clericum

261 3939 451 4024 specialem,
473 3941 527 4026 qui
548 3941 589 4005 de
607 3941 779 4006 nobilitate
803 3942 946 4026 generis,
968 3941 1113 4005 moribus
1136 3947 1170 4004 st
1186 3938 1324 4003 scientia
1340 3937 1596 4017 commendatus,
1618 3958 1679 4023 per
1702 3959 1738 4002 se
1762 3958 1801 4002 ac
1825 3958 1913 4015 suos,

262 4043 389 4108 sincere
413 4042 593 4109 devotionis
616 4046 759 4110 intentos
782 4044 957 4131 obsequiis,
982 4043 1067 4131 apud
1091 4065 1150 4109 nos
1173 4043 1310 4128 gratiosi
1326 4041 1446 4106 donum
1470 4041 1588 4105 dicitur
1603 4041 1763 4107 meruisse
1780 4042 1915 4123 favoris,

263 4167 322 4232 pro
346 4148 527 4234 apostolice
552 4149 641 4214 sedis
665 4155 698 4214 et
720 4154 833 4214 nostra
856 4150 1040 4214 reverentia
1069 4148 1102 4212 ln
1129 4147 1261 4211 fratrem
1294 4152 1327 4210 et
1356 4145 1548 4210 canonicum
1570 4144 1766 4223 admittatis,
1790 4151 1855 4211 etc.
1878 4151 1915 4210 at

262 4272 363 4337 supra
385 4253 417 4316 in
440 4251 517 4317 ΧΗ)
540 4252 703 4339 capitulob
726 4272 847 4338 usquc:
875 4252 1035 4337 generari,
1059 4258 1116 4315 aut
1139 4250 1224 4337 quod
1248 4249 1333 4314 idern
1358 4250 1439 4313 alias
1462 4248 1675 4312 beneficiatus
1698 4248 1829 4327 existit,
1855 4268 1914 4314 ssu

262 4356 372 4441 aliqua
395 4355 609 4441 indulgentia,
634 4355 674 4421 do
699 4377 762 4442 qua
784 4356 959 4442 specialem
980 4357 1013 4419 in
1030 4355 1148 4420 litteris
1164 4355 1285 4418 nostris
1310 4357 1460 4439 oporteat
1474 4352 1546 4415 fieri
1565 4352 1781 4427 mentionem
1797 4374 1914 4439 preces

261 4467 296 4523 et
318 4459 508 4524 mandatum
531 4467 677 4525 nostrum
701 4461 812 4524 taliter
834 4459 1009 4545 impleturi,
1033 4465 1085 4538 ut,
1109 4478 1149 4522 eo
1173 4456 1337 4542 gaudente
1367 4455 1523 4539 consequi
1552 4454 1638 4540 quod
1665 4455 1698 4519 in
1727 4454 1790 4520 hac
1819 4464 1915 4541 parte

262 4562 444 4643 desiderat,
478 4563 577 4649 digua
612 4562 763 4627 laudibus
799 4569 832 4628 et
866 4563 976 4627 lavore
1012 4560 1097 4648 apud
1136 4580 1196 4624 nos
1225 4564 1336 4625 vestre
1366 4558 1537 4623 sinceritas
1566 4557 1751 4623 devotionis
1782 4559 1914 4624 existat

262 4665 417 4751 Alioquin
441 4665 560 4732 dilecto
583 4667 651 4731 filio
676 4716 683 4730 .
707 4715 714 4729 .
738 4667 852 4731 abbati
874 4665 915 4730 ds
939 4665 1076 4752 Capella
1099 4663 1357 4729 Constantiensis
1380 4661 1520 4727 diocesis
1544 4682 1604 4747 per
1632 4662 1760 4727 litteras
1783 4671 1915 4728 nostras

261 4769 471 4854 iniungimus,
494 4779 530 4834 ut
553 4791 651 4856 super
673 4771 735 4835 hoc
758 4769 947 4835 mandatum
971 4769 1187 4856 apostolicum
1212 4771 1411 4850 exequatur3
1434 4763 1689 4830 contradictores
1712 4773 1774 4829 eto.

369 4891 444 4958 Dat.
469 4892 632 4977 Lugduni,
654 4891 736 4957 XVI
759 4891 833 4957 Kal.
859 4892 1011 4977 Augusti,
1035 4912 1119 4955 anno
1135 4888 1191 4953 V0.

368 5188 393 5254 ⁸)
412 5191 443 5241 de
461 5191 503 5241 via
521 5207 571 5256 quc
589 5190 660 5241 ducit
677 5188 709 5240 B.
814 5186 840 5250 b)
860 5189 914 5239 scit.
932 5188 960 5237 in
978 5186 1085 5237 eandm
1096 5186 1158 5252 sere
1175 5182 1278 5234 modum
1297 5187 1371 5245 arque
1389 5180 1417 5230 ia
1433 5197 1460 5230 a.
1477 5181 1535 5230 392.

367 5327 392 5392 1)
413 5323 450 5390 Os.
468 5340 496 5377 a.
514 5331 568 5378 411.
672 5321 699 5390 2)
719 5320 762 5374 De
786 5319 833 5373 boc
858 5319 889 5386 cs.
916 5335 944 5371 rs.
961 5323 1008 5372 366
1034 5323 1058 5370 et
1086 5317 1184 5385 Berqer
1200 5323 1279 5384 3100,
1310 5322 1386 5384 3101,
1415 5322 1482 5371 3107
1497 5320 1523 5369 st
1539 5321 1609 5370 3110.
1718 5316 1746 5384 3)
1767 5316 1914 5384 Radclsaa

265 5413 322 5467 Sub
339 5412 408 5480 Aac.
427 5418 443 5465 2
458 5427 533 5480 papa
551 5409 588 5463 ad
600 5424 689 5478 preces
706 5407 764 5461 sius
780 5406 806 5460 U
808 5407 874 5461 trica
891 5405 984 5459 rectori
1000 5403 1120 5458 corkaiae
1136 5402 1168 5456 dc
1187 5404 1267 5471 Ritte,
1286 5403 1483 5472 oeruanqatsrco
1506 5401 1593 5456 Ulm'cs'
1609 5407 1635 5456 at
1652 5401 1772 5456 Benolda'
1786 5403 1917 5471 frma,

265 5498 433 5553 minema
451 5497 483 5551 ds
503 5495 649 5552 Mcsbarcb
668 5494 880 5550 Gonaaatisasts
897 5492 1016 5560 diem,
1034 5491 1184 5546 dcooeorm
1201 5491 1327 5558 mosae,
1345 5487 1484 5558 maumam
1498 5488 1615 5557 masas·
1628 5488 1705 5556 issar
1720 5488 1822 5560 Barysr
1838 5496 1915 5557 3136,-

263 5584 295 5650 οἵ.
314 5584 392 5638 diam
408 5591 481 5652 3103,
500 5589 578 5652 3100,
596 5589 672 5639 3108.
690 5610 723 5623 -·
741 5581 784 5636 Dc
798 5581 883 5648 fratre
899 5578 1001 5634 comitis
1019 5576 1138 5633 Hearico
1151 5577 1301 5646 praeposito
1319 5573 1503 5629 Solcdarieasi
1518 5574 1549 5641 cs.
1567 5572 1662 5629 abidam
1682 5580 1708 5629 st
1726 5575 1825 5646 &ger
1841 5582 1916 5643 3003,

263 5679 341 5741 3102,
360 5679 463 5727 satsat
483 5671 615 5739 Pottbast,
637 5670 700 5740 aa.
720 5678 812 5738 laum,-
829 5685 900 5739 qaas
916 5683 954 5738 ep.
972 5667 1003 5720 r'a
1023 5666 1086 5736 aa.
1104 5680 1161 5720 aon
1180 5669 1259 5720 astat
