4328 6232
775 351 974 416 anatome
992 355 1182 419 subactast.
1219 359 1295 418 1243.
1842 370 1862 433 3

210 529 242 594 in
265 528 490 596 ecclesiastiea
511 531 637 598 unitate
662 538 696 596 et
718 533 908 599 obedientia
930 542 963 599 et
985 535 1158 601 devotione
1184 539 1365 624 apostolice
1390 537 1479 605 sedis
1503 540 1638 606 firmiter
1668 542 1861 627 persistatis.

208 634 278 699 Nos
301 636 387 699 enirn
411 657 468 699 vos
492 642 657 723 tamqnam
686 639 850 724 speciales
880 641 1019 705 ecclesie
1049 641 1132 705 filios
1158 642 1321 708 honorare
1346 643 1547 708 intendimus
1571 651 1604 709 et
1627 645 1738 710 fovere
1763 666 1800 709 ac
1829 646 1863 710 in

209 738 323 801 vestris
347 738 601 804 necessitatibus
624 738 742 806 adesse
767 741 859 806 vobis
883 744 1006 808 utiliter
1028 750 1061 808 et
1083 745 1249 830 prodesse.
1296 745 1454 812 Ceterum
1478 754 1541 812 etc.
1564 755 1601 812 ut
1624 770 1723 834 supra
1736 750 1758 813 ¹.

830 1021 1101 1029 —-..---------.--..
1123 1025 1127 1029 .
1144 1024 1157 1029 -
1188 1024 1240 1029 ,.-.

1017 1284 1052 1357 f.

311 1399 529 1493 Innocens
544 1422 696 1506 rvpapa
712 1422 918 1509 [animvm]
929 1423 1135 1504 aenariam
1149 1423 1367 1505 squamas
1388 1425 1538 1509 acrama,
1561 1433 1596 1491 a
1615 1427 1735 1495 masei
1753 1430 1861 1513 nates

144 1553 156 1587 i
211 1528 377 1594 Pannoniae
400 1526 528 1591 inducat
549 1526 593 1591 ad
614 1547 735 1592 emacem
755 1527 987 1608 suscipiendam
1009 1531 1118 1592 eontra
1143 1527 1307 1606 Tartarea,
1337 1529 1394 1610 qni
1420 1550 1514 1612 regno
1535 1531 1695 1615 Ungariac
1717 1555 1733 1597 c
1755 1535 1856 1598 vicina

209 1633 405 1709 immineant,
441 1631 529 1711 cique
556 1635 737 1711 potestatem
764 1631 820 1694 (ted
841 1631 1064 1712 crucesipnatis
1086 1631 1177 1695 illam
1198 1631 1429 1714 indcclpcntiam
1451 1633 1624 1716 largiendi,
1653 1657 1733 1716 qnae
1755 1641 1859 1701 trans-

205 1735 349 1799 euntibus
370 1735 406 1796 in
431 1732 547 1796 Terrae
570 1733 707 1799 Sanctae
729 1734 905 1798 subsidium
927 1752 1073 1797 concessa
1096 1735 1147 1798 sit.
1523 1740 1616 1816 1243,
1640 1738 1705 1803 Inl.
1721 1743 1775 1805 21.

310 1853 372 1906 Ina.
386 1853 406 1905 I
410 1851 434 1906 V
449 1851 515 1922 Rea.
530 1852 585 1905 Vol.
599 1853 623 1918 I,
638 1861 667 1919 ῦς
685 1853 744 1906 lm.
759 1854 833 1920 I,30.
866 1854 967 1908 Perteii
986 1856 1122 1923 excerptor
1139 1857 1289 1924 suppletam
1303 1872 1336 1909 eac
1349 1857 1439 1927 Rayn.
1452 1859 1525 1912 Ann.
1538 1860 1595 1913 eccl.
1609 1879 1633 1913 a.
1650 1867 1721 1927 1243,
1738 1866 1866 1927 §.ld—37

206 1941 367 1995 connectimus
384 1955 445 1992 cam
466 1939 590 2005 flceimr,
608 1938 685 1993 Mon.
698 1939 793 2010 Hrmp.
806 1946 823 1994 t.
838 1942 860 2008 1,
875 1959 903 2009 p.
918 1947 974 2007 187,
994 1958 1021 1993 n.
1034 1946 1091 1995 348.

131 2049 156 2086 ro
312 2026 446 2093 Pottbast,
465 2024 531 2094 Rea.
547 2032 639 2091 110965
657 2024 761 2096 Bcrper
772 2033 813 2081 30.

695 2296 703 2313 .
733 2296 741 2312 .
770 2240 1033 2332 patriarche
1060 2242 1371 2335 Aquilegensi.

313 2390 416 2456 Plena
440 2390 582 2455 lacrimis
607 2397 640 2454 et
662 2391 789 2476 replete
808 2393 956 2477 suspiriis
973 2391 1110 2477 reliquie
1127 2391 1271 2456 fidelium
1295 2394 1327 2458 in
1343 2393 1489 2479 Ungaris
1513 2392 1658 2480 partibus
1681 2396 1860 2480 positorum

207 2497 319 2561 matris
343 2494 485 2560 ecclesie
509 2495 685 2559 sollicitant
707 2495 882 2580 pietatem,
913 2503 950 2559 ut
977 2496 1027 2559 sui
1050 2493 1170 2558 doloris
1195 2495 1385 2580 qualitatem
1411 2496 1558 2561 attendat
1580 2497 1717 2581 eiusque
1741 2500 1859 2564 amari-

205 2601 310 2667 tudini
333 2607 366 2665 et
388 2599 507 2664 merori
530 2599 761 2663 consolationis
786 2598 990 2663 dulcedinem
1015 2599 1183 2683 largiatur,
1206 2620 1244 2663 ac
1260 2599 1320 2664 sibi
1339 2599 1379 2663 de
1395 2600 1450 2663 illo
1466 2599 1638 2686 provideat
1661 2600 1861 2667 defensionis

127 2741 152 2779 1⁵
206 2704 343 2784 auxilio,
365 2724 425 2788 per
447 2701 550 2787 quod,
575 2703 602 2766 si
624 2702 728 2766 hostis
751 2700 816 2766 Dei
839 2708 873 2765 et
896 2701 1001 2765 amica
1024 2700 1215 2781 demonum,
1239 2723 1320 2786 gens
1344 2703 1443 2788 impia
1466 2702 1690 2782 Tartaream,
1714 2707 1862 2770 suumin

204 2808 338 2875 easdem
361 2807 517 2891 reliquias
541 2807 711 2870 moliretur
734 2805 877 2891 experiri
907 2805 1071 2886 sevitiam,
1104 2806 1232 2890 possint
1255 2805 1297 2869 ab
1322 2806 1423 2870 exitio
1447 2805 1568 2889 preripi
1591 2807 1644 2870 vel
1668 2809 1861 2873 exterminio

205 2911 402 3000 preservari,
434 2910 574 2975 salubris
604 2909 801 2996 provisionis
832 2910 984 2974 effectum
1013 2931 1057 2973 ex
1080 2909 1142 2973 hoc
1165 2909 1379 2974 universitate
1405 2907 1583 2973 Christiani
1607 2911 1719 2996 populi
1743 2933 1859 2979 conse-

204 3023 342 3101 quente,
370 3015 512 3078 maxime
535 3035 609 3078 cum
633 3013 676 3077 sit
698 3011 830 3076 evidens
854 3020 1097 3097 argumentum,
1129 3011 1215 3097 quod
1239 3014 1310 3097 ipsa
1332 3012 1510 3097 tranquilla
1533 3021 1666 3076 maneat
1688 3021 1722 3079 et
1744 3036 1861 3081 secura

205 3120 377 3194 consistat,
411 3118 438 3180 si
460 3118 609 3181 ministra
631 3116 840 3203 perditionis,
872 3116 929 3180 illa
951 3137 1034 3201 gens
1057 3115 1173 3189 effera,
1207 3113 1316 3180 divina
1339 3115 1478 3180 dextera
1508 3116 1731 3202 triumphante
1755 3120 1861 3204 possit

206 3223 329 3288 conteri
353 3222 406 3287 vel
430 3221 471 3287 de
495 3223 707 3286 contritorum
731 3220 870 3285 confinio
893 3220 1072 3305 profligari.
1117 3219 1189 3284 llec
1213 3220 1300 3283 enim
1323 3217 1400 3282 dum
1420 3239 1493 3298 nos,
1527 3217 1582 3304 qui
1605 3220 1684 3284 licet
1707 3221 1859 3286 immeriti

204 3326 367 3411 generalis
389 3325 531 3390 ecclesie
555 3345 666 3389 curam
690 3345 732 3388 ex
756 3322 867 3388 divina
890 3324 1076 3409 provisione
1100 3322 1317 3408 suscepimus,
1340 3328 1452 3387 nostre
1469 3323 1587 3386 mentis
1605 3324 1708 3388 oculis
1724 3344 1860 3410 presen-

204 3440 328 3508 tamus,
357 3427 524 3493 reddimur
546 3449 588 3492 ex
613 3426 711 3492 corde
735 3427 881 3507 solliciti,
913 3434 950 3490 ut
972 3427 1036 3490 illis
1059 3445 1199 3511 propere
1222 3423 1434 3490 intendamus
1458 3425 1627 3499 remediis,
1661 3447 1804 3514 perque
1828 3428 1860 3491 in

205 3532 348 3619 Ungaris
379 3531 526 3619 partibus
556 3532 597 3595 sit
629 3531 768 3596 celebris
791 3536 950 3617 perpetuo
973 3530 1075 3614 gloria
1099 3527 1341 3614 Redemptoris.
1386 3526 1491 3612 Igitur
1514 3548 1587 3592 curn
1611 3529 1804 3594 karissimus
1828 3531 1861 3595 in

205 3635 333 3700 Christo
356 3635 442 3699 filius
465 3641 576 3699 noster
590 3633 727 3699 illustris
744 3655 803 3699 rex
820 3634 967 3720 Ungarie
992 3641 1025 3698 ct
1047 3634 1212 3699 subiectus
1237 3634 1268 3699 ei
1291 3633 1443 3719 populus,
1467 3634 1582 3717 quasi·
1606 3634 1779 3700 credentes
1803 3656 1860 3721 pro

143 3773 154 3807 r.
205 3736 384 3803 acerbitate
415 3738 580 3802 illatorum
609 3738 780 3803 vulnerum
812 3739 880 3802 suis
913 3736 1057 3823 gladium
1088 3737 1257 3801 imminere
1290 3737 1488 3819 cervicibus,
1522 3737 1599 3802 dum
1633 3744 1861 3824 persecutores

206 3839 353 3905 horridos
370 3841 403 3905 in
421 3840 533 3904 vicinis
549 3839 694 3925 Ungaris
718 3841 867 3926 partibus
891 3861 1019 3906 rumore
1043 3839 1182 3904 terribili
1205 3840 1389 3926 percipiunt
1411 3841 1614 3921 constitutos,
1636 3861 1696 3904 nos
1719 3839 1861 3906 lacrimis

207 3949 359 4009 moveant
380 3951 413 4008 et
434 3942 588 4009 lamentis
610 3944 783 4024 inducant,
814 3951 851 4008 ut
874 3965 988 4010 eorum
1011 3945 1170 4028 angustiis
1193 3965 1401 4009 occurramus
1425 3945 1530 4029 gratie
1554 3944 1673 4009 festine
1697 3945 1859 4010 fomento:

205 4047 445 4112 fraternitatem
476 4053 566 4111 tuam
597 4068 749 4132 rogamus
773 4054 806 4113 et
833 4048 1042 4113 obsecramus
1073 4048 1106 4111 in
1138 4046 1265 4111 domino
1289 4047 1367 4112 Iesu
1391 4046 1536 4126 Christo,
1570 4049 1602 4111 in
1636 4048 1861 4114 remissionem

205 4149 263 4214 tibi
286 4150 510 4236 peccaminum
534 4151 753 4234 iniungentes,
777 4151 928 4236 quatinus
951 4174 1011 4238 per
1033 4159 1065 4216 te
1090 4173 1128 4216 ac
1151 4152 1245 4229 alios,
1277 4172 1358 4236 quos
1382 4151 1424 4216 ad
1446 4152 1508 4217 hoc
1530 4151 1651 4217 videris
1675 4159 1861 4239 oportunos,

207 4252 330 4317 Christi
358 4252 472 4318 fideles
503 4255 534 4318 in
562 4254 749 4319 Theutonia
779 4257 972 4320 constitutos
1004 4253 1183 4320 secundum
1215 4254 1443 4340 prudentiamb
1474 4255 1531 4319 tibi
1565 4261 1598 4318 ct
1627 4255 1690 4319 illis
1720 4254 1863 4341 desuper

206 4356 392 4421 attributam
421 4358 483 4443 piis
513 4357 648 4423 inducas
683 4359 826 4439 monitis,
858 4365 894 4422 ut
922 4359 1000 4443 ipsi,
1031 4380 1090 4444 per
1118 4379 1197 4442 quos
1226 4357 1382 4423 adversus
1406 4357 1633 4443 tirampnidem
1665 4357 1861 4443 perfidorum

206 4459 394 4525 Christiana
416 4461 587 4547 potissime
612 4463 696 4527 solet
718 4461 850 4528 defendi
875 4464 1001 4549 religio,
1031 4471 1143 4528 contra
1167 4463 1310 4528 Sathena
1335 4464 1463 4527 nuntios
1492 4463 1673 4547 tartarique
1697 4463 1860 4527 ministros

207 4564 311 4628 crucis
333 4565 538 4650 signaculum
562 4587 620 4652 pro
644 4565 691 4630 sic
714 4567 827 4631 afflicti
852 4568 959 4631 salute
982 4568 1094 4653 populi
1117 4573 1309 4632 reverenter
1331 4566 1373 4630 ad
1395 4567 1532 4650 gloriam
1551 4567 1730 4652 suscipiant
1748 4564 1861 4631 Cruci·

207 4666 273 4747 fixi,
296 4689 332 4733 se
356 4669 466 4733 taliter
487 4668 548 4732 biis
565 4689 627 4754 quc
645 4677 722 4734 sunt
738 4678 900 4755 oportuna
914 4670 1001 4734 bello
1018 4670 1151 4734 Domini
1167 4670 1362 4750 munientes,
1386 4676 1422 4733 ut
1446 4670 1474 4733 si
1497 4669 1678 4734 necessitas
1702 4670 1861 4753 exegerit,

131 4803 158 4841 a,
210 4768 295 4853 quod
318 4777 446 4836 avertat
466 4769 530 4836 Dei
553 4771 656 4853 filius,
691 4772 738 4836 sic
761 4772 825 4839 Dei
849 4774 1006 4839 familiam
1029 4774 1070 4839 de
1094 4795 1195 4858 regno
1220 4773 1366 4860 Ungaris
1390 4774 1474 4839 tueri
1498 4774 1645 4853 valeant,
1676 4772 1762 4859 quod
1784 4793 1860 4858 pars

205 4873 355 4958 opposita
366 4870 439 4938 Deo
454 4874 594 4961 propitio
610 4876 702 4940 ruine
720 4877 852 4961 grandis
868 4879 1013 4942 incurrat
1030 4877 1239 4963 opprobrium
1252 4883 1303 4942 etc
1317 4876 1477 4962 redempti
1491 4877 1633 4963 pretioso
1647 4875 1723 4940 Iesu
1736 4875 1858 4940 Christi

206 4975 364 5060 sanguine
389 4981 501 5061 optate
526 4978 640 5043 salutis
665 4987 905 5063 consequantur
928 4982 1091 5046 effectum.
1131 4978 1198 5043 Nos
1222 4980 1319 5058 enim,
1343 4986 1379 5043 ut
1402 4978 1488 5064 quod
1512 4987 1578 5044 tam
1600 4980 1665 5065 pie,
1688 4986 1755 5041 tam
1772 4979 1857 5043 iuste

206 5079 365 5166 cupimus,
388 5080 531 5145 letanter
553 5088 587 5147 et
610 5083 730 5147 leviter
752 5083 822 5148 fieri
845 5083 1064 5169 gaudeamus,
1089 5081 1250 5161 omnibus,
1275 5083 1329 5169 qui
1354 5081 1395 5147 dc
1419 5082 1617 5149 Alemannis
1639 5082 1733 5167 signo
1756 5082 1873 5146 crucis.

205 5190 374 5271 assumpto
397 5182 431 5247 in
454 5182 634 5269 Ungariam
658 5193 771 5250 contra
795 5185 1007 5251 Tartarorum
1037 5185 1259 5273 processerint
1289 5184 1471 5266 feritatem,
1505 5186 1596 5249 illam
1624 5184 1863 5270 indulgentiam

132 5320 158 5356 a
206 5287 356 5374 idemque
394 5285 601 5374 privilegium
641 5289 833 5375 elargimur,
874 5311 936 5375 que
971 5287 1218 5354 transeuntibus
1258 5289 1292 5351 in
1323 5286 1426 5354 Terre
1459 5288 1579 5353 Sancte
1615 5286 1794 5352 subsidium
1830 5288 1862 5351 in

307 5547 332 5613 ⁸)
355 5548 398 5610 T.,·
415 5549 461 5616 qui
474 5547 560 5616 anan.
595 5616 599 5624 ι
631 5546 656 5613 l')
681 5549 722 5611 T.;
740 5551 926 5618 providentiam
938 5549 1024 5618 Rapa.
1095 5548 1120 5615 ο)
1139 5548 1180 5609 Τ.,·
1197 5557 1223 5602 ct
1240 5549 1309 5601 deest
1323 5548 1410 5616 Rayn.

307 5667 334 5738 1)
352 5665 437 5721 Hanc
453 5667 592 5737 mam
608 5668 694 5736 suine
712 5670 872 5741 encyclicam
891 5675 915 5725 et
933 5668 972 5722 ad
989 5669 1058 5723 alios
1075 5686 1180 5738 qumque
1197 5667 1327 5722 directam
1345 5672 1469 5736 apparet.

1623 5762 1659 5817 1&
