4328 6232
204 330 264 394 180
760 321 807 378 EX
826 320 1043 379 INNOCEN'I'II
1061 322 1100 376 IV
1118 319 1300 379 REGiSPRO

200 522 382 565 marcarum
405 501 544 584 argenti,
569 500 765 586 computatis
789 499 967 584 premissis,
992 499 1019 562 si
1044 499 1074 563 ei
1099 499 1254 562 canonice
1273 498 1462 580 offerantur,
1485 498 1633 585 recipere
1649 521 1688 563 ec
1704 520 1771 564 une
1786 520 1860 564 cum

201 604 343 670 obtentis
367 604 470 669 libere
494 605 648 685 retinere,
672 603 863 689 dispensare
881 603 922 668 de
940 603 1141 688 benignitate
1159 601 1247 666 sedis
1264 603 1446 687 apostolice
1462 623 1661 668 curaremus.
1701 603 1862 679 Quemvis

200 710 298 795 igitur
321 708 362 774 ad
392 706 606 774 refrenandas
637 707 832 772 ambitiones
861 706 1080 792 quorundam,
1111 727 1153 770 na
1181 705 1254 791 quis
1285 707 1397 792 plures
1421 707 1581 772 ecclesias
1605 708 1657 771 vel
1680 707 1862 792 dignitates

200 813 445 878 ecclesiasticas
468 811 599 891 habeat,
623 812 707 875 sacri
732 811 860 875 concilii
882 810 1072 875 constitutio
1088 808 1272 890 interdicat,
1296 810 1400 895 ipsius
1416 816 1526 875 tamen
1543 811 1716 897 probitatis
1732 812 1862 876 meritis

200 923 234 980 et
262 916 400 981 obtentu
429 901 622 979 dilectorum
652 915 791 978 liliorum
822 915 939 978 nobilis
968 915 1027 977 viri
1050 912 1154 977 Ulrici
1186 913 1316 977 comitis
1346 913 1388 978 de
1412 913 1547 979 Ferrato
1560 917 1582 992 ¹,
1613 916 1747 1003 nepotis
1774 916 1863 981 bone

200 1020 357 1084 memorie
381 1015 547 1106 Clonradi]
582 1018 729 1104 episcopi
752 1018 962 1097 Portuensis,
996 1024 1029 1081 et
1058 1016 1241 1082 Hermanui
1273 1017 1464 1083 subdiaconi
1493 1019 1611 1099 nostri,
1640 1020 1711 1084 nati
1742 1019 1864 1084 nobilis

198 1124 260 1187 uiri
278 1171 312 1186 ..
335 1122 462 1186 comitis
486 1122 527 1186 de
544 1121 726 1208 Wiiperc²,
751 1123 846 1187 nobis
871 1143 969 1209 super
992 1121 1055 1187 hoc
1079 1121 1334 1208 supplicantium
1358 1143 1418 1208 pro
1442 1143 1481 1188 co
1504 1122 1638 1204 inducti,
1660 1123 1863 1188 fraternitati

199 1233 255 1291 tue
278 1226 482 1312 presentium
506 1228 699 1291 auctoritate
716 1227 937 1306 concedimus,
961 1233 997 1289 ut
1013 1247 1114 1312 super
1128 1226 1299 1312 premissis
1316 1262 1356 1274 -
1374 1227 1608 1291 constitutione
1624 1246 1690 1290 non
1707 1225 1863 1290 obstante

200 1331 419 1416 premissa-
436 1351 509 1394 cum
533 1331 603 1415 ipso
628 1331 823 1395 auctoritate
847 1336 961 1395 nostra
983 1329 1155 1416 dispenses
1179 1349 1283 1414 usque
1307 1329 1348 1394 ad
1372 1330 1600 1416 quantitatem,
1624 1330 1665 1395 de
1689 1351 1755 1415 que
1778 1350 1861 1417 pen-

201 1435 280 1499 satis
304 1435 556 1500 circumstantiis
579 1440 613 1499 et
636 1435 705 1499 eius
729 1435 855 1500 meritis
879 1434 1059 1499 secundum
1076 1432 1185 1499 Deum
1201 1433 1321 1499 videris
1344 1433 1516 1521 expedire;
1540 1435 1672 1521 proviso
1696 1442 1732 1498 ut
1755 1434 1859 1499 bene-

201 1538 276 1602 dcia
299 1538 414 1603 eadem
438 1538 557 1603 debitis
581 1545 643 1604 etc.
666 1559 789 1624 usque:
812 1539 1009 1624 negligatur.

310 1658 387 1723 Dat.
410 1658 574 1745 Lugduni,
597 1658 700 1723 XIIII
722 1658 798 1724 Kal.
823 1658 1039 1745 Septembris,
1063 1678 1149 1723 anno
1173 1664 1300 1743 quarto.

988 2184 1075 2257 240.

303 2295 525 2388 Innocentius
539 2322 596 2424 IV
607 2343 697 2406 papa
723 2323 875 2406 Gregorio
897 2323 934 2387 de
953 2324 1156 2407 Montclonpo
1177 2325 1366 2390 subdiacono
1387 2329 1416 2388 et
1438 2327 1563 2390 notario
1584 2345 1649 2406 meo,
1672 2327 1858 2412 aponoliare

202 2425 285 2490 redu
307 2427 415 2511 lueto,
437 2428 577 2506 mandat,
600 2431 635 2491 ut
655 2429 845 2510 generaliter
867 2429 1043 2507 interdicat,
1065 2449 1105 2494 ne
1127 2431 1163 2493 in
1185 2431 1311 2495 ecelesia
1334 2429 1513 2510 Veronensi,
1535 2431 1649 2496 murm
1662 2451 1775 2495 uacare
1789 2449 1858 2492 eon-

201 2528 315 2610 tigerit,
338 2529 453 2611 absque
475 2531 628 2595 mandato
650 2531 817 2612 aposmlieo
838 2531 881 2595 ad
902 2532 1077 2597 eiectionem
1093 2534 1292 2616 pnooedatur.
1522 2537 1615 2615 1246,
1639 2535 1724 2619 Sept.
1739 2538 1770 2600 4.

306 2648 370 2701 ran.
384 2647 434 2701 IV
449 2648 513 2717 aa.
533 2649 626 2717 rur,
645 2637 709 2716 aen
727 2649 788 2704 aa.
801 2649 854 2719 rr,
875 2656 918 2705 ee.

306 2733 405 2802 Berper
418 2739 492 2789 2081.

388 2895 432 2970 G.
461 2898 516 2971 de
543 2898 841 2991 Montelongo
869 2899 1183 2975 subdiaconoa
1210 2906 1250 2976 et
1277 2902 1467 2976 notario
1495 2907 1679 2989 nostro,

713 3021 983 3114 apostolice
1015 3023 1146 3095 sedis
1178 3022 1348 3116 legate.

311 3167 394 3233 Oum
418 3170 574 3256 expediat
595 3171 774 3236 universali
798 3171 949 3253 ecclesie,
973 3171 1034 3236 hoc
1057 3178 1206 3258 tempore
1230 3174 1384 3253 maxime,
1408 3173 1492 3238 tales
1514 3173 1547 3236 in
1570 3179 1723 3260 pastores
1746 3173 1859 3261 prefici

203 3293 241 3335 ac
265 3279 421 3355 rectores,
451 3275 506 3361 qui
528 3274 600 3339 Deo
623 3276 710 3360 grati
733 3281 767 3340 et
790 3275 916 3362 accepti
939 3274 1126 3340 hominibus
1149 3275 1333 3341 Romanam
1357 3277 1530 3342 ecclesiam
1553 3284 1763 3357 venerentur,
1787 3299 1861 3365 pre·

203 3376 345 3440 sentium
369 3377 427 3441 tibi
452 3379 646 3443 auctoritate
671 3377 878 3458 mandamus,
911 3379 1064 3463 quatinus
1095 3381 1237 3466 capitulo
1254 3381 1440 3447 Veronensi
1463 3402 1501 3446 ac
1525 3382 1676 3446 omnibus
1701 3382 1792 3462 aliis,
1822 3381 1862 3445 ad

202 3501 284 3565 quos
307 3480 509 3547 Veronensis
539 3482 749 3567 episcopatus
785 3483 904 3547 electio
934 3481 1115 3547 dinoscitur
1150 3485 1331 3569 pertinere,
1362 3484 1557 3571 quominusb
1587 3486 1614 3550 si
1634 3483 1862 3550 Veronensem

188 3584 380 3648 'ecclesiam
404 3586 727 3672 contigeritpastore
752 3607 879 3666 vacare,
909 3584 949 3649 ad
973 3586 1168 3651 electionem
1191 3588 1330 3653 alicuius
1352 3588 1533 3675 procedere
1558 3590 1682 3674 absque
1706 3588 1860 3653 mandato

83 3741 89 3752 .
203 3686 290 3750 sedis
328 3690 508 3774 apostolice
541 3690 676 3776 speciali
710 3695 917 3776 presumant,
957 3691 1152 3755 auctoritate
1187 3700 1300 3757 nostra
1330 3694 1529 3778 generaliter
1556 3700 1605 3772 et,
1643 3692 1670 3756 ai
1704 3691 1861 3779 expedire

205 3789 338 3869 videris,
364 3792 554 3877 specialiter
584 3792 771 3874 interdicas,
799 3794 980 3859 decernens
1005 3794 1132 3859 irritum
1156 3803 1190 3860 ct
1212 3795 1308 3860 inane
1332 3796 1486 3883 quidquid
1510 3804 1623 3861 eontra
1651 3795 1861 3860 interdictum

205 3900 296 3958 tuum
321 3897 496 3982 contigerit
518 3900 722 3984 attemptari;
746 3898 1002 3964 contradictores
1026 3905 1089 3963 etc.
1324 3914 1329 3919 '

314 4016 390 4082 Dat,
414 4018 579 4102 Lugduni,
604 4019 637 4082 II
661 4019 773 4083 Nonas
799 4020 1013 4106 Septembris,
1038 4042 1123 4086 anno
1147 4021 1207 4086 IV.

992 4530 1091 4604 Μ,

309 4639 528 4732 Innocentius
544 4664 600 4731 IV
614 4688 704 4752 papa
725 4668 914 4755 [Philippeo]
934 4670 1026 4735 eleeto
1045 4671 1259 4749 Ferrariensi,
1281 4671 1468 4754 apostolieae
1489 4670 1571 4736 seriis
1592 4670 1701 4753 lueto,
1722 4667 1862 4745 meum,

204 4771 240 4831 ut
260 4769 449 4850 generaliter
475 4768 632 4849 inhibeat,
661 4792 701 4835 ne
727 4773 870 4838 ecelesiae
895 4774 1065 4839 Teutonico
1092 4779 1239 4840 carentes
1261 4776 1377 4857 absque
1399 4794 1530 4839 ursmare
1551 4773 1719 4858 apestolieo
1740 4773 1789 4837 cel
1809 4791 1863 4835 saro

200 4892 262 4952 per
283 4874 458 4938 electionem
479 4873 528 4937 uel
544 4876 790 4956 postulat-ionem
811 4878 873 4941 sibi
890 4879 1088 4961 procidant.
1528 4881 1622 4956 1246,
1645 4877 1731 4961 Sept.
1747 4879 1776 4942 9.

310 4992 373 5046 Inna
387 4991 435 5046 IV
450 4992 515 5062 Περ.
534 4994 626 5064 roal,
645 5002 711 5063 mo,-
729 4995 789 5049 Inln
805 4997 826 5050 I
829 4996 858 5064 V,
878 5002 935 5053 130.

310 5079 408 5148 Beryer
420 5086 490 5135 2125.

315 5223 394 5233 ¹—

310 5326 334 5391 ¹)
353 5328 512 5380 subdiacono
530 5354 564 5363 -
582 5329 666 5396 legato
685 5328 753 5381 derat
765 5328 797 5379 B.
902 5328 928 5396 b)
947 5348 998 5397 quo
1012 5331 1043 5384 Ρ.

311 5461 337 5529 1)
358 5461 430 5528 Pan
447 5479 480 5517 aa
497 5480 551 5520 oce.
570 5465 618 5520 cir.
632 5464 724 5533 Boset,
742 5465 774 5518 in
786 5465 902 5520 dinatio.
939 5465 1102 5536 Itideicrre
1116 5473 1194 5537 poter
1211 5467 1307 5534 Uinici,
1325 5464 1467 5520 Hilrcidim
1484 5479 1598 5517 mern
1616 5462 1736 5518 manat
1751 5461 1863 5532 macari

208 5544 367 5601 Portumeia
383 5549 413 5601 in
425 5550 626 5605 matnmoniem
638 5551 761 5606 dumet.
772 5582 805 5592 -
815 5553 881 5607 Alia
889 5553 981 5621 pratia
991 5554 1072 5608 cidon
1082 5555 1204 5610 Henrico
1215 5553 1316 5608 intuita
1335 5551 1423 5606 Uinici
1433 5550 1535 5605 comitis
1543 5550 1618 5617 sacta
1630 5566 1655 5604 n.
1670 5556 1741 5619 1247,
1760 5548 1837 5605 Faba
1847 5555 1864 5604 9

206 5648 250 5701 ap.
265 5633 359 5702 Buprr
377 5642 450 5690 9414.
521 5636 549 5698 2)
570 5638 740 5707 Manenoldif
757 5639 789 5706 σί
806 5656 834 5695 n.
850 5648 903 5708 141,
923 5647 974 5695 259
991 5647 1016 5695 et
1034 5641 1135 5711 Berper
1152 5648 1224 5697 2278.
