4328 6232
764 367 810 421 llll
830 365 1048 422 INNOCENTII
1066 366 1106 421 IV
1124 365 1305 423 emmeno

736 636 775 654 ..
804 580 1034 672 episcopo
1063 580 1330 655 Leodiensi.

310 730 393 795 Cum
434 731 600 796 nonnullis
636 732 786 817 personis
825 731 1061 796 ecclesiasticis
1096 738 1152 796 tue
1186 732 1327 797 civitatis
1362 738 1396 797 et
1427 731 1569 796 diocems
1604 732 1763 799 liberales
1803 755 1865 798 nos

200 836 449 901 exhibuerimus
478 841 511 900 et
539 836 717 921 benignos,
753 835 802 900 eis
835 840 903 899 tam
933 853 1033 921 super
1059 833 1229 899 beneficiis
1258 856 1354 920 quam
1386 836 1459 900 aliis
1492 835 1715 922 specialibus·
1746 836 1865 921 gratiis

200 947 330 1004 nostras
353 940 481 1005 litteras
505 938 729 1021 concedendo,
754 944 925 1025 sperantes
948 937 1036 1024 quod
1058 937 1136 1024 ipsi,
1165 946 1331 1025 tamquam
1354 939 1586 1005 beneficiorum
1610 939 1701 1005 sedis
1725 948 1863 1026 aposto·

200 1044 262 1108 lice
291 1064 357 1108 non
386 1044 522 1128 ingrati,
555 1043 649 1108 nobis
673 1050 707 1108 et
730 1043 888 1124 ecclesie,
919 1043 1092 1128 presertim
1116 1042 1346 1128 oportunitatis
1368 1049 1530 1129 tempore,
1557 1049 1652 1128 grate
1674 1043 1865 1110 devotionis

201 1147 361 1233 obsequia
390 1146 588 1214 exhiberent
616 1153 650 1211 et
681 1167 740 1232 pro
773 1147 877 1233 ipsius
908 1145 1048 1229 negotiis
1080 1132 1310 1231 promovendis
1340 1146 1489 1232 diligenti
1518 1147 1626 1212 studio
1658 1147 1863 1212 laborarent:

201 1251 351 1315 volumus
375 1258 409 1316 et
431 1250 635 1337 presentium
659 1250 720 1314 tibi
745 1251 941 1315 auctoritate
958 1249 1163 1331 mandamus,
1186 1250 1338 1335 quatinus
1355 1271 1469 1316 omnes
1484 1251 1571 1331 illos,
1594 1271 1674 1336 quos
1691 1248 1865 1315 indevotos

201 1360 235 1419 et
257 1355 405 1439 ingratos
429 1355 616 1440 reppereris
639 1355 672 1418 in
696 1354 758 1418 hac
781 1360 886 1439 parte,
910 1354 1039 1439 privare
1062 1354 1194 1439 penitus
1218 1352 1403 1419 huiusmodi
1419 1355 1540 1419 nostris
1555 1356 1670 1440 gratiis
1686 1376 1753 1419 non
1770 1360 1861 1441 post·

199 1480 319 1544 ponas,
350 1458 545 1544 iniungensb
570 1457 819 1538 executoribus,
853 1478 934 1541 quos
967 1459 1014 1522 eis
1045 1478 1144 1543 super
1172 1457 1288 1541 gratiis
1313 1457 1437 1523 eisdem
1461 1458 1711 1536 concessimus0,
1744 1464 1781 1521 ut
1803 1479 1863 1543 per

201 1564 327 1628 litteras
351 1562 547 1648 apostolicas
570 1583 668 1647 super
692 1561 756 1625 hiis
779 1566 930 1646 optentus
954 1558 997 1623 ad
1019 1582 1076 1625 cos
1100 1561 1306 1645 aliquatenus
1330 1582 1396 1625 non
1418 1560 1614 1646 procedant,
1644 1568 1679 1626 et
1701 1583 1857 1626 revocans
1897 1595 1908 1628 r

202 1689 333 1733 omnem
356 1689 558 1754 processum,
584 1667 610 1731 si
634 1667 707 1753 quis
730 1667 815 1731 forte
839 1664 971 1729 habitus
995 1672 1046 1730 est
1068 1686 1128 1750 per
1151 1686 1224 1740 eos;
1248 1664 1505 1731 contradictores
1529 1664 1617 1730 eto.¹

311 1787 387 1854 Dat.
411 1788 574 1873 Lugduni,
594 1788 625 1852 V
648 1786 761 1851 Nonas
785 1785 950 1866 Octobris,
974 1805 1061 1851 anno
1085 1784 1144 1849 IV.

830 2101 1240 2110 ——n---——-·——-—

988 2414 1074 2486 att.

306 2531 524 2625 Beruenses
543 2552 599 2618 IV
606 2574 695 2637 palm
718 2554 766 2637 S[
762 2554 914 2638 tephano]
935 2554 1021 2618 tituli
1041 2554 1179 2620 Sanctae
1192 2552 1323 2618 Mariae
1341 2552 1571 2618 Transtiberino
1587 2553 1770 2636 presbytero
1793 2575 1858 2618 cur·

199 2661 319 2739 directi,
349 2660 467 2725 vicario
495 2678 551 2722 suo
581 2657 617 2719 iu
645 2655 739 2734 Urbe,
767 2656 912 2734 attendat,
942 2661 977 2720 ut
994 2679 1054 2737 per
1075 2655 1200 2734 Urbem,
1232 2656 1440 2736 Carrmurtiam
1468 2659 1497 2719 ct
1520 2655 1718 2720 Maritimum
1744 2660 1774 2720 ct
1796 2657 1860 2721 locu

203 2765 307 2831 cicino
328 2768 438 2830 contro
459 2761 660 2828 Friderieum
683 2761 840 2842 quasdem
861 2761 1078 2842 ‘temeratorem
1096 2783 1156 2842 per
1178 2781 1209 2825 se
1234 2760 1279 2825 vel
1295 2782 1356 2844 per
1378 2760 1459 2827 alios
1481 2780 1600 2825 crucem
1617 2761 1789 2844 praedicet.

1523 2867 1617 2943 1246,
1642 2864 1707 2930 Oet.
1725 2870 1776 2932 11.

310 2987 373 3041 Issos.
394 2988 414 3041 Ι
417 2986 443 3040 V
459 2987 522 3056 Περ.
543 2986 595 3040 Vol.
616 2986 646 3053 I,
669 2995 731 3047 119,
754 2985 812 3039 Leo.
830 2985 883 3053 IV,
907 3003 962 3039 cur.
979 2996 1016 3041 29.
1058 2987 1103 3040 Aa
1126 2989 1259 3056 coemptor
1281 2986 1382 3040 Pcrtzii
1405 2985 1577 3040 aethereas
1596 2991 1703 3054 praeter
1726 2984 1768 3052 id,
1794 2983 1865 3052 quod

205 3077 300 3144 herpo
315 3072 407 3140 metit,
433 3073 567 3141 aridolum
584 3091 609 3128 a.
623 3080 694 3140 1247,
714 3073 798 3127 Mart.
813 3080 852 3140 18,
871 3073 929 3127 Iro.
945 3074 965 3127 I
968 3074 997 3142 V,
1015 3091 1072 3129 eur.
1085 3082 1130 3143 48,
1155 3076 1232 3141 infra
1252 3073 1450 3142 proponendam
1468 3072 1581 3142 [Beroe
1599 3073 1691 3142 2964J,
1715 3089 1785 3141 qtsoc
1806 3090 1865 3127 acm

203 3164 256 3218 boc
273 3161 374 3229 clepet
392 3159 455 3214 toea
473 3159 613 3214 concordat
631 3160 683 3229 [2].

309 3247 407 3316 Beraer
421 3252 497 3302 1146.

268 3450 305 3522 S.
334 3444 465 3520 tituli
492 3445 657 3519 Sancte
685 3444 832 3518 Mario
859 3443 1206 3518 Transtiberim
1234 3444 1518 3536 presbytero
1546 3441 1805 3530 cardinali,

722 3564 895 3638 vicario
926 3568 1093 3638 nostro
1120 3564 1166 3637 in
1194 3563 1345 3637 Urhe².

313 3711 395 3777 Cum
419 3712 566 3778 fidolium
590 3713 733 3777 omnium
758 3721 873 3778 sancta
888 3712 1039 3777 Romana
1063 3713 1203 3778 ecelesia
1227 3719 1331 3777 mater
1355 3711 1497 3777 sollicita
1519 3710 1594 3774 illos
1610 3709 1652 3774 de
1669 3710 1866 3798 patrimonio

206 3816 292 3881 hecti
309 3815 397 3881 Petri
415 3816 599 3881 allectionis
617 3818 828 3902 prerogativa
844 3817 977 3880 maioris
994 3816 1080 3880 inter
1096 3822 1225 3880 ceteros
1242 3816 1461 3901 amplectatur
1477 3819 1510 3879 et
1530 3821 1687 3899 tanquam
1703 3814 1866 3899 speciales

204 3919 287 3984 lilios
318 3919 466 4006 ampliori
495 3925 711 4005 prosequatur
737 3921 845 4004 grstia
873 3926 907 3984 et
933 3919 1062 3990 favore,
1095 3919 1192 3982 saluti
1224 3939 1336 3983 eorum
1366 3917 1586 3982 sollicitudine
1615 3917 1794 4002 invigilans
1816 3918 1866 3981 in·

205 4021 338 4088 defessa
367 4022 578 4108 ipsorumque
607 4021 776 4086 commode
808 4022 916 4087 studio
950 4022 1118 4087 attentiori
1146 4042 1339 4107 procurans,
1373 4027 1425 4085 est
1447 4027 1481 4085 et
1504 4019 1627 4086 decens
1650 4028 1685 4086 et
1709 4019 1867 4099 debiturn,

206 4133 240 4190 ut
262 4125 325 4212 ipsi
351 4125 458 4191 eidem
483 4127 623 4192 ecclesie
653 4127 738 4191 inter
764 4125 881 4190 fideles
913 4127 995 4190 alios
1024 4126 1210 4190 sincerioris
1242 4124 1427 4190 devotionis
1457 4125 1623 4210 obsequiis
1653 4125 1810 4211 placeant
1836 4132 1869 4188 et

204 4231 362 4297 assistant
384 4230 505 4294 virtute
530 4231 713 4296 constantie
737 4229 899 4308 firmioris,
923 4228 964 4295 ad
988 4230 1090 4316 ipsius
1113 4228 1351 4306 defensionem,
1382 4249 1456 4293 oum
1480 4229 1683 4314 oportunitas
1708 4229 1869 4314 suggerit,

204 4333 388 4423 promptius
420 4339 453 4398 et
484 4334 653 4399 efficacius
684 4341 913 4418 assurgentes,
947 4353 1007 4418 pro
1039 4332 1089 4397 sui
1124 4332 1252 4397 honoris
1285 4339 1464 4417 augmento
1496 4332 1582 4397 vires
1613 4351 1691 4396 suas
1721 4333 1869 4399 totaliter

204 4435 410 4525 exponendo.
456 4436 520 4502 Pro
545 4438 672 4502 cunctis
695 4444 806 4502 eutem
830 4437 1012 4521 tyrampnis
1036 4434 1232 4499 Fredericus
1255 4434 1420 4520 quondam
1444 4434 1665 4500 Romanorum
1689 4437 1869 4523 imperator

204 4548 318 4607 eontra
334 4540 442 4606 Deum
466 4547 499 4605 et
521 4539 701 4626 predictam
724 4540 899 4604 ecelesiam
920 4538 1158 4624 persecutionis
1177 4560 1268 4603 euna
1284 4540 1490 4604 incessanter
1504 4545 1538 4604 et
1552 4545 1707 4626 patenter
1722 4548 1869 4609 exercet.

204 4645 259 4732 qui
283 4652 404 4729 quanto
428 4643 560 4708 celsiori
585 4645 745 4708 hactenus
769 4642 929 4727 dignitate
953 4643 1026 4727 ipse
1055 4642 1197 4706 ecelesia
1224 4648 1381 4727 operante
1414 4643 1581 4727 prefulsit,
1612 4650 1706 4709 tanto
1735 4645 1770 4708 in
1797 4663 1869 4707 eam

205 4747 377 4814 crudeliori
407 4746 690 4812 animadversione
719 4747 862 4824 desevit,
893 4747 980 4810 vires
1010 4747 1157 4831 potentie
1186 4767 1244 4810 sue
1275 4746 1434 4811 adversus
1462 4746 1552 4811 illam
1580 4747 1727 4813 nefanda
1750 4749 1869 4813 mentis

205 4853 422 4941 perversitate
455 4859 668 4931 convertens,
704 4848 852 4917 acuendo
884 4850 916 4913 in
948 4849 1116 4913 interitum
1148 4851 1219 4913 eius
1252 4848 1413 4934 gladium,
1449 4871 1546 4935 quem
1578 4851 1621 4915 ab
1651 4851 1725 4938 ipsa
1756 4857 1868 4915 contra

206 4955 354 5023 eiusdem
378 4954 574 5019 vibrandum
598 4962 791 5041 susceperat
813 4954 972 5017 inimicos.
1013 4952 1119 5032 Unde,
1143 4960 1179 5016 ut
1202 4974 1262 5017 sua
1284 4953 1424 5018 intentio
1447 4974 1550 5039 prava
1572 4962 1709 5019 auctore
1724 4953 1867 5019 Domino
1907 4982 1908 5012 ;

205 5068 363 5127 vacuetur
378 5068 412 5125 et
428 5059 651 5145 confringatur
668 5081 727 5125 sue
742 5056 945 5123 fortitudinis
960 5056 1071 5135 robur,
1095 5056 1137 5121 ab
1153 5057 1314 5120 universis
1327 5055 1449 5122 Christi
1465 5057 1629 5135 fidelibus,
1644 5064 1680 5121 et
1694 5058 1866 5145 potissima

204 5166 246 5231 ab
270 5165 335 5230 illis
359 5163 400 5230 de
423 5163 622 5250 patrimonio
647 5165 727 5249 ipso,
752 5160 965 5246 malignitatis
988 5160 1089 5246 ipsius
1112 5158 1311 5224 obviandum
1335 5167 1387 5225 est
1407 5160 1523 5227 studiis
1538 5161 1678 5246 eiusque
1695 5161 1868 5227 conatibus

205 5270 469 5335 constantissime
493 5266 753 5353 repugnandum.
799 5264 886 5328 Hinc
910 5270 974 5341 est,
1006 5262 1092 5348 quod
1123 5261 1327 5374 providentie
1356 5270 1412 5330 tue
1440 5264 1648 5350 presentium
1671 5266 1869 5331 auctoritate

308 5549 332 5610 ⁸)
351 5548 388 5599 ito
401 5554 431 5610 1,·
447 5546 625 5615 spiritualibus
637 5545 667 5597 P.
773 5541 798 5606 b)
819 5539 977 5607 iniungendo
990 5546 1011 5627 1
1116 5538 1141 5603 ⁰)
1158 5540 1361 5595 wnoasacrimus
1373 5547 1395 5592 1.

312 5683 337 5749 ι)
358 5680 396 5750 ct
414 5688 503 5738 saar
521 5685 544 5735 et
561 5680 747 5750 masse.
834 5675 863 5745 1)
881 5673 924 5730 De
941 5672 1149 5746 emessam.
