4328 6232
856 366 1057 423 EPISTOLAE
1074 368 1264 425 SEDECTAE.
1300 370 1376 425 1247.
1879 379 1941 441 275

764 604 803 622 ..
831 547 1182 642 archiepiscopo
1214 548 1470 625 Bisuntino

396 682 480 748 Cum
505 682 645 747 dilectus
668 681 755 747 filius
782 682 901 747 nobilis
924 682 974 745 vir
997 729 1030 746 ..
1053 681 1080 748 Ι.
1104 703 1215 746 comes
1241 683 1433 768 Burgundie
1465 691 1499 749 et
1528 684 1679 749 dominus
1708 684 1943 767 Solinensis⁸¹,

295 795 385 874 prout
408 806 449 850 eo
473 787 645 850 intimante
669 786 867 872 accepimus,
890 785 1021 850 dubitet
1044 808 1080 850 ae
1103 786 1245 850 iturumb
1269 788 1302 851 in
1319 788 1500 852 subsidium
1517 788 1619 853 'I'erre
1637 787 1770 866 Sancte,
1793 790 1942 874 dignum-

296 911 350 978 que
374 890 428 968 sit,
452 894 489 953 ut
512 888 553 954 de
575 894 664 954 terra
687 910 746 954 sua
766 889 948 954 subsidium
973 888 1014 952 ad
1038 889 1069 952 id
1094 889 1214 954 habent
1230 897 1437 977 oportunum,
1456 891 1658 972 mandamus,
1676 894 1827 977 quatinus
1851 904 1943 957 cumc

250 1028 258 1064 s
296 996 332 1061 ab
354 994 472 1060 eodem
489 995 607 1059 comite
630 995 729 1059 tueris
745 994 932 1080 requisitus,
957 995 1144 1059 vicesimam
1168 1002 1295 1081 partem
1321 995 1506 1061 reddituum
1531 996 1832 1060 ecclesiasticorum
1855 1002 1942 1061 terre

295 1120 346 1165 sue
367 1098 512 1164 fideliter
535 1098 646 1184 colligi
669 1099 770 1164 facias
794 1106 827 1164 et
850 1100 972 1164 servari
995 1120 1100 1185 usque
1123 1099 1165 1164 ad
1188 1107 1299 1165 nostre
1325 1100 1569 1187 beneplacitum
1595 1102 1787 1171 voluntatis:
1813 1108 1943 1166 contra-

293 1203 429 1268 dietorcs
453 1209 532 1278 etc.;
556 1239 598 1250 -
622 1201 708 1267 uond
731 1203 936 1267 obstantibus
959 1203 1078 1267 litteris
1108 1203 1141 1275 in
1168 1204 1241 1290 ipsa
1267 1211 1356 1269 terra
1384 1227 1484 1291 super
1511 1204 1597 1269 dicta
1620 1204 1775 1268 vicesima
1804 1204 1846 1269 ab
1870 1205 1942 1269 aliis

292 1307 481 1394 impetratis.

394 1427 471 1493 Dat
493 1427 658 1513 Lugduni,
681 1426 750 1491 IIII
772 1426 847 1494 Kal.
873 1427 971 1508 Iunii,
995 1449 1081 1493 anno
1105 1427 1185 1492 IIII.

912 1656 1323 1666 ------

1075 1848 1161 1926 373.

210 1993 235 2029 ¹⁰
391 1947 641 2043 Iernoccntiresl
646 1969 673 2036 V
678 1993 767 2054 papa
778 1971 1006 2058 [Marcellino]
1018 1972 1161 2052 Aretino,
1176 1973 1334 2037 marchiae
1344 1971 1566 2038 Anconitnnae
1579 1972 1700 2052 rectori,
1713 1978 1742 2037 et
1755 1970 1944 2060 [Philippo]

287 2079 445 2144 Fimtano
466 2077 617 2158 episcopis
638 2074 783 2153 mandat,
812 2079 847 2139 at
869 2077 1044 2140 electionem
1066 2077 1230 2142 Armnnni
1256 2077 1292 2139 in
1314 2078 1489 2158 episcopum
1511 2077 1666 2140 Aesinnm
1690 2098 1750 2157 per
1779 2079 1944 2142 canonicos

285 2180 564 2245 excommunicatos
583 2178 701 2260 factam
724 2184 846 2244 cassant
872 2185 901 2242 et
927 2180 1070 2244 ecclesiae
1093 2180 1231 2244 Ansinac
1259 2180 1296 2243 ele
1317 2180 1446 2243 consilio
1472 2178 1679 2243 Montanarii
1704 2181 1848 2244 canonici
1876 2180 1944 2244 eins

286 2284 394 2362 deuoti,
416 2284 567 2348 Ancortoc
588 2282 759 2360 caelantia
782 2283 819 2348 cle
834 2288 963 2365 postne
980 2283 1178 2363 provideant.
1581 2285 1675 2362 1247,
1696 2283 1781 2349 Mai.
1804 2286 1857 2348 30.

391 2404 455 2458 Inn.
474 2402 523 2458 IV
549 2402 614 2471 Rep.
642 2402 697 2457 Vol.
715 2402 743 2471 I,
764 2408 826 2470 3975
854 2403 914 2458 Iao.
944 2403 996 2471 IV,
1023 2410 1076 2458 756.
1128 2403 1228 2457 Pertec‘i
1255 2404 1388 2470 ammplam
1413 2402 1573 2456 mutrelimns
1598 2418 1658 2456 enm
1691 2403 1835 2472 Sbaralea,
1871 2404 1942 2457 Ball.

193 2499 221 2536 ¹⁵
289 2491 430 2545 mancae.
448 2489 553 2558 t.l,p.
571 2495 630 2556 459,
648 2505 676 2541 n.
689 2495 744 2543 201.

390 2577 520 2644 Pottlrast,
541 2575 605 2644 rap.
619 2581 717 2644 125373
736 2576 838 2645 Βῆριν
849 2585 920 2632 2754.

287 2739 544 2829 ..Aretino,
572 2739 1075 2813 marchieAnconitane
1103 2739 1284 2828 rectori,
1313 2745 1355 2812 et
1383 2795 1418 2813 ..
1448 2739 1657 2814 Firmano
1681 2737 1942 2833 episcopist

391 2885 445 2951 Ad
463 2893 609 2950 nostram
626 2885 782 2950 noveritis
800 2885 1001 2950 audientiam
1017 2888 1219 2973 parvenisse,
1243 2888 1340 2971 quod,
1364 2888 1506 2952 eeclesia
1522 2888 1625 2953 Esina
1645 2897 1776 2975 pastore
1793 2896 1942 2968 vacante,

289 2990 435 3055 canonici
467 2989 615 3056 eiusdem
645 2988 801 3070 ecclesie,
829 2989 885 3074 qui
915 2991 1252 3054 excommunicatione
1281 2997 1471 3078 contempta
1498 2999 1669 3056 morantur
1698 2992 1821 3058 ibidem
1833 2993 1854 3073 ³,
1878 3014 1941 3057 non

186 3122 226 3160 au
289 3092 497 3160 attendentes
520 3091 607 3179 quod
631 3092 704 3178 ipsi,
729 3093 784 3178 qui
807 3094 1145 3158 excommunicatione
1169 3101 1336 3174 tenentur,
1360 3116 1421 3159 nco
1451 3095 1573 3180 eligere
1606 3104 1745 3182 possunt
1768 3117 1829 3161 nec
1853 3094 1942 3182 eligi,

288 3197 447 3284 quendam
471 3219 514 3262 ex
537 3196 612 3277 hiis,
635 3196 792 3262 videlicet
808 3196 1022 3277 Armannum,
1046 3200 1080 3261 in
1105 3218 1217 3263 eorum
1242 3199 1432 3284 episcopum
1456 3199 1498 3264 de
1522 3199 1608 3265 facto
1625 3201 1748 3285 eligere
1767 3220 1940 3287 presump-

289 3307 414 3383 serunt,
442 3300 582 3387 quodam
607 3300 686 3379 alio,
715 3300 922 3366 Montanario
947 3301 1116 3382 videlicet,
1146 3303 1247 3388 ipsius
1272 3302 1410 3367 ecclesie
1435 3304 1602 3381 canonico,
1627 3303 1768 3367 ecclesie
1791 3301 1941 3367 Romane

288 3405 422 3486 devoto,
445 3405 502 3491 qui
523 3410 658 3490 propter
680 3405 831 3469 timorem
854 3404 1014 3469 Friderici
1038 3405 1201 3490 quondam
1225 3407 1434 3492 imperatoris
1456 3413 1601 3470 moratur
1623 3407 1775 3485 Ancone,
1805 3405 1940 3469 fratrem

291 3509 480 3576 (inalterum
504 3509 545 3574 de
568 3509 682 3574 ordine
698 3508 859 3573 Minorum
884 3517 978 3574 extra
1000 3511 1102 3594 ipsius
1127 3511 1267 3575 ecclesie
1284 3510 1442 3595 gremium
1468 3510 1622 3594 eligente.
1667 3506 1828 3581 Quocirca
1848 3529 1940 3571 man-

199 3629 236 3666 ’ὃ
290 3614 418 3696 damus,
452 3614 604 3699 quatinus
632 3611 673 3679 de
697 3611 885 3678 huiuamodi
908 3612 1124 3677 electionibus
1153 3612 1344 3698 diligentius
1368 3613 1585 3699 inquirentes,
1615 3612 1641 3676 si
1666 3632 1723 3676 eas
1746 3611 1941 3676 inveneritis

287 3720 394 3784 taliter
424 3723 655 3804 attemptatas,
684 3717 764 3802 ipsis
794 3718 933 3781 cassatis
961 3717 1109 3802 penitus,
1137 3715 1338 3801 provideatis
1371 3717 1564 3782 auctoritato
1594 3721 1705 3780 nostra
1734 3713 1775 3779 de
1803 3715 1941 3779 consilio

286 3819 396 3887 dilecti
419 3821 478 3885 tilii
493 3820 690 3884 Montanarii
715 3820 861 3885 canonici
886 3819 1073 3906 supradicti,
1099 3819 1153 3905 qui
1176 3840 1234 3905 pro
1258 3819 1444 3902 devotione,
1468 3841 1565 3906 quam
1589 3819 1629 3884 ad
1647 3818 1822 3883 ecclesiam
1845 3819 1940 3904 gerit,

283 3943 348 3991 uon
371 3924 474 3990 audet
496 3923 583 4011 apud
607 3922 721 3988 Esium
745 3922 900 4005 residere,
924 3923 987 4009 ipsi
1011 3922 1150 3987 ecclesie
1174 3922 1215 3987 de
1238 3929 1384 4009 pastore;
1410 3923 1667 3990 contradictores
1690 3922 1779 3988 etc.⁴.

370 4043 448 4112 Dat.
470 4044 635 4133 Lugduni,
659 4042 711 4108 III
733 4042 809 4110 Kal.
833 4043 929 4125 Iunii,
953 4064 1039 4108 anno
1061 4041 1141 4107 1111.

908 4252 1320 4262 *Μ’-...Ἀ

1075 4446 1161 4522 374.

389 4543 608 4641 Innocentius
623 4569 648 4638 Ι
652 4569 682 4638 V
693 4592 784 4656 papa
798 4568 964 4658 [Alberto]
986 4570 1079 4636 eleeto
1101 4569 1272 4635 Parmensi
1299 4567 1480 4655 conferendi
1501 4569 1648 4651 ,meanis
1670 4567 1791 4634 teloneis
1808 4570 1939 4652 maela·

276 4687 375 4747 curas
402 4683 431 4744 et
466 4678 534 4743 alia
562 4677 710 4758 beneficia
739 4677 947 4741 ecelesiastica
973 4677 1111 4740 civitatis
1133 4681 1163 4740 et
1183 4676 1314 4741 diocesis
1336 4674 1535 4751 Parmensis,
1562 4674 1657 4737 eloneo
1672 4673 1813 4758 procella
1831 4693 1938 4754 perse-

276 4782 431 4860 cutianis,
461 4802 525 4863 qna
552 4779 739 4846 Frideriens
767 4779 925 4861 qnondam
953 4781 1123 4863 itinerator
1153 4779 1279 4860 insistet
1314 4778 1487 4855 ecelesiam,
1517 4777 1729 4857 comperissent,
1755 4776 1939 4859 sancitatem

279 4885 429 4954 concedit.
1575 4883 1669 4959 1247,
1691 4879 1775 4945 Mai.
1800 4883 1853 4949 30.

388 5004 454 5058 rna.
473 5003 521 5058 IV
528 5002 595 5072 aaa.
613 5002 668 5057 Vol.
687 5001 790 5070 I,410,·
809 5000 869 5056 aa.
888 5001 944 5069 IV,
957 5008 1013 5057 885.

388 5091 487 5160 Βῆριν
503 5095 579 5144 2883.

386 5299 820 5367 ⁸)Salmar'1B.;ocrbactdom.
839 5301 889 5350 Sal.
925 5300 1016 5350 dement
1035 5306 1055 5351 1.
1148 5296 1172 5362 ¹¹)
1189 5299 1227 5348 ita
1245 5303 1273 5358 1,·
1290 5299 1382 5349 iterum
1401 5297 1434 5348 R.
1532 5296 1555 5362 c)
1572 5297 1650 5347 acerba
1668 5312 1727 5347 eum
1747 5323 1778 5331 -—
1798 5297 1937 5363 requisitus

289 5387 375 5439 derum
392 5394 414 5439 1.
484 5383 510 5451 ἃ)
527 5385 590 5437 dccc
606 5386 696 5450 verba,
721 5403 787 5451 qrrae
811 5386 902 5436 &nent
924 5386 952 5436 in
974 5386 1013 5435 ed.
1033 5392 1046 5434 1
1064 5403 1106 5451 op.
1125 5384 1157 5434 B.
1164 5420 1172 5447 ,
1190 5385 1259 5435 alian
1266 5422 1273 5447 ,
1290 5392 1318 5433 nt
1335 5384 1362 5433 in
1382 5401 1407 5434 n.
1421 5386 1478 5447 379,
1496 5392 1556 5434 arete
1574 5383 1652 5433 samba
1670 5382 1870 5434 contradictores
1888 5391 1936 5433 etc.

286 5471 749 5543 modammffpstddmotlt.

387 5591 775 5663 llssm.cia.Bocanpon.
861 5589 1194 5657 2)Delroccs.n.2·26.
1279 5585 1938 5657 3)DecioitatcAasinacs.n.200ctp.266,

184 5658 224 5707 ⁸
294 5684 383 5739 nna
467 5679 763 5753 elmanensem.
1679 5767 1735 5822 W
