4328 6232
208 344 269 407 120
760 339 809 394 EX
827 337 1046 395 Innocunun
1063 339 1103 394 IV
1120 338 1303 396 nmlsruo

205 534 411 601 nequaquam
442 513 653 580 obstantibus
677 549 719 561 -
742 515 924 579 animarum
946 521 1137 579 vesamum·
1158 512 1412 580 sollicitudinem
1440 518 1595 599 gerentes
1624 520 1660 579 et
1688 536 1801 580 curam
1823 535 1862 580 ac

204 608 300 684 vobis
323 618 364 683 de
388 618 701 683 constitutionibus·
722 618 868 684 eiusdem
893 617 1015 685 ordinis·
1043 619 1117 683 illas
1148 638 1211 705 que
1234 618 1329 684 vobis
1359 623 1552 706 competunt
1573 617 1643 684 sine
1667 617 1888 684 difficultate.

203 723 351 808 qualibet
374 721 585 802 exhibentes,
609 721 716 787 eidem
745 724 944 788 monasterio
977 744 1036 811 per
1058 743 1094 788 se
1118 722 1171 787 vel
1200 743 1260 809 per
1288 722 1369 787 alios
1392 720 1512 787 iratres
1535 721 1586 785 sui
1608 719 1746 803 ordinis,
1777 741 1860 807 quos

204 827 346 892 viderint
373 825 537 904 idoneosb,
567 827 720 911 quotiens
744 827 942 914 expedierit,
972 827 1116 892 officium
1143 826 1337 892 visitationis
1366 823 1571 912 impendant,
1602 823 1798 910 corrigendo
1828 831 1861 888 et

204 928 411 995 reformando
434 928 556 994 ibidem
579 931 701 995 tamin
725 931 832 1018 capite
857 952 954 1018 quam
976 932 1009 995 in
1034 930 1190 1013 menbris,
1213 949 1276 1016 que
1298 929 1506 995 correctionis
1526 937 1603 993 seu⁰
1618 928 1862 994 reformationis
1925 953 1936 989 s

204 1033 312 1098 officio
335 1034 488 1098 noverint
511 1032 671 1119 indigere,
695 1034 750 1099 etd
773 1035 1004 1100 nichilominus
1027 1035 1200 1100 instituant
1222 1041 1257 1100 et
1273 1032 1466 1112 destituant,
1488 1037 1615 1097 mutent
1637 1037 1672 1097 et
1695 1031 1861 1109 ordinent,

204 1143 300 1222 prout
328 1137 361 1200 in
396 1136 468 1202 aliis
500 1138 704 1202 monasteriis
735 1138 923 1202 monialium
958 1137 1106 1204 eiusdem
1122 1136 1259 1202 ‘ordinis
1285 1136 1358 1202 lieri
1387 1135 1569 1201 consuevit.
1620 1133 1860 1201 Confessiones

205 1245 333 1304 vestras
357 1239 493 1304 audiant
516 1246 549 1304 et
571 1241 758 1305 ministrent
774 1242 868 1306 vobis
892 1242 1119 1307 ecclesiastica
1142 1248 1357 1307 sacramenta.
1402 1239 1551 1305 Electio⁶
1566 1245 1677 1306 tamen
1699 1240 1860 1325 priorisse

204 1344 307 1408 libere
330 1344 494 1430 pertineat
517 1342 558 1407 ad
582 1349 787 1409 conventum.
833 1344 877 1409 Et
900 1366 942 1425 ne
966 1367 1025 1432 pro
1049 1367 1089 1411 eo
1113 1345 1200 1432 quod
1220 1346 1253 1410 in
1273 1344 1473 1410 monasterio
1489 1350 1600 1409 vestro
1616 1344 1718 1430 ipsius
1735 1344 1859 1408 ordinis

204 1448 323 1512 iratres
338 1446 483 1512 residere
500 1447 655 1512 continue
671 1468 736 1512 non
752 1454 915 1529 tenentur,
939 1470 997 1536 pro
1014 1448 1145 1513 deleam
1162 1447 1343 1514 sacerdotis
1358 1448 1461 1533 possit
1476 1447 1658 1535 periculum
1675 1447 1858 1527 imminere,
1912 1470 1937 1506 n

204 1550 342 1638 predicti
372 1552 530 1637 magister
558 1557 592 1615 et
619 1552 708 1636 prior
735 1550 775 1614 ad
800 1552 1020 1616 confessiones
1049 1553 1082 1616 in
1105 1552 1314 1618 necessitatis
1337 1552 1476 1617 articulo
1500 1549 1681 1617 audiendas
1704 1556 1739 1614 et
1762 1551 1859 1615 mini-

204 1652 338 1718 stranda
362 1661 567 1720 sacramenta
594 1653 743 1740 predicta
768 1653 927 1742 deputent
949 1655 1041 1721 vobis
1071 1655 1216 1742 aliquos‘
1237 1654 1396 1721 discretos
1424 1661 1457 1720 et
1484 1653 1636 1743 providos
1660 1653 1862 1741 capellanos.

205 1757 258 1821 Ad
290 1757 352 1822 hec
379 1757 479 1823 liceat
500 1758 595 1822 vobis
628 1756 774 1822 redditus
807 1765 840 1823 et
868 1760 1097 1845 possessiones
1127 1760 1273 1845 recipere
1300 1779 1340 1824 ao
1371 1780 1412 1824 ea
1434 1758 1538 1824 libere
1561 1757 1704 1823 retinere
1727 1795 1770 1806 -
1795 1778 1862 1822 non

205 1860 413 1926 obstantibus
451 1862 613 1926 contraria
651 1862 888 1928 consuetudine
923 1885 982 1929 seu
1018 1870 1140 1929 statuto
1180 1864 1284 1951 ipsius
1326 1863 1449 1929 ordinis
1488 1862 1736 1929 confirmatione
1771 1862 1862 1927 sedis

204 1964 384 2051 apostolice
407 1970 464 2029 aut
483 1985 687 2051 quacumque
709 1965 863 2031 firmitate
885 1967 951 2031 alia
972 1968 1143 2033 roboratis.
1181 1967 1271 2032 Nulli
1287 1988 1368 2054 ergo
1386 1974 1447 2034 etc.
1470 1973 1579 2032 nonme
1599 1967 1862 2032 commissionis!
1914 1986 1938 2024 1⁵

205 2076 239 2134 et
261 2069 505 2135 constitutionis
529 2076 592 2135 etc.
639 2067 675 2134 si
697 2070 771 2155 quis
794 2076 857 2136 otc.

313 2190 390 2259 Dat.
412 2191 576 2278 Lugduni,
600 2191 669 2256 XII
692 2191 768 2256 Kal.
791 2190 881 2272 Maii,
906 2212 990 2256 anuo
1013 2192 1120 2257 tertio.

312 2310 352 2375 Iu
380 2311 520 2377 eundem
550 2309 683 2376 modurn
712 2332 771 2398 per
798 2316 901 2376 totum
927 2310 1141 2396 ..priorisse
1176 2315 1209 2375 et
1238 2309 1413 2374 conventui
1444 2310 1634 2377 monasterii
1664 2309 1705 2374 de
1735 2309 1861 2378 Merin-

203 2414 353 2481 brnnne¹
382 2414 635 2500 Argentinensis
663 2414 803 2481 diocesis
813 2415 836 2480 ².

826 2619 1238 2629 ————-

995 2847 1078 2924 159.

310 2942 529 3035 Innocentius
543 2970 601 3035 IV
614 2993 703 3054 propo
724 2971 968 3056 archiepiscopos
990 2976 1019 3037 ct
1040 2972 1122 3037 otios
1137 2970 1303 3052 principes
1320 2968 1490 3035 Teutonico
1513 2968 1659 3035 habentes
1673 2973 1860 3051 potestotcsn
1910 2998 1934 3038 a

204 3062 341 3156 stipendi
370 3073 585 3138 Romanorum
613 3096 714 3158 regem
744 3076 889 3140 hortatur
916 3077 1090 3156 mundans,
1121 3082 1157 3140 ut
1178 3074 1389 3160 [Henrs'cusn]
1416 3074 1631 3157 lantgravium
1655 3072 1863 3157 lhssnnps'oe,

203 3179 360 3261 negotiosus
382 3180 507 3263 imperii
527 3179 572 3243 od
586 3199 741 3263 pnocsens
761 3182 905 3246 vacantis
926 3200 1083 3246 assumere
1100 3185 1267 3263 puratum,
1294 3179 1330 3243 in
1352 3197 1453 3260 nepem
1474 3176 1702 3254 Romanorum,
1736 3177 1774 3240 in
1803 3179 1864 3242 ins·

198 3285 376 3363 pauorem
386 3281 583 3365 postmodum
590 3284 845 3364 promovendum,
860 3285 975 3367 absque
989 3284 1141 3349 ditatione
1154 3283 1350 3347 unanimiter
1364 3281 1493 3365 etigunt.
1528 3282 1624 3359 1246,
1636 3281 1718 3361 Apr.
1725 3283 1781 3348 21.

309 3402 373 3456 Inn.
386 3400 434 3456 IV
449 3400 512 3470 Req,
531 3402 586 3456 Vol.
600 3402 623 3466 L
637 3409 701 3471 301,·
718 3403 780 3460 Inb.
793 3403 851 3473 HI,
870 3420 928 3459 cur.
940 3413 964 3459 4.
1000 3404 1108 3459 maus
1125 3419 1157 3456 cs
1176 3402 1269 3472 Rnyn.
1287 3401 1362 3456 Ana.
1380 3401 1436 3455 eost
1455 3417 1481 3454 n
1494 3406 1565 3468 1246,
1583 3402 1600 3465 §
1617 3405 1642 3456 2.

309 3487 438 3556 Potitios,
459 3488 525 3557 Rcy.
539 3495 630 3557 iactr,-
648 3492 832 3559 Berqcr1969.
1911 3507 1935 3546 aa

204 3648 671 3743 archiepiscopiser
698 3653 945 3728 nobilibus
971 3654 1087 3728 viris
1121 3652 1231 3728 aliis
1263 3649 1562 3745 principibus
1587 3648 1863 3724 Theutouie

291 3770 587 3846 trahentibus
613 3780 907 3866 potestatem
934 3774 1132 3869 eligendi
1159 3775 1474 3848 Romanorum
1501 3791 1671 3863 regem,
1699 3763 1774 3843 iu¹¹

498 3893 835 3986 imperatorem
862 3896 1162 3988 postmodum
1190 3892 1569 3986 promovendum.

315 4024 400 4099 Quia
424 4026 510 4091 inter
531 4031 661 4091 ceteros
685 4026 773 4091 orbis
797 4028 963 4115 principes
987 4027 1142 4093 honorem
1167 4027 1307 4093 ecclesie
1330 4046 1369 4091 ac
1391 4024 1520 4111 imperii
1511 4021 1677 4089 Romani
1700 4021 1862 4087 tenemini

203 4128 391 4213 specialiter
405 4150 592 4215 procurare,
616 4150 740 4216 nosque
754 4131 849 4196 firmo
865 4131 1058 4196 credulitate
1075 4150 1257 4216 speramus,
1274 4128 1361 4217 quod
1376 4128 1418 4194 ad
1433 4127 1672 4194 exaltationem
1686 4126 1861 4211 utriusque
1911 4160 1935 4199 ‚a

203 4235 358 4317 tanquam
375 4232 439 4298 fide
456 4233 595 4321 preclari
613 4239 648 4298 et
663 4232 838 4299 devotione
856 4235 975 4300 sinceri
992 4235 1131 4301 sollicite
1148 4234 1318 4301 intenditis
1334 4240 1369 4299 et
1383 4232 1562 4315 ferventer,
1584 4252 1624 4297 eo
1639 4229 1862 4296 confidentius

203 4355 262 4401 vos
292 4334 334 4401 ad
361 4335 394 4401 id
426 4337 620 4424 requirimus
651 4342 685 4402 et
707 4337 885 4420 hortamur,
917 4359 980 4425 quo
1004 4339 1124 4404 nostris
1146 4338 1179 4403 in
1202 4338 1264 4403 hac
1286 4343 1381 4425 parte
1403 4335 1622 4423 beneplacitis
1643 4333 1804 4401 libentius
1827 4339 1863 4398 et

202 4440 384 4525 promptius
407 4461 466 4504 vos
490 4440 652 4506 credimus
674 4443 846 4529 parituros.
885 4441 972 4508 Hinc
996 4449 1058 4524 est,
1082 4441 1168 4529 quod
1191 4462 1265 4506 cum
1288 4440 1431 4507 dilectus
1453 4439 1541 4506 filins
1564 4438 1686 4520 nobilis
1702 4436 1754 4503 vir
1775 4436 1861 4502 laut-

202 4542 335 4625 gravins
367 4542 546 4629 Thuringie
581 4544 623 4610 ad
657 4545 814 4613 honorem
846 4546 910 4611 Dei
942 4554 975 4613 et
1009 4546 1149 4612 ecclesie
1184 4567 1222 4611 ac
1255 4544 1440 4610 Christiane
1475 4542 1643 4630 religionis
1677 4540 1860 4630 presidium

201 4647 329 4733 imperii
366 4648 506 4733 predicti
546 4652 714 4735 negotium
751 4674 920 4720 assumere
955 4653 997 4717 sit
1030 4658 1181 4739 paratus,
1219 4650 1464 4717 universitatem
1497 4652 1642 4713 vestram
1675 4666 1859 4725 monemus,
1910 4680 1933 4719 ss

201 4770 354 4835 rogamus
389 4758 424 4816 et
458 4752 626 4818 hortamur
664 4760 791 4820 attente
821 4755 1031 4837 mandantes,
1069 4757 1102 4820 in
1133 4755 1360 4821 remissionem
1388 4749 1614 4839 peccaminum
1642 4749 1860 4837 iniungendo,

201 4855 355 4942 quatinus
384 4853 425 4920 de
453 4857 560 4941 gratia
589 4858 721 4944 spiritus
746 4860 850 4924 sancti
873 4860 989 4925 confisi
1012 4858 1152 4926 eundem
1174 4857 1394 4943 lantgravium
1417 4856 1450 4921 in
1473 4851 1710 4921 Romanorum¹
1732 4872 1857 4939 regem,

202 4957 255 5022 iu'¹
278 4959 513 5045 imperatorem
535 4960 741 5047 postmodum
764 4964 1032 5050 promovendum,
1056 4985 1130 5030 cum
1152 4963 1315 5051 prefatum
1338 4960 1512 5048 imperium
1527 4958 1570 5025 ad
1583 4976 1723 5046 presens
1740 4976 1859 5023 vacare

304 5184 330 5252 ⁸)
348 5186 386 5237 ito
403 5187 478 5238 ctiam
492 5186 524 5238 A.
594 5183 619 5252 ¹¹)
638 5204 703 5254 quos
720 5188 752 5240 ad
770 5189 819 5240 boc
836 5189 940 5242 idoneos
957 5190 1068 5242 viderint
1081 5189 1113 5240 A.
1183 5186 1207 5253 θ)
1226 5195 1253 5241 at
1269 5204 1336 5240 corr.
1348 5186 1377 5238 in
1392 5184 1493 5250 seuR.;
1512 5193 1538 5237 at
1551 5183 1585 5235 A.
1653 5180 1681 5249 ιι)
1697 5189 1726 5235 at
1743 5181 1813 5234 deest
1824 5180 1858 5232 Α.

200 5270 225 5334 ·)
242 5272 320 5323 carbo
339 5273 436 5325 Electio
455 5302 488 5314 ·-
505 5282 662 5326 conventum
679 5282 739 5326 onte
756 5275 935 5328 Confessionee
952 5276 980 5326 in
998 5275 1031 5328 A.
1047 5276 1132 5343 perito
1149 5283 1216 5326 aunt
1304 5270 1324 5338 s)
1342 5273 1411 5325 viros
1428 5271 1491 5324 Md
1503 5271 1532 5323 in
1543 5268 1587 5335 n,
1597 5268 1704 5337 punctis
1720 5266 1859 5336 sumi&
1906 5285 1933 5324 ω

199 5356 310 5409 amum
327 5368 375 5421 ac·
393 5360 462 5412 nm
474 5360 508 5412 A.
594 5363 620 5426 a)
638 5362 809 5414 numana
822 5363 865 5427 a,
880 5364 958 5427 aaa,
974 5381 1037 5413 mu
1054 5364 1082 5414 a
1099 5362 1224 5414 suumn
1239 5361 1352 5428 mauro
1369 5377 1469 5428 smper
1486 5358 1682 5413 amnionis
1764 5350 1792 5423 ¹²)
1810 5352 1858 5415 Bu

198 5451 225 5494 ct
242 5443 270 5494 in
284 5442 369 5512 Royn
457 5444 475 5511 ¹)
492 5448 636 5500 Romanum
648 5446 734 5516 noya
822 5446 848 5515 ¹¹)
866 5459 893 5502 ct
909 5451 937 5502 in
949 5449 1036 5518 Rapsa.

303 5560 572 5632 llMoersabrrmnc,
592 5565 800 5620 Mamerti-nnn
887 5565 1120 5635 sinodorum
1138 5558 1858 5661 wnnpinmstprr'orillsstomoedinisffl

198 5643 1208 5719 dsmsmaoenpsnsenaauuononansnandeawsanmnnucre;
1226 5655 1412 5726 Romame.
