4328 6232
821 337 869 392 llll
886 336 1105 393 laneorum
1124 337 1162 392 IV
1180 335 1361 393 REGISTRO

1047 620 1133 694 260.

360 733 578 825 naara
599 757 657 823 ru
669 779 759 843 papa
780 758 896 824 aaa
920 764 950 825 a
971 762 1108 841 capitato
1130 761 1167 827 a
1187 761 1343 844 areana
1369 763 1612 830 amaseae
1637 759 1771 826 caasa
1792 759 1920 824 aaut

257 863 298 930 A.
314 864 486 928 condisses
508 863 545 928 de
559 863 764 941 Leweusteirr,
786 863 910 929 &votae
931 864 1083 944 ecclcsiae,
1106 867 1246 946 madet,
1268 872 1304 932 ut
1324 866 1524 933 Reinurdum
1546 868 1691 930 rectorem
1714 862 1862 929 ccclesiae
1884 863 1919 925 iu

258 965 465 1032 Sceltburncu
487 968 522 1030 in
543 967 679 1047 fratrem
700 971 730 1031 et
752 967 937 1032 canonicam
958 969 1139 1035 admittant.
1564 972 1659 1046 1246,
1680 967 1761 1034 Ner.
1777 969 1832 1031 24.

362 1086 425 1140 Ima
439 1085 486 1140 IV
501 1086 565 1154 Res.
584 1084 982 1154 Vor.l‚aea;L1o.1V,2sa
1019 1089 1181 1158 umacus,
1200 1090 1277 1160 ,qued
1299 1091 1397 1161 caper
1418 1090 1512 1160 edidit,
1536 1107 1598 1146 acm
1617 1088 1736 1159 Romatio
1759 1087 1878 1143 comit
1895 1093 1920 1141 et

257 1188 289 1227 ao
306 1172 341 1225 iis
358 1172 486 1240 eappactr
511 1170 628 1227 Vera
650 1172 728 1226 Mau.

363 1258 460 1326 Berpcr
477 1265 551 1313 2284.

320 1443 358 1460 ..
387 1387 561 1459 decano
591 1391 633 1460 et
660 1385 869 1478 capitulo
898 1389 951 1461 de
978 1388 1214 1481 Winpine¹
1245 1392 1614 1467 warmaciensis
1641 1391 1866 1464 diocesis

362 1519 553 1585 Laudabilis
577 1522 832 1586 conversationis
857 1523 978 1589 etrite
1012 1524 1136 1589 meritis
1161 1524 1301 1590 dilectus
1323 1524 1410 1590 filius
1432 1523 1619 1590 Reinurdus
1643 1529 1753 1589 rector
1776 1522 1919 1589 ecclesie

260 1626 292 1689 in
312 1624 550 1690 Seeltburnen²
566 1624 731 1710 Spirensis
754 1624 896 1691 diocesis
919 1626 1022 1691 iuvari
1045 1625 1172 1708 dicitur,
1201 1634 1237 1693 ut
1260 1627 1347 1714 apud
1370 1649 1429 1692 nos
1446 1627 1654 1714 specialiter·
1676 1627 1817 1712 gratiam
1841 1647 1917 1691 con-

262 1735 426 1814 sequatur.
470 1727 558 1792 Hinc
583 1734 643 1809 est,
667 1727 752 1814 quod
776 1749 835 1793 nos
852 1729 969 1794 intuitu
986 1731 1175 1795 meritorum
1190 1731 1378 1797 huiusmodi
1395 1739 1429 1797 et
1445 1731 1582 1797 obtentu
1597 1731 1718 1796 dilecte
1735 1730 1769 1794 in
1785 1730 1917 1796 Christo

261 1833 326 1897 filie
357 1830 477 1896 nobilis
506 1832 650 1897 mulieris
673 1833 715 1899 A.
739 1833 905 1898 comitisse
930 1833 971 1899 de
994 1833 1192 1900 Lewensten
1202 1835 1226 1915 ³,
1259 1836 1353 1901 nobis
1385 1841 1419 1900 et
1450 1835 1591 1901 ecclesie
1615 1834 1764 1901 Romane
1788 1834 1918 1912 deuote,

262 1935 354 2000 euius
377 1936 410 1998 in
434 1935 489 1999 illo
513 1935 664 2000 volumus
688 1937 851 2003 honorare
874 1957 1059 2023 personam,
1084 1939 1332 2006 universitatem
1349 1945 1491 2004 vestram
1514 1959 1672 2023 rogamus
1695 1945 1728 2002 et
1752 1939 1919 2002 hortamur

262 2045 399 2118 attente,
423 2039 618 2105 mandantes
643 2042 797 2126 quatinus
814 2041 952 2107 eundem
974 2063 1033 2129 pro
1050 2045 1231 2129 apostolice
1248 2044 1334 2111 sedis
1354 2051 1388 2108 et
1405 2050 1517 2109 nostra
1533 2043 1720 2108 reverentia
1735 2043 1770 2106 in
1784 2042 1917 2106 fratrem

263 2149 297 2209 et
320 2143 512 2207 canonicum
537 2142 730 2221 admittatis,
755 2143 818 2209 sibi
841 2144 882 2210 de
905 2145 1089 2236 prebenda,
1121 2168 1218 2232 qnam
1242 2149 1306 2213 cito
1330 2168 1365 2212 sc
1389 2147 1527 2212 facultas
1551 2145 1716 2226 obtulerit,
1740 2145 1920 2210 liberaliter

262 2246 484 2336 providentes,
511 2285 546 2294 -
580 2269 644 2312 non
676 2248 850 2313 obstanteb
880 2257 970 2315 certo
999 2253 1231 2317 canonicorum
1259 2272 1396 2317 numero
1420 2251 1604 2316 iuramento
1628 2270 1688 2314 seu
1711 2269 1916 2334 quacumque

261 2352 417 2417 firmitate
434 2351 568 2431 vallato,
593 2373 652 2416 seu
677 2352 763 2437 quod
787 2352 874 2418 idem
898 2354 981 2419 elias
1004 2356 1220 2421 beneficiatus
1244 2356 1368 2435 existit,
1391 2355 1445 2419 vel
1468 2355 1495 2418 si
1514 2353 1607 2418 robis
1623 2373 1681 2439 pro
1702 2351 1775 2416 aliis
1797 2352 1919 2438 scripta

263 2461 375 2520 nostra
404 2453 598 2532 direximus,
627 2456 745 2541 quibus
774 2455 969 2523 auctoritate
1001 2459 1204 2543 presentium
1235 2459 1387 2524 nolumus
1417 2456 1633 2542 preiudicium
1662 2454 1834 2540 generari,
1866 2462 1920 2519 aut

262 2558 373 2643 aliqua
401 2556 619 2642 indulgentia,
646 2557 688 2622 de
718 2580 782 2643 qua
812 2559 990 2644 specialem
1020 2560 1053 2623 in
1078 2561 1195 2627 litteris
1218 2561 1340 2626 nostris
1365 2566 1517 2647 oporteat
1547 2559 1620 2625 lieri
1642 2558 1842 2623 mentionem
1864 2581 1918 2627 -;

262 2660 451 2725 mandatum
481 2668 627 2725 nostrum
656 2661 765 2725 taliter
795 2662 975 2747 impleturi,
1005 2670 1056 2742 ut,
1088 2684 1126 2727 eo
1152 2663 1238 2749 quod
1262 2662 1403 2729 intendit
1426 2662 1592 2748 gaudente
1615 2661 1790 2746 consequi,
1824 2660 1919 2744 digna

263 2762 375 2826 favore
400 2768 508 2828 nostro
532 2769 641 2828 vestra
665 2766 769 2851 possit
796 2765 967 2829 sinceritas
999 2768 1153 2851 reputari.
1199 2766 1353 2852 Alioquin
1377 2766 1505 2831 dilectis
1528 2766 1603 2829 filiis
1628 2813 1659 2828 ..
1684 2764 1862 2850 preposito,
1886 2811 1917 2827 ..

264 2866 469 2931 thesaurario
494 2868 626 2931 maioris
651 2869 791 2933 ecclesie
816 2876 849 2934 et
874 2918 905 2935 ..
928 2869 1053 2934 decano
1071 2870 1184 2934 Sancti
1201 2869 1357 2934 Germani
1381 2869 1545 2956 Spirensis
1561 2889 1622 2955 per
1643 2870 1770 2933 litteras
1794 2876 1919 2933 nostras

265 2970 476 3054 iniungimus,
500 2977 536 3033 ut
560 2971 744 3056 superbae
768 2971 958 3037 mandatum
981 2974 1198 3058 apostolicum
1224 2979 1442 3057 exequantur3
1468 2971 1726 3037 contradictores
1750 2977 1814 3036 etc.

368 3089 445 3154 Dat.
467 3089 631 3175 Lugduni,
655 3091 741 3156 Vlll
765 3090 839 3157 Kal.
864 3091 1069 3172 Decembris,
1091 3113 1177 3158 anno
1201 3100 1329 3178 quarto.

368 3194 440 3260 Illis
463 3193 620 3280 scriptum
643 3201 703 3258 est.

887 3375 1296 3383 Μ

1047 3618 1134 3693 uel.

368 3727 586 3821 Inrrocurtius
610 3758 633 3821 I
637 3757 667 3819 V
682 3778 771 3839 papa
799 3757 915 3820 desum
942 3760 972 3820 ct
1002 3757 1139 3836 capitulo
1165 3757 1432 3823 Golrrmbaricrrsis
1459 3756 1602 3821 eeclesiae
1629 3754 1754 3819 obtentu
1781 3755 1926 3840 [Uiria‘]

263 3858 301 3922 dc
315 3859 446 3924 Ferrato
468 3863 497 3922 at
511 3858 696 3944 [Huporria]
717 3859 754 3924 de
769 3859 878 3924 Parva
896 3859 995 3924 Petra
1017 3860 1170 3938 carritum,
1193 3861 1368 3925 &ocimum
1389 3859 1540 3935 ecclesaie,
1564 3858 1703 3936 rauendel,
1727 3862 1763 3921 ut
1786 3858 1935 3925 Uiricarrs

267 3966 412 4026 rectorem
433 3962 575 4026 ecclesiae
597 3962 634 4025 de
652 3962 840 4027 Turincberu
862 3963 898 4026 iu
916 3963 1056 4048 fratrem
1077 3967 1107 4026 et
1128 3964 1313 4027 canonica-m
1337 3961 1517 4027 adrnitiout.
1575 3964 1668 4040 1246,
1690 3961 1770 4026 Non.
1786 3964 1841 4026 27.

371 4084 433 4136 Ina.
448 4083 497 4135 IV
513 4083 575 4151 Req.
601 4083 655 4137 Vol.
676 4087 705 4151 Ι,
725 4091 790 4151 348,-
817 4084 875 4138 Lu.
893 4084 944 4152 IV,
964 4091 1023 4139 295.
1061 4085 1215 4152 Euanplur,
1239 4083 1311 4151 quod
1331 4083 1427 4149 Berycr
1443 4079 1535 4148 edidit,
1560 4097 1620 4135 curra
1640 4081 1757 4150 Repertis
1774 4083 1890 4136 cordalit
1907 4087 1944 4135 ct

265 4187 297 4224 ex
315 4170 352 4225 cia
369 4170 496 4239 supplerit
520 4167 637 4224 [Olli
651 4169 728 4224 Mau.

370 4256 468 4325 Bw
488 4263 558 4311 2291.
1002 4274 1018 4306 a

489 4441 528 4459 ..
556 4386 729 4459 decano
758 4391 800 4461 et
828 4384 1038 4476 capitulo
1066 4379 1484 4457 Columbariensis⁴
1512 4380 1705 4455 ecclesie

843 4503 1115 4579 Basiliensis
1142 4501 1354 4577 diocesis.

372 4638 564 4704 Affectionis
591 4646 728 4725 paterno
758 4637 899 4703 studium
923 4637 1046 4702 habere
1071 4657 1130 4700 nos
1155 4633 1315 4699 condecet
1339 4635 1370 4697 in
1394 4634 1634 4721 provisionibus
1658 4634 1871 4713 clericorum,
1894 4642 1926 4698 ut

268 4745 314 4808 sic
338 4745 369 4807 in
394 4744 489 4807 nobis
512 4743 675 4827 condigna
698 4742 784 4806 done
807 4742 913 4827 gratie
937 4739 1103 4826 gaudeant
1125 4737 1306 4817 invenisse,
1336 4737 1422 4823 quod
1448 4739 1601 4802 virtutum
1626 4738 1830 4803 incremento
1853 4760 1922 4823 pro·

268 4849 380 4913 lictant
408 4856 440 4911 et
463 4847 503 4911 ad
527 4847 637 4911 divine
661 4845 768 4910 laudis
791 4846 1008 4931 frequentiam
1038 4844 1254 4908 invalescant.
1300 4841 1387 4905 Hinc
1415 4850 1481 4923 est,
1512 4841 1599 4926 quod
1631 4862 1690 4928 pro
1714 4840 1838 4906 dilecto
1861 4842 1920 4906 filio

268 4953 381 5017 Ulrieo
410 4957 537 5015 rectore
567 4950 706 5014 ecclesie
738 4950 779 5015 de
808 4949 1046 5014 Turinehem⁰⁵
1073 4945 1270 5011 Basiliensis
1309 4944 1467 5024 diocesis,
1500 4945 1553 5028 qui
1589 4943 1715 5008 meritis
1751 4943 1921 5009 laudabilis

425 5092 610 5098 -.ψ-.-Δ
642 5092 646 5097 .
675 5092 776 5097 .-.-.-
833 5091 957 5097 .-.-..——
987 5091 994 5095 -
1056 5091 1078 5094 ..⁴
1147 5090 1296 5096 -—-.-...-.
1720 5086 1823 5093 ————

372 5176 397 5242 ⁸)
413 5177 550 5243 specialem
567 5178 596 5227 ia
614 5176 663 5228 bac
680 5178 797 5240 seracula
815 5177 878 5228 alibi
897 5177 1002 5241 lepirum
1020 5177 1056 5241 cs.
1070 5191 1099 5239 p.
1114 5179 1170 5237 195,
1189 5174 1234 5224 lio.
1254 5181 1275 5223 1.
1371 5170 1396 5235 ι’)
1417 5189 1454 5222 cn
1473 5189 1523 5223 uon
1542 5172 1607 5223 obst
1628 5190 1660 5212 =
1679 5187 1732 5221 non
1751 5168 1923 5222 obatarrtibns!

268 5267 292 5329 ὓ)
312 5262 436 5317 'l'urimb'
456 5263 487 5314 ll.

374 5401 400 5457 ll
420 5399 556 5468 Wimpscn
572 5398 608 5452 ad
620 5397 729 5451 chtor
745 5399 852 5464 tientes,
871 5397 903 5461 αἱ
918 5397 1015 5463 Berper
1035 5401 1107 5460 2285,
1129 5400 1200 5448 2287.
1271 5394 1298 5456 ⁶2)
1318 5391 1486 5445 manaa
1503 5408 1516 5444 a
1534 5406 1593 5444 mar.
1611 5396 1634 5444 ct
1653 5406 1693 5445 or.
1708 5389 1757 5445 cir.
1775 5388 1925 5456 reem

270 5487 511 5555 lucanam.
530 5482 1030 5554 recommemorata,
1123 5480 1151 5545 3)
1169 5474 1786 5534 wormaciensium
1820 5473 1926 5533 m

268 5572 300 5627 dc
316 5573 351 5628 L.
368 5572 561 5641 commissi
577 5571 702 5626 roratum
717 5569 749 5625 ds
768 5569 857 5626 earm
874 5573 960 5625 acar.
996 5566 1102 5622 Nom
1119 5564 1268 5622 maritime
1285 5565 1448 5633 watra.
1526 5564 1555 5632 4)
1574 5562 1691 5621 Oche.
1764 5562 1797 5628 b)
1816 5560 1927 5635 M

269 5659 344 5728 baar,
367 5659 508 5714 Turktcirr
524 5673 558 5713 cc
575 5675 625 5713 occ
642 5657 691 5713 cir.
710 5658 824 5712 uuae.
