4328 6232
204 345 242 408 18
752 340 801 395 EX
819 337 1036 394 lNNOCEN'I'II
1054 334 1094 389 lv
1112 334 1293 390 recurso

199 520 416 601 representet,
446 514 589 578 facturus
613 518 646 577 et
668 517 875 597 recepturus,
904 511 991 597 quod
1015 510 1093 575 orde
1117 509 1290 574 dictaverit
1312 511 1460 590 rationis,
1490 547 1531 558 -
1554 509 1852 575 nonobstantibus

200 618 319 682 litteris
354 617 540 703 apostolicis
580 615 622 680 ad
648 663 655 678 .
688 665 695 681 .
724 615 988 680 archidiaconum
1020 613 1328 679 Wratisluviensem
1364 615 1500 699 eiusque
1534 615 1721 679 coniudices
1754 634 1855 699 super

201 721 384 787 huiusmodi
417 721 562 806 negotio,
599 741 659 805 per
693 741 773 805 quos
802 719 843 784 ad
877 721 1105 784 executionem
1140 718 1244 804 ipsius
1278 722 1413 804 prepter
1444 718 1600 783 malitiam
1632 718 1789 803 temporis
1819 724 1854 782 et

201 825 348 890 eiusdem
374 821 410 888 C.
434 824 612 909 potentiam
635 830 671 887 ut
698 823 855 887 asseritur
884 823 1017 910 procedi
1048 844 1113 888 nen
1144 823 1262 907 potuit,
1293 821 1474 920 impetratis
1484 821 1505 884 ¹.
1550 819 1711 905 Quicquid
1740 827 1852 885 autem

200 950 299 1014 super
320 928 382 991 hoc
398 926 554 1008 feceritis,
578 927 673 992 nobis
691 948 749 1014 per
763 934 890 993 vestras
907 929 1032 992 litteras
1048 925 1189 991 fideliter
1203 925 1403 990 rescribatis.
1438 922 1532 996 Quod
1549 924 1576 989 si
1592 945 1656 989 non
1673 944 1787 988 omues
1799 960 1852 1002 —,

201 1038 246 1112 tu,
269 1031 371 1096 irater
394 1031 560 1117 episcope,
585 1037 647 1095 cte.

310 1149 388 1216 Dat.
412 1150 573 1236 Anagnis,
596 1149 647 1213 Ill
670 1149 717 1215 Id.
741 1149 957 1237 Septembris,
982 1171 1066 1213 anno
1089 1150 1205 1235 primo.

308 1769 527 1861 Innocentius
543 1797 567 1862 I
569 1796 599 1860 V
604 1816 694 1877 prope
712 1796 900 1879 G[reporio]
921 1796 958 1861 de
974 1795 1175 1877 Mentelonpo
1196 1775 1384 1859 subdiacone
1399 1799 1429 1858 et
1443 1797 1567 1860 noterio
1581 1815 1646 1874 sno,
1668 1797 1855 1878 aposolicae

202 1901 285 1966 sedis
307 1901 419 1984 teputm
447 1900 568 1977 scribit,
597 1920 660 1981 qna
682 1898 719 1962 de
741 1919 837 1963 censa
859 1903 1013 1964 tractatus
1027 1900 1121 1979 precis
1142 1919 1209 1962 erere
1229 1898 1375 1979 principe
1396 1898 1524 1963 talitro
1545 1918 1686 1964 snecesau
1707 1901 1856 1978 mrnerit,

203 2004 292 2086 eique
313 2003 453 2079 nsandei,
476 2006 511 2066 nt
530 2002 638 2084 fideles
660 2004 696 2066 in
718 2001 927 2068 Lonrburdiee
946 2003 1095 2082 pertitus
1116 2003 1298 2066 constitutos
1319 2003 1446 2079 unieret,
1469 2006 1505 2066 ut
1526 2004 1562 2066 in
1583 2003 1740 2068 &cutione
1761 2005 1856 2068 atne

197 2109 403 2189 perseverent,
425 2105 537 2170 anteri
558 2105 715 2171 cerream
732 2125 842 2186 pacem
865 2107 1020 2170 inituram
1042 2124 1106 2168 nea
1128 2125 1200 2181 csse,
1223 2105 1288 2169 nisi
1310 2126 1390 2187 qnae
1411 2105 1473 2170 sibi
1494 2111 1524 2170 et
1543 2107 1623 2187 ipsis
1643 2107 1798 2188 rendist,

1499 2212 1593 2288 1243,
1615 2210 1700 2290 Sept.
1715 2213 1769 2275 23.

310 2330 371 2383 Ina.
390 2329 411 2381 1
415 2328 440 2382 V
457 2329 519 2398 Rau.
541 2328 594 2382 Vol.
613 2329 640 2395 Ι,
660 2336 703 2393 21,·
726 2327 784 2382 lab.
803 2327 831 2394 I,
852 2333 903 2380 127.
941 2326 1041 2380 l'ertzii
1063 2327 1194 2395 exemplar
1218 2326 1378 2381 centulenses
1399 2343 1460 2380 crern
1481 2327 1592 2394 Suttcli,
1618 2331 1693 2382 Aren.
1717 2329 1859 2398 Belopuesi

203 2421 219 2470 t.
236 2416 292 2485 111,
314 2427 347 2482 11,
363 2432 389 2483 p.
404 2422 458 2481 201,
477 2420 572 2469 nuti.

309 2501 437 2567 Pareae,
458 2499 520 2570 Rea.
535 2505 629 2565 mem
647 2499 744 2569 Berpn
757 2505 811 2553 rar.

385 2696 429 2772 G.
457 2698 510 2771 de
537 2697 829 2787 Mentelongo
865 2695 1160 2770 subdiacone
1195 2700 1236 2768 et
1268 2698 1457 2770 notario
1491 2704 1676 2788 nostro,

718 2815 986 2908 apostolice
1020 2815 1145 2890 sedis
1178 2817 1348 2908 legato.

313 2965 518 3031 Prosentium
548 2970 661 3029 tenere
689 2964 773 3029 scire
803 2972 835 3029 te
870 2963 1035 3042 volumus,
1071 2963 1157 3049 quod
1189 2986 1262 3028 cum
1292 2986 1426 3051 nuper.
1453 3015 1460 3029 .
1484 2968 1637 3055 princeps
1665 2992 1725 3035 uos
1758 2992 1859 3058 super

207 3070 437 3136 reformatione
462 3069 552 3155 pacis
578 3069 662 3133 inter
691 3068 863 3133 ecelesiam
892 3074 925 3134 et
947 3069 1052 3154 ipsum
1076 3089 1136 3153 per
1159 3067 1357 3155 sollempnes
1386 3073 1516 3135 nuntios
1540 3078 1574 3136 et
1596 3072 1723 3139 litteras
1746 3075 1857 3160 requi-

205 3175 315 3248 sisset,
349 3173 426 3259 quia
457 3192 535 3238 vore
567 3192 680 3258 paoem
716 3171 881 3256 diligimus
915 3178 948 3236 ot
980 3172 1106 3236 sincere
1135 3172 1306 3237 concordie
1336 3174 1421 3238 inter
1443 3174 1644 3240 Christianos
1672 3177 1857 3263 appetimus

205 3278 380 3358 unitatem,
413 3296 454 3341 uc
477 3274 663 3341 videremur
686 3274 777 3360 pacis
801 3273 949 3339 eiusdem
973 3274 1144 3360 repudiare
1179 3281 1355 3340 tractatum
1390 3283 1423 3342 et
1455 3300 1496 3342 ex
1525 3279 1587 3345 hoe
1610 3280 1762 3368 princeps
1786 3280 1859 3367 ipse

204 3382 412 3449 occasionem
448 3388 592 3447 sumeret
627 3380 799 3446 eeclesiam
837 3401 928 3445 mere
961 3379 1057 3443 solito
1090 3379 1284 3459 infamandi,
1326 3381 1366 3445 ad
1401 3403 1476 3447 eum
1512 3383 1644 3447 nuutios
1679 3383 1859 3449 direximus

206 3487 376 3572 speciales,
395 3484 484 3549 illam
501 3506 560 3570 per
576 3485 664 3570 ipses
680 3483 772 3569 pacis
788 3481 926 3546 formam
943 3483 1119 3546 offerentes
1135 3483 1330 3568 eidemque
1350 3485 1411 3570 ipsi
1430 3484 1569 3551 ecclesie
1586 3487 1717 3571 suisque
1733 3486 1860 3552 devotis

206 3597 240 3655 ct
269 3590 366 3655 etiam
399 3586 486 3652 dicto
515 3588 652 3673 principi
685 3586 788 3651 videri
822 3593 951 3672 poteret
980 3585 1147 3672 expedire.
1199 3586 1265 3651 Sed
1291 3587 1377 3652 idom
1407 3588 1545 3653 formam
1577 3589 1763 3654 huiusmodi
1793 3611 1859 3654 uon

206 3700 382 3779 acceptans
406 3691 684 3778 adapostolicam
708 3690 820 3756 sedem
844 3691 974 3755 nuntios
998 3691 1116 3755 iterum
1133 3690 1322 3771 destinavit,
1347 3693 1401 3777 qui
1418 3712 1490 3757 oum
1507 3713 1619 3757 eorum
1635 3694 1859 3779 petitionibus,

206 3796 238 3861 in
267 3795 384 3881 quibus
412 3814 473 3859 neo
502 3793 648 3859 eiusdem
678 3793 779 3858 honor
810 3794 948 3859 ecclesie
973 3793 1145 3857 videbatur
1166 3815 1227 3858 nec
1252 3814 1385 3859 suorum
1407 3793 1553 3860 fidelium
1579 3797 1763 3883 procurari,
1794 3819 1860 3863 uon

206 3898 396 3963 duxerimus
429 3896 653 3968 annuendum,
684 3897 893 3983 apresentia
915 3904 1028 3960 nostra
1051 3895 1173 3961 infecto
1198 3898 1328 3982 penitus
1351 3898 1454 3984 ipsius
1477 3900 1568 3985 pacis
1592 3902 1724 3986 negotio
1749 3921 1860 3965 reces-

208 4000 352 4068 serunt¹.
398 4000 606 4086 Quapropter
636 3998 843 4075 mundamus,
878 4000 1031 4085 quatinus
1060 3999 1176 4065 fideles
1210 4007 1243 4065 et
1266 4000 1402 4065 devotos
1434 4004 1575 4068 ecclesie
1606 4004 1639 4067 in
1661 4003 1861 4069 Lombardie

208 4102 354 4191 partibus
377 4104 580 4181 constitutos,
604 4108 640 4168 ut
661 4103 692 4166 in
709 4103 809 4188 ipsius
826 4102 998 4167 devotione
1017 4102 1113 4167 solita
1128 4102 1290 4168 stabiliter
1305 4112 1519 4189 perseverent
1543 4107 1676 4192 suisque
1694 4106 1860 4192 obsequiis

207 4214 455 4294 perseveranter
477 4206 642 4283 insistant,
667 4204 817 4283 studeas,
848 4212 944 4292 prout
967 4206 1123 4292 expedire
1147 4206 1282 4279 videris,
1313 4208 1503 4274 affectuosis
1526 4207 1765 4274 inductionibus
1788 4210 1859 4274 aui-

209 4330 309 4389 mare,
332 4310 411 4397 ipsis
435 4332 476 4376 cx
501 4317 593 4397 parte
617 4316 727 4375 nostra
750 4308 957 4394 significans,
989 4309 1075 4394 quod
1099 4330 1172 4373 eum
1196 4310 1245 4374 eis
1269 4319 1303 4375 et
1325 4313 1398 4378 aliis
1423 4313 1563 4378 ecclesie
1587 4313 1734 4393 devotis,
1765 4319 1861 4400 prout

211 4414 315 4481 cidem
340 4414 477 4481 (ecclesie
502 4436 539 4480 ac
562 4414 627 4480 illis
651 4412 809 4500 expedire
833 4411 1020 4491 viderimus,
1043 4421 1077 4477 et
1100 4433 1165 4477 non
1191 4414 1296 4493 aliter,
1319 4436 1432 4501 pacem
1455 4417 1541 4479 inter
1565 4416 1738 4482 ecclesiam
1754 4416 1860 4504 ipsam

209 4528 243 4584 ct
264 4525 479 4584 memoratum
502 4519 681 4605 prinoipem
706 4515 905 4583 intendimus
929 4516 1116 4583 reformare.

319 4635 395 4703 Dat.
418 4637 579 4723 Anagnis,
603 4637 705 4704 VIIII
729 4636 804 4706 Kal.
828 4637 946 4704 Octeb.
970 4659 1054 4703 anno
1078 4638 1193 4727 primo.

1006 5126 1067 5200 93.

317 5235 533 5330 Ῑηηοωηϋιιε
549 5264 570 5330 1
577 5263 606 5329 V
620 5286 708 5348 papo
732 5266 838 5349 priori
858 5267 1052 5349 provinciali
1074 5265 1332 5332 l’nratimtornrn
1361 5270 1396 5333 in
1417 5267 1619 5333 ⁴llorrronnio
1646 5266 1802 5351 miaupd,
1828 5271 1865 5332 ut

206 5369 332 5450 priores
358 5373 387 5434 ct
412 5368 536 5455 fratres
569 5368 693 5436 ordinis
720 5372 773 5437 sni
801 5372 837 5435 in
866 5368 1133 5455 Moprlcbnrycnsi
1159 5373 1188 5435 et
1215 5369 1383 5437 Brcnrcrrsi
1407 5371 1598 5453 nonnum,
1628 5367 1865 5453 Rufiepeumsi,

319 5527 377 5535 —.
475 5530 479 5535 .
573 5532 587 5537 -
610 5532 629 5537 ..
715 5532 791 5538 ...-..
1324 5532 1403 5541 -.
1458 5522 1760 5541 ------·-*-“““

318 5626 345 5695 1)
364 5625 392 5681 V.
410 5626 475 5683 ibid.
544 5630 574 5700 9)
592 5629 712 5699 ossaf,
731 5628 1093 5699 adsultatum-lioba,
1112 5629 1274 5685 testata
