4734 6334
846 429 1046 486 epistotae
1064 431 1254 487 SELEO'I‘AE.
1292 432 1368 487 1249.
1871 437 1932 499 463

279 596 438 660 servituro
474 618 533 683 pro
568 602 806 667 sustentatione
843 624 903 668 sua
937 611 971 670 et
1005 626 1063 690 pro
1100 605 1172 670 aliis
1209 607 1349 671 ecclesie
1384 607 1485 693 ipsius
1521 607 1749 693 supportandis
1779 608 1932 673 oneribus

278 719 424 783 congrua
455 699 496 766 de
532 703 680 768 eiusdem
711 707 850 772 ecclesie
884 707 1095 792 proventibus
1130 709 1235 794 portio
1275 709 1487 794 relinquatur.
1536 709 1613 776 Dat.
1636 709 1789 796 Lugduni
1810 711 1859 776 VI
1881 711 1931 776 ld.

279 800 462 884 Februarii,
486 808 695 890 pontificatus
718 811 841 874 nostri·
863 831 949 875 anno
972 812 1098 896 quinto.

387 927 464 985 nos,
499 910 710 976 attendentes
741 913 888 978 rationes
918 920 951 978 et
988 935 1105 979 causas
1133 916 1166 978 in
1195 917 1266 1001 ipso
1300 919 1458 1003 rescripto
1494 917 1632 1003 positas,
1667 918 1785 1006 quibus
1812 919 1932 982 veritas

213 1043 225 1080 ὃ
280 1009 488 1094 suffragatur,
512 1014 656 1080 maxime
681 1021 789 1080 autem
813 1016 906 1080 iuxta
930 1023 1051 1082 statum
1076 1019 1234 1104 temporis
1256 1020 1456 1084 necessitate
1480 1018 1558 1084 dicti
1581 1022 1782 1102 monasterii,
1813 1023 1846 1086 in
1869 1041 1932 1108 quo

280 1111 424 1177 lidelium
454 1113 575 1181 ibidem
606 1118 666 1183 sub
699 1120 775 1204 iugo
805 1119 939 1185 Domini
969 1121 1196 1186 famulantium
1228 1122 1358 1208 plenius
1393 1122 1455 1186 hoc
1489 1129 1639 1209 tempore
1673 1125 1790 1210 religio
1820 1125 1932 1210 vigere

279 1213 469 1298 dinoscitur,
493 1219 652 1300 inclinati,
676 1224 852 1288 ecclesiam
875 1223 916 1288 de
931 1223 1082 1288 Richaim
1105 1232 1217 1291 nostre
1241 1224 1392 1306 diocesis,
1424 1228 1457 1291 in
1480 1247 1545 1313 qua
1567 1228 1617 1292 ius
1641 1227 1797 1293 obtinetis
1820 1233 1931 1315 patro-

279 1325 391 1400 natus,
416 1323 609 1388 auctoritate
632 1327 811 1411 apostolica
833 1347 898 1412 qua
919 1327 1085 1413 fungimur
1108 1336 1142 1393 et
1163 1336 1276 1394 nostra
1299 1330 1392 1395 vobis
1415 1329 1639 1407 concedimus,
1663 1336 1699 1395 ut
1722 1353 1810 1412 eam,
1834 1331 1930 1396 cnmb

281 1441 398 1488 vacare
425 1425 613 1511 contigerit,
643 1431 717 1492 cum
746 1429 906 1516 fructibus
938 1437 972 1496 et
1001 1432 1207 1517 pertinentiis
1237 1434 1304 1498 suis
1328 1433 1466 1498 valeatis
1494 1434 1597 1500 libere
1626 1436 1660 1498 in
1683 1456 1761 1500 usus
1784 1436 1932 1521 proprios

281 1526 435 1592 retinere.
475 1528 520 1594 Ut
542 1539 653 1597 antem
676 1535 857 1598 animarum
881 1556 959 1600 eura
982 1556 1046 1600 non
1068 1538 1266 1624 negligatur,
1295 1539 1386 1603 salvo
1410 1539 1507 1602 etiam
1530 1539 1601 1603 iure
1625 1536 1800 1603 diocesano
1821 1544 1932 1602 nostro

280 1649 572 1720 successorumque
602 1641 784 1702 nostrorum
815 1659 873 1723 pro
903 1645 1069 1726 tempore,
1099 1642 1249 1705 volumus
1273 1647 1306 1706 et
1329 1641 1537 1722 mandamus,
1567 1649 1603 1706 ut
1625 1642 1659 1705 in
1681 1640 1768 1706 dicta
1790 1643 1933 1706 ecclesia

279 1731 400 1797 vicario
425 1736 586 1803 servituro
609 1759 667 1825 pre
685 1742 923 1807 sustentatione
940 1763 999 1806 sua
1016 1749 1049 1808 et
1064 1765 1123 1830 pro
1140 1745 1212 1808 aliis
1231 1746 1370 1810 ecclesie
1389 1746 1491 1831 ipsius
1508 1744 1739 1831 supportandis
1754 1744 1931 1810 honeribus

280 1857 424 1921 congrua
446 1838 487 1906 de
512 1840 659 1906 eiusdem
683 1845 823 1910 ecclesie
847 1845 1061 1931 proventibus
1085 1848 1191 1932 portio
1215 1849 1427 1933 relinquatur.

388 1957 464 2024 Dat.
489 1959 693 2042 Constantie,
717 1985 801 2029 anno
825 1965 959 2030 Domini
981 1965 1247 2050 Mcoxnvssr,
1270 1968 1319 2034 Id.
1344 1968 1441 2049 Iunii,
1464 1969 1640 2034 indictione
1658 1968 1731 2034 VI⁸.

202 2096 226 2133 n
379 2061 477 2127 ·Nulli
501 2086 580 2150 ergo
605 2073 668 2134 ete.
689 2074 799 2132 nostre
823 2068 1079 2134 confirmationis
1102 2077 1164 2136 etc.

389 2182 467 2248 Dat.
490 2185 652 2272 Lugduni,
673 2187 729 2264 ¹lII
751 2187 827 2256 Kal.
851 2189 1033 2270 Februarii,
1057 2211 1142 2256 anno
1157 2193 1252 2260 vl01.

388 2302 494 2370 Datus
518 2315 569 2371 est
593 2309 640 2372 eis
663 2329 761 2394 super
784 2309 846 2375 hoc
869 2316 1080 2376 conservator
1103 2362 1134 2378 ..
1158 2315 1343 2400 prepositus
1367 2313 1569 2380 Basiliensis.

1049 2590 1086 2596 -...
1093 2590 1140 2597 -n-

1062 2873 1149 2947 648.

384 2979 604 3076 Innocentius
626 3011 684 3076 IV
696 3033 785 3096 prope
807 3013 965 3098 [Henrioo
979 3013 1060 3098 III]
1082 3015 1221 3096 episcopo
1242 3015 1471 3096 Argentinensi
1492 3015 1535 3079 ad
1552 3035 1660 3096 preces
1681 3014 1718 3080 dc
1742 3015 1932 3097 Grnninpcn

280 3114 309 3174 ct
330 3111 367 3175 dc
388 3113 579 3179 Nnrembero
606 3116 749 3180 comitem
776 3117 922 3196 masida,
952 3122 987 3182 nt
1008 3116 1146 3183 Henrico
1168 3116 1205 3182 dc
1227 3115 1413 3198 Vinstinpcn
1443 3119 1592 3182 canonico
1613 3117 1841 3200 Argentinenci
1862 3137 1933 3183 eon-

202 3243 229 3283 eo
280 3217 617 3299 magniacoeomitnm
642 3219 811 3302 electique
833 3221 1041 3304 dignitatern
1063 3220 1189 3286 ecclesio
1216 3220 1501 3286 condimentis
1523 3219 1677 3285 Metensis
1705 3219 1834 3284 diocesis
1856 3241 1933 3302 pro·

280 3317 381 3384 aden
397 3319 514 3405 saciat.
1586 3324 1679 3402 1249,
1701 3323 1775 3388 lan.
1792 3325 1845 3390 30.

384 3441 450 3496 Ian.
463 3441 511 3495 IV
527 3442 589 3510 Ray.
608 3442 667 3496 Ira.
687 3444 731 3511 VI,
748 3446 768 3510 sl
782 3453 822 3512 2¹8,
843 3462 868 3498 n.
881 3453 938 3498 364.

384 3527 512 3597 Panion,
534 3527 596 3598 Res.
610 3535 703 3596 isne,¹
722 3531 817 3598 Bnper
835 3538 907 3585 nese.

788 3765 825 3782 ..
858 3709 1066 3800 episcopo
1094 3709 1428 3800 Argentinensi.

201 3890 227 3932 os
389 3858 551 3923 Personas
575 3859 768 3924 dilectorum
791 3860 929 3924 filiorum
953 3859 1109 3924 nobilium
1131 3859 1271 3922 virorum
1297 3910 1323 3923 ..
1348 3858 1389 3922 de
1409 3857 1601 3942 Gruningen
1625 3865 1657 3922 et
1681 3908 1709 3921 ..
1730 3857 1771 3922 de
1793 3857 1932 3922 Nucem-

281 3962 359 4026 bero
390 3963 565 4028 comitum²
593 3965 721 4028 sincera
747 3964 921 4048 diligentes
949 3964 982 4026 in
1012 3961 1152 4026 Domino
1186 3964 1337 4040 caritate,
1375 3961 1517 4028 libenter
1546 3963 1690 4048 ipsorum
1721 3961 1934 4058 petitionibus

280 4064 457 4152 benignum
485 4066 733 4132 accomodamus
763 4066 926 4146 auditum,
957 4087 1014 4130 eas
1044 4067 1200 4152 precipue
1232 4065 1272 4130 ad
1304 4065 1523 4130 exauditionis
1552 4066 1691 4152 gratiam
1722 4063 1935 4143 admittendo,

281 4188 344 4253 que
366 4170 512 4257 ipsorum
535 4170 692 4236 honorem
717 4171 906 4257 specialiter
929 4171 1092 4256 respicere
1110 4169 1333 4234 dinoscuntur.
1371 4168 1459 4234 Hinc
1476 4177 1536 4248 est,
1560 4167 1647 4254 quod
1663 4189 1733 4247 nos,
1757 4166 1934 4233 eorundem

282 4273 579 4358 supplicationibus
607 4274 766 4353 inclinati,
798 4271 1004 4352 mandamus,
1039 4274 1192 4358 quatinus
1220 4271 1341 4337 dilecte
1370 4271 1435 4336 filio
1460 4270 1603 4336 Henrioo
1630 4269 1672 4335 de
1693 4270 1934 4355 Vinstingen⁰³

200 4407 228 4446 ³0
283 4377 438 4442 canonico
468 4377 717 4464 Argentinensi,
753 4399 864 4442 eorum
894 4377 1152 4460 consanguineo,
1189 4375 1230 4440 de
1259 4376 1369 4459 aliqua
1402 4373 1563 4458 dignitate
1597 4375 1629 4436 in
1661 4374 1801 4438 ecclesia
1831 4369 1934 4438 sancti

281 4477 481 4544 Arnualis‘¹4
503 4481 663 4546 Metensis
691 4481 846 4561 diocesis,
876 4503 948 4544 eum
979 4501 1051 4544 earu
1082 4479 1127 4543 ibi
1152 4501 1270 4542 siccare
1299 4477 1483 4563 contigerit,
1517 4499 1614 4564 quam
1643 4477 1729 4542 idem
1758 4479 1934 4542 canonicus

281 4581 412 4648 duxerit
428 4586 673 4670 acceptandam,
697 4587 891 4649 auctoritate
908 4591 1020 4648 nestra
1035 4582 1208 4670 provideas
1226 4583 1277 4647 vel
1295 4583 1395 4646 facias
1413 4581 1628 4668 provideri-
1646 4582 1934 4647 nonobstantibus
2012 4613 2014 4620 ¹

282 4686 369 4772 quod
393 4687 480 4752 idem
501 4689 583 4754 alias
607 4675 822 4754 beneficiatus
847 4689 969 4766 existit,
993 4709 1051 4752 seu
1073 4688 1098 4750 si
1123 4688 1155 4750 in
1179 4687 1251 4773 ipsa
1267 4687 1408 4750 ecclesia
1424 4707 1482 4772 pro
1500 4686 1573 4749 aliis
1590 4697 1668 4750 nos⁰
1685 4688 1737 4750 vel
1754 4687 1934 4773 apostolice

282 4788 369 4853 sedis
393 4791 493 4875 legati
517 4793 697 4856 direximus
728 4792 849 4878 scripta
876 4798 1002 4866 nostra,
1032 4791 1149 4877 quibus
1176 4788 1283 4875 quoad
1314 4789 1555 4853 assecutionem
1588 4787 1757 4872 dignitatis
1786 4787 1963 4854 eiusdem·

200 5071 228 5110 ³5
386 5053 410 5117 ⁸)
436 5063 505 5121 pent.
527 5072 568 5104 ιιυ.
592 5054 659 5105 deest
679 5059 698 5102 l.
821 5050 845 5115 b)
867 5068 927 5103 curn
949 5071 1008 5116 eam,
1024 5052 1054 5102 n.
1175 5057 1198 5114 ὓ)
1212 5029 1332 5116 Vinsting
1350 5049 1382 5100 ll.
1497 5047 1522 5110 11)
1546 5051 1664 5101 Masalia
1683 5050 1716 5100 B.
1819 5050 1855 5133 ¹⁰)
1877 5051 1934 5102 aliia

281 5141 308 5190 in
324 5139 328 5204 Ι
344 5157 390 5190 nos
409 5141 455 5202 R.;
472 5141 499 5191 in
516 5141 601 5191 aritine
614 5141 787 5206 paropamenos.

387 5277 413 5341 l)
433 5275 492 5328 lein
509 5276 558 5328 aab
571 5275 634 5329 Iaca.
648 5283 680 5329 23
697 5273 789 5327 eiectans
806 5273 944 5341 scripserat
959 5290 985 5326 aa
996 5273 1149 5339 *inllibnisaa
1167 5291 1202 5326 ne
1216 5273 1244 5324 in
1256 5271 1359 5324 ccclesia
1370 5271 1402 5325 dc
1417 5269 1531 5337 aseer,
1545 5270 1681 5338 ‘pacincis
1693 5270 1935 5338 irascensprcprios

281 5359 398 5414 drtxisact
410 5361 617 5428 comdendem’,
636 5361 685 5414 loci
696 5359 861 5425 diocesanos,
878 5358 1081 5428 arclaiprcsbytrr
1093 5359 1131 5412 erl
1141 5358 1257 5411 dnonas
1269 5357 1413 5425 quicquam
1424 5362 1519 5410 conec
1530 5372 1625 5410 annea
1636 5355 1743 5410 widem
1754 5357 1935 5422 instituerent;

280 5453 444 5502 macerarer
457 5447 626 5516 praepositus
644 5445 821 5510 Basilisene·
838 5445 887 5498 snb
905 5445 965 5500 Ian.
979 5453 1009 5500 31
1028 5443 1123 5499 eaden
1141 5443 1261 5512 indulsit,
1280 5459 1313 5496 ne
1329 5444 1406 5496 nltca
1423 5441 1494 5496 duas
1512 5443 1595 5496 dieas
1612 5460 1630 5494 o
1648 5442 1805 5496 rrwrnrsterio
1821 5459 1935 5511 suaper

199 5555 227 5593 so
282 5535 381 5589 labeas
398 5536 556 5604 apostoliens
573 5537 612 5589 rel
628 5537 772 5604 tennemonn
789 5550 869 5602 snper
886 5535 969 5602 beate,
987 5551 1056 5602 aisne
1074 5535 1149 5600 infra
1167 5551 1211 5588 eoa
1228 5532 1357 5599 uberat,
1376 5532 1408 5584 in
1424 5547 1534 5584 miramo
1551 5529 1623 5582 trabi
1636 5534 1755 5596 poesent;
1771 5533 1936 5582 amaseam

277 5623 447 5690 praepositae
469 5622 499 5676 dc
519 5623 588 5676 Ruti
606 5623 653 5691 [cf.
672 5640 699 5677 n.
717 5623 796 5691 644];
820 5621 918 5690 Berper
935 5629 1002 5676 4347
1019 5627 1042 5674 ct
1059 5627 1143 5687 434&
1168 5620 1296 5688 Pottliast,
1324 5619 1387 5688 Rae.
1405 5624 1486 5674 13538
1502 5622 1526 5670 ct
1546 5623 1632 5671 13539.
1728 5617 1756 5682 2)
1776 5615 1818 5682 Of.
1836 5633 1864 5669 n.
1878 5622 1936 5671 643.

280 5709 308 5775 3)
327 5705 366 5776 Os.
384 5725 411 5763 n.
426 5716 484 5764 640.
573 5711 601 5778 4)
620 5708 732 5765 Aranal
745 5723 828 5777 worn
848 5705 1041 5776 saarbrucken,
1057 5707 1094 5760 ad
1113 5706 1186 5761 Soer
1203 5711 1230 5775 1.
