<?xml version="1.0" encoding="UTF-8"?>
<!DOCTYPE html PUBLIC "-//W3C//DTD XHTML 1.0 Transitional//EN"
    "http://www.w3.org/TR/xhtml1/DTD/xhtml1-transitional.dtd">
<html xmlns="http://www.w3.org/1999/xhtml" xml:lang="en" lang="en">
 <head>
  <title>
</title>
<meta http-equiv="Content-Type" content="text/html;charset=utf-8" />
  <meta name='ocr-system' content='tesseract 3.04.00' />
  <meta name='ocr-capabilities' content='ocr_page ocr_carea ocr_par ocr_line ocrx_word'/>
</head>
<body>
  <div class='ocr_page' id='page_1' title='image "./monumentagerman00popegoog_0217.png"; bbox 0 0 4328 6232; ppageno 0'>
   <div class='ocr_carea' id='block_1_1' title="bbox 754 350 1296 408">
    <p class='ocr_par' dir='ltr' id='par_1_1' title="bbox 754 350 1296 408">
     <span class='ocr_line' id='line_1_1' title="bbox 754 350 1296 408; baseline 0 -2"><span class='ocrx_word' id='word_1_1' title='bbox 754 352 802 406; x_wconf 80' lang='lat' dir='ltr'>EX</span> <span class='ocrx_word' id='word_1_2' title='bbox 821 351 1039 408; x_wconf 81' lang='lat' dir='ltr'>lNNOCENTlI</span> <span class='ocrx_word' id='word_1_3' title='bbox 1058 351 1096 404; x_wconf 92' lang='lat' dir='ltr'>1v</span> <span class='ocrx_word' id='word_1_4' title='bbox 1115 350 1296 406; x_wconf 79' lang='lat' dir='ltr'>REGIS&#39;I&#39;RO</span> 
     </span>
    </p>
   </div>
   <div class='ocr_carea' id='block_1_2' title="bbox 983 634 1070 709">
    <p class='ocr_par' dir='ltr' id='par_1_2' title="bbox 983 634 1070 709">
     <span class='ocr_line' id='line_1_2' title="bbox 983 634 1070 709; baseline 0.011 -1"><span class='ocrx_word' id='word_1_5' title='bbox 983 634 1070 709; x_wconf 59' lang='lat'>257.</span> 
     </span>
    </p>
   </div>
   <div class='ocr_carea' id='block_1_3' title="bbox 198 741 1864 1068">
    <p class='ocr_par' dir='ltr' id='par_1_3' title="bbox 198 741 1864 1068">
     <span class='ocr_line' id='line_1_3' title="bbox 304 741 1864 860; baseline -0.003 -20"><span class='ocrx_word' id='word_1_6' title='bbox 304 741 521 842; x_wconf 72' lang='lat' dir='ltr'>[retrocentius</span> <span class='ocrx_word' id='word_1_7' title='bbox 542 778 563 841; x_wconf 89' lang='lat' dir='ltr'>l</span> <span class='ocrx_word' id='word_1_8' title='bbox 570 775 599 840; x_wconf 89' lang='lat' dir='ltr'><em>V</em></span> <span class='ocrx_word' id='word_1_9' title='bbox 616 797 707 859; x_wconf 81' lang='lat' dir='ltr'>papo</span> <span class='ocrx_word' id='word_1_10' title='bbox 729 774 914 860; x_wconf 82' lang='lat' dir='ltr'>[Ludowico</span> <span class='ocrx_word' id='word_1_11' title='bbox 936 774 1008 858; x_wconf 85' lang='lat' dir='ltr'>IX]</span> <span class='ocrx_word' id='word_1_12' title='bbox 1037 777 1104 858; x_wconf 76' lang='lat' dir='ltr'>copi</span> <span class='ocrx_word' id='word_1_13' title='bbox 1131 776 1305 853; x_wconf 76' lang='lat' dir='ltr'>Francius,</span> <span class='ocrx_word' id='word_1_14' title='bbox 1334 776 1378 841; x_wconf 85' lang='lat' dir='ltr'>ud</span> <span class='ocrx_word' id='word_1_15' title='bbox 1398 797 1509 858; x_wconf 82' lang='lat' dir='ltr'>pacem</span> <span class='ocrx_word' id='word_1_16' title='bbox 1535 776 1620 839; x_wconf 74' lang='lat' dir='ltr'>freter</span> <span class='ocrx_word' id='word_1_17' title='bbox 1647 775 1811 839; x_wconf 79' lang='lat' dir='ltr'>ecclesium</span> <span class='ocrx_word' id='word_1_18' title='bbox 1834 776 1864 836; x_wconf 86' lang='lat' dir='ltr'>cf</span> 
     </span>
     <span class='ocr_line' id='line_1_4' title="bbox 198 877 1864 964; baseline -0.004 -19"><span class='ocrx_word' id='word_1_19' title='bbox 198 881 399 945; x_wconf 70' lang='lat' dir='ltr'>Frulertcum</span> <span class='ocrx_word' id='word_1_20' title='bbox 420 881 577 962; x_wconf 78' lang='lat' dir='ltr'>quondum</span> <span class='ocrx_word' id='word_1_21' title='bbox 599 881 816 960; x_wconf 69' lang='lat' dir='ltr'>desperatores</span> <span class='ocrx_word' id='word_1_22' title='bbox 838 878 1076 964; x_wconf 76' lang='lat' dir='ltr'><em>reformandam</em></span> <span class='ocrx_word' id='word_1_23' title='bbox 1092 884 1204 961; x_wconf 79' lang='lat' dir='ltr'>portes</span> <span class='ocrx_word' id='word_1_24' title='bbox 1226 900 1302 944; x_wconf 84' lang='lat' dir='ltr'>suas</span> <span class='ocrx_word' id='word_1_25' title='bbox 1324 881 1521 964; x_wconf 70' lang='lat' dir='ltr'>interpretem</span> <span class='ocrx_word' id='word_1_26' title='bbox 1534 883 1662 963; x_wconf 81' lang='lat' dir='ltr'>parato,</span> <span class='ocrx_word' id='word_1_27' title='bbox 1685 877 1864 958; x_wconf 77' lang='lat' dir='ltr'>respondet,</span> 
     </span>
     <span class='ocr_line' id='line_1_5' title="bbox 199 981 1864 1068; baseline -0.003 -20"><span class='ocrx_word' id='word_1_28' title='bbox 199 1005 244 1062; x_wconf 83' lang='lat' dir='ltr'>sc,</span> <span class='ocrx_word' id='word_1_29' title='bbox 276 985 345 1050; x_wconf 80' lang='lat' dir='ltr'>licet</span> <span class='ocrx_word' id='word_1_30' title='bbox 368 986 403 1048; x_wconf 82' lang='lat' dir='ltr'>in</span> <span class='ocrx_word' id='word_1_31' title='bbox 425 989 562 1049; x_wconf 83' lang='lat' dir='ltr'>tractatu</span> <span class='ocrx_word' id='word_1_32' title='bbox 579 986 731 1068; x_wconf 78' lang='lat' dir='ltr'>proficere</span> <span class='ocrx_word' id='word_1_33' title='bbox 753 1005 784 1049; x_wconf 85' lang='lat' dir='ltr'>se</span> <span class='ocrx_word' id='word_1_34' title='bbox 801 1001 894 1064; x_wconf 77' lang='lat' dir='ltr'>posse</span> <span class='ocrx_word' id='word_1_35' title='bbox 915 1003 980 1046; x_wconf 82' lang='lat' dir='ltr'>oon</span> <span class='ocrx_word' id='word_1_36' title='bbox 1002 989 1116 1066; x_wconf 82' lang='lat' dir='ltr'>speret,</span> <span class='ocrx_word' id='word_1_37' title='bbox 1143 988 1259 1061; x_wconf 73' lang='lat' dir='ltr'>mosen,</span> <span class='ocrx_word' id='word_1_38' title='bbox 1289 1004 1359 1049; x_wconf 73' lang='lat' dir='ltr'>creos</span> <span class='ocrx_word' id='word_1_39' title='bbox 1381 983 1518 1048; x_wconf 80' lang='lat' dir='ltr'>eiusdem</span> <span class='ocrx_word' id='word_1_40' title='bbox 1539 982 1703 1047; x_wconf 76' lang='lat' dir='ltr'>Frtdort‘ei</span> <span class='ocrx_word' id='word_1_41' title='bbox 1725 981 1864 1046; x_wconf 81' lang='lat' dir='ltr'>satutem</span> 
     </span>
    </p>
   </div>
   <div class='ocr_carea' id='block_1_4' title="bbox 198 1085 1770 1265">
    <p class='ocr_par' dir='ltr' id='par_1_4' title="bbox 198 1085 1770 1265">
     <span class='ocr_line' id='line_1_6' title="bbox 198 1085 1610 1171; baseline -0.001 -21"><span class='ocrx_word' id='word_1_42' title='bbox 198 1092 334 1168; x_wconf 77' lang='lat' dir='ltr'>oppetat,</span> <span class='ocrx_word' id='word_1_43' title='bbox 357 1107 426 1152; x_wconf 86' lang='lat' dir='ltr'>cum</span> <span class='ocrx_word' id='word_1_44' title='bbox 448 1089 583 1168; x_wconf 79' lang='lat' dir='ltr'>recipcre</span> <span class='ocrx_word' id='word_1_45' title='bbox 604 1086 791 1165; x_wconf 83' lang='lat' dir='ltr'>desiderare,</span> <span class='ocrx_word' id='word_1_46' title='bbox 814 1089 843 1150; x_wconf 80' lang='lat' dir='ltr'>st</span> <span class='ocrx_word' id='word_1_47' title='bbox 860 1085 979 1171; x_wconf 84' lang='lat' dir='ltr'>forsan</span> <span class='ocrx_word' id='word_1_48' title='bbox 1000 1086 1217 1152; x_wconf 72' lang='lat' dir='ltr'>solenitatem</span> <span class='ocrx_word' id='word_1_49' title='bbox 1239 1087 1382 1152; x_wconf 68' lang='lat' dir='ltr'>coelestes</span> <span class='ocrx_word' id='word_1_50' title='bbox 1404 1086 1506 1150; x_wconf 82' lang='lat' dir='ltr'>redire</span> <span class='ocrx_word' id='word_1_51' title='bbox 1528 1086 1610 1150; x_wconf 83' lang='lat' dir='ltr'>velit.</span> 
     </span>
     <span class='ocr_line' id='line_1_7' title="bbox 1524 1187 1770 1265; baseline 0.004 -12"><span class='ocrx_word' id='word_1_52' title='bbox 1524 1191 1618 1265; x_wconf 73' lang='lat'>1246,</span> <span class='ocrx_word' id='word_1_53' title='bbox 1641 1187 1721 1252; x_wconf 87' lang='lat' dir='ltr'>Noc.</span> <span class='ocrx_word' id='word_1_54' title='bbox 1739 1190 1770 1254; x_wconf 85' lang='lat'>5.</span> 
     </span>
    </p>
   </div>
   <div class='ocr_carea' id='block_1_5' title="bbox 303 1291 1648 1447">
    <p class='ocr_par' dir='ltr' id='par_1_5' title="bbox 303 1291 1648 1447">
     <span class='ocr_line' id='line_1_8' title="bbox 303 1291 1648 1362; baseline 0.001 -17"><span class='ocrx_word' id='word_1_55' title='bbox 303 1293 365 1345; x_wconf 78' lang='lat' dir='ltr'>Ion.</span> <span class='ocrx_word' id='word_1_56' title='bbox 379 1293 424 1346; x_wconf 89' lang='lat' dir='ltr'>IV</span> <span class='ocrx_word' id='word_1_57' title='bbox 442 1292 507 1361; x_wconf 77' lang='lat' dir='ltr'>ch.</span> <span class='ocrx_word' id='word_1_58' title='bbox 523 1292 576 1345; x_wconf 88' lang='lat' dir='ltr'>Vol.</span> <span class='ocrx_word' id='word_1_59' title='bbox 591 1292 613 1358; x_wconf 90' lang='lat' dir='ltr'>I,</span> <span class='ocrx_word' id='word_1_60' title='bbox 626 1301 687 1357; x_wconf 68' lang='lat'>4193</span> <span class='ocrx_word' id='word_1_61' title='bbox 709 1291 768 1344; x_wconf 84' lang='lat' dir='ltr'>Lib.</span> <span class='ocrx_word' id='word_1_62' title='bbox 782 1292 802 1344; x_wconf 94' lang='lat' dir='ltr'><em>I</em></span> <span class='ocrx_word' id='word_1_63' title='bbox 804 1292 833 1359; x_wconf 88' lang='lat' dir='ltr'>V,</span> <span class='ocrx_word' id='word_1_64' title='bbox 844 1309 899 1345; x_wconf 77' lang='lat' dir='ltr'>cur.</span> <span class='ocrx_word' id='word_1_65' title='bbox 913 1300 952 1347; x_wconf 81' lang='lat'>32.</span> <span class='ocrx_word' id='word_1_66' title='bbox 990 1291 1097 1345; x_wconf 83' lang='lat' dir='ltr'>Domus</span> <span class='ocrx_word' id='word_1_67' title='bbox 1114 1307 1147 1345; x_wconf 79' lang='lat' dir='ltr'>ca</span> <span class='ocrx_word' id='word_1_68' title='bbox 1166 1292 1257 1362; x_wconf 70' lang='lat' dir='ltr'>Rapo.</span> <span class='ocrx_word' id='word_1_69' title='bbox 1277 1293 1351 1347; x_wconf 78' lang='lat' dir='ltr'>Amr.</span> <span class='ocrx_word' id='word_1_70' title='bbox 1371 1292 1428 1346; x_wconf 81' lang='lat' dir='ltr'>eccl.</span> <span class='ocrx_word' id='word_1_71' title='bbox 1448 1294 1589 1357; x_wconf 68' lang='lat' dir='ltr'><strong><em>a1246‚§</em></strong></span> <span class='ocrx_word' id='word_1_72' title='bbox 1607 1297 1648 1347; x_wconf 79' lang='lat'>25.</span> 
     </span>
     <span class='ocr_line' id='line_1_9' title="bbox 304 1378 830 1447; baseline 0.002 -16"><span class='ocrx_word' id='word_1_73' title='bbox 304 1378 435 1445; x_wconf 85' lang='lat' dir='ltr'>Pottbcst,</span> <span class='ocrx_word' id='word_1_74' title='bbox 457 1378 520 1447; x_wconf 68' lang='grc' dir='ltr'>Περ.</span> <span class='ocrx_word' id='word_1_75' title='bbox 536 1385 626 1441; x_wconf 69' lang='lat'>12341,·</span> <span class='ocrx_word' id='word_1_76' title='bbox 644 1379 743 1447; x_wconf 77' lang='lat' dir='ltr'>Berper</span> <span class='ocrx_word' id='word_1_77' title='bbox 755 1383 830 1433; x_wconf 79' lang='lat'><em>2948.</em></span> 
     </span>
    </p>
   </div>
   <div class='ocr_carea' id='block_1_6' title="bbox 715 1574 1335 1666">
    <p class='ocr_par' dir='ltr' id='par_1_6' title="bbox 715 1574 1335 1666">
     <span class='ocr_line' id='line_1_10' title="bbox 715 1574 1335 1666; baseline 0.005 -19"><span class='ocrx_word' id='word_1_78' title='bbox 715 1631 754 1647; x_wconf 89' lang='lat'>..</span> <span class='ocrx_word' id='word_1_79' title='bbox 782 1574 881 1666; x_wconf 86' lang='lat' dir='ltr'>regi</span> <span class='ocrx_word' id='word_1_80' title='bbox 909 1574 1109 1649; x_wconf 79' lang='lat' dir='ltr'>Francis</span> <span class='ocrx_word' id='word_1_81' title='bbox 1136 1575 1335 1651; x_wconf 83' lang='lat' dir='ltr'><strong>illustri.</strong></span> 
     </span>
    </p>
   </div>
   <div class='ocr_carea' id='block_1_7' title="bbox 123 1722 1893 4191">
    <p class='ocr_par' dir='ltr' id='par_1_7' title="bbox 123 1722 1893 4191">
     <span class='ocr_line' id='line_1_11' title="bbox 302 1722 1856 1810; baseline 0 -21"><span class='ocrx_word' id='word_1_82' title='bbox 302 1726 394 1790; x_wconf 91' lang='lat' dir='ltr'>Illius</span> <span class='ocrx_word' id='word_1_83' title='bbox 411 1726 596 1790; x_wconf 83' lang='lat' dir='ltr'>devotionis</span> <span class='ocrx_word' id='word_1_84' title='bbox 614 1724 730 1789; x_wconf 90' lang='lat' dir='ltr'>ardore</span> <span class='ocrx_word' id='word_1_85' title='bbox 755 1725 983 1808; x_wconf 82' lang='lat' dir='ltr'>progenitores</span> <span class='ocrx_word' id='word_1_86' title='bbox 1007 1726 1055 1788; x_wconf 92' lang='lat' dir='ltr'>tui</span> <span class='ocrx_word' id='word_1_87' title='bbox 1079 1746 1159 1809; x_wconf 88' lang='lat' dir='ltr'>erga</span> <span class='ocrx_word' id='word_1_88' title='bbox 1175 1726 1349 1790; x_wconf 90' lang='lat' dir='ltr'>ecclesiam</span> <span class='ocrx_word' id='word_1_89' title='bbox 1364 1725 1524 1792; x_wconf 81' lang='lat' dir='ltr'>ferbuisse</span> <span class='ocrx_word' id='word_1_90' title='bbox 1545 1733 1733 1805; x_wconf 86' lang='lat' dir='ltr'>noscuntur,</span> <span class='ocrx_word' id='word_1_91' title='bbox 1758 1722 1856 1810; x_wconf 77' lang='lat' dir='ltr'>quod,</span> 
     </span>
     <span class='ocr_line' id='line_1_12' title="bbox 199 1827 1854 1915; baseline -0.001 -22"><span class='ocrx_word' id='word_1_92' title='bbox 199 1830 283 1894; x_wconf 88' lang='lat' dir='ltr'>inter</span> <span class='ocrx_word' id='word_1_93' title='bbox 313 1837 438 1894; x_wconf 90' lang='lat' dir='ltr'>ceteros</span> <span class='ocrx_word' id='word_1_94' title='bbox 469 1830 556 1893; x_wconf 89' lang='lat' dir='ltr'>orbis</span> <span class='ocrx_word' id='word_1_95' title='bbox 585 1828 749 1915; x_wconf 86' lang='lat' dir='ltr'>principes</span> <span class='ocrx_word' id='word_1_96' title='bbox 782 1827 885 1912; x_wconf 90' lang='lat' dir='ltr'>ipsius</span> <span class='ocrx_word' id='word_1_97' title='bbox 909 1828 1051 1892; x_wconf 76' lang='lat' dir='ltr'>ecclesie</span> <span class='ocrx_word' id='word_1_98' title='bbox 1075 1828 1268 1894; x_wconf 88' lang='lat' dir='ltr'>defensores</span> <span class='ocrx_word' id='word_1_99' title='bbox 1292 1830 1455 1915; x_wconf 76' lang='lat' dir='ltr'>precipui,</span> <span class='ocrx_word' id='word_1_100' title='bbox 1485 1830 1670 1894; x_wconf 80' lang='lat' dir='ltr'>libertatern</span> <span class='ocrx_word' id='word_1_101' title='bbox 1695 1829 1768 1892; x_wconf 90' lang='lat' dir='ltr'>eius</span> <span class='ocrx_word' id='word_1_102' title='bbox 1791 1849 1854 1893; x_wconf 90' lang='lat' dir='ltr'>non</span> 
     </span>
     <span class='ocr_line' id='line_1_13' title="bbox 199 1928 1855 2018; baseline -0.001 -21"><span class='ocrx_word' id='word_1_103' title='bbox 199 1933 303 1997; x_wconf 91' lang='lat' dir='ltr'>solum</span> <span class='ocrx_word' id='word_1_104' title='bbox 322 1953 528 2012; x_wconf 82' lang='lat' dir='ltr'>conservare,</span> <span class='ocrx_word' id='word_1_105' title='bbox 552 1932 610 1997; x_wconf 90' lang='lat' dir='ltr'>sed</span> <span class='ocrx_word' id='word_1_106' title='bbox 627 1953 748 2017; x_wconf 84' lang='lat' dir='ltr'>sugere</span> <span class='ocrx_word' id='word_1_107' title='bbox 766 1931 992 2016; x_wconf 89' lang='lat' dir='ltr'>multipliciter</span> <span class='ocrx_word' id='word_1_108' title='bbox 1009 1931 1215 1997; x_wconf 90' lang='lat' dir='ltr'>studuerunt.</span> <span class='ocrx_word' id='word_1_109' title='bbox 1263 1931 1372 2018; x_wconf 81' lang='lat' dir='ltr'>Super</span> <span class='ocrx_word' id='word_1_110' title='bbox 1386 1953 1425 1997; x_wconf 93' lang='lat' dir='ltr'>eo</span> <span class='ocrx_word' id='word_1_111' title='bbox 1440 1932 1550 2017; x_wconf 89' lang='lat' dir='ltr'>igitur,</span> <span class='ocrx_word' id='word_1_112' title='bbox 1574 1931 1659 2017; x_wconf 90' lang='lat' dir='ltr'>quod</span> <span class='ocrx_word' id='word_1_113' title='bbox 1676 1938 1713 1995; x_wconf 91' lang='lat' dir='ltr'>tu</span> <span class='ocrx_word' id='word_1_114' title='bbox 1729 1928 1855 1996; x_wconf 88' lang='lat' dir='ltr'>eisdem</span> 
     </span>
     <span class='ocr_line' id='line_1_14' title="bbox 199 2033 1854 2124; baseline -0.001 -24"><span class='ocrx_word' id='word_1_115' title='bbox 199 2036 463 2121; x_wconf 79' lang='lat' dir='ltr'>progenitoribus</span> <span class='ocrx_word' id='word_1_116' title='bbox 480 2037 714 2124; x_wconf 79' lang='lat' dir='ltr'>propagatione</span> <span class='ocrx_word' id='word_1_117' title='bbox 730 2035 901 2119; x_wconf 80' lang='lat' dir='ltr'>sanguinis</span> <span class='ocrx_word' id='word_1_118' title='bbox 912 2042 945 2100; x_wconf 91' lang='lat' dir='ltr'>et</span> <span class='ocrx_word' id='word_1_119' title='bbox 957 2035 1142 2100; x_wconf 87' lang='lat' dir='ltr'>devotionis</span> <span class='ocrx_word' id='word_1_120' title='bbox 1158 2036 1339 2102; x_wconf 76' lang='lat' dir='ltr'>imitatione</span> <span class='ocrx_word' id='word_1_121' title='bbox 1357 2035 1536 2101; x_wconf 80' lang='lat' dir='ltr'>succedens</span> <span class='ocrx_word' id='word_1_122' title='bbox 1553 2033 1681 2120; x_wconf 86' lang='lat' dir='ltr'>prefate</span> <span class='ocrx_word' id='word_1_123' title='bbox 1697 2034 1854 2099; x_wconf 85' lang='lat' dir='ltr'>honorem</span> 
     </span>
     <span class='ocr_line' id='line_1_15' title="bbox 123 2138 1854 2232; baseline 0.003 -35"><span class='ocrx_word' id='word_1_124' title='bbox 123 2196 126 2197; x_wconf 10' lang='grc' dir='ltr'><em>γ</em></span> <span class='ocrx_word' id='word_1_125' title='bbox 199 2140 338 2204; x_wconf 87' lang='lat' dir='ltr'>ecclesie</span> <span class='ocrx_word' id='word_1_126' title='bbox 370 2141 536 2205; x_wconf 85' lang='lat' dir='ltr'>ferventer</span> <span class='ocrx_word' id='word_1_127' title='bbox 570 2147 725 2226; x_wconf 88' lang='lat' dir='ltr'>appetere</span> <span class='ocrx_word' id='word_1_128' title='bbox 761 2139 916 2222; x_wconf 85' lang='lat' dir='ltr'>illumque</span> <span class='ocrx_word' id='word_1_129' title='bbox 950 2140 1079 2203; x_wconf 90' lang='lat' dir='ltr'>solicite</span> <span class='ocrx_word' id='word_1_130' title='bbox 1114 2160 1298 2232; x_wconf 36' lang='lat' dir='ltr'>procurare·</span> <span class='ocrx_word' id='word_1_131' title='bbox 1323 2139 1431 2226; x_wconf 90' lang='lat' dir='ltr'>operis</span> <span class='ocrx_word' id='word_1_132' title='bbox 1461 2139 1663 2204; x_wconf 85' lang='lat' dir='ltr'>exhibitione</span> <span class='ocrx_word' id='word_1_133' title='bbox 1694 2138 1854 2223; x_wconf 89' lang='lat' dir='ltr'>probaris,</span> 
     </span>
     <span class='ocr_line' id='line_1_16' title="bbox 199 2240 1853 2329; baseline -0.002 -20"><span class='ocrx_word' id='word_1_134' title='bbox 199 2243 427 2309; x_wconf 87' lang='lat' dir='ltr'>celsitudinem</span> <span class='ocrx_word' id='word_1_135' title='bbox 451 2250 540 2308; x_wconf 90' lang='lat' dir='ltr'>tuam</span> <span class='ocrx_word' id='word_1_136' title='bbox 564 2242 672 2327; x_wconf 84' lang='lat' dir='ltr'>dignis</span> <span class='ocrx_word' id='word_1_137' title='bbox 696 2242 727 2305; x_wconf 91' lang='lat' dir='ltr'>in</span> <span class='ocrx_word' id='word_1_138' title='bbox 745 2240 885 2305; x_wconf 90' lang='lat' dir='ltr'>Domino</span> <span class='ocrx_word' id='word_1_139' title='bbox 910 2241 1062 2305; x_wconf 83' lang='lat' dir='ltr'>lendibus</span> <span class='ocrx_word' id='word_1_140' title='bbox 1086 2242 1274 2319; x_wconf 83' lang='lat' dir='ltr'>efferentes,</span> <span class='ocrx_word' id='word_1_141' title='bbox 1298 2244 1476 2328; x_wconf 79' lang='lat' dir='ltr'>gratiarum</span> <span class='ocrx_word' id='word_1_142' title='bbox 1500 2242 1560 2307; x_wconf 92' lang='lat' dir='ltr'>tibi</span> <span class='ocrx_word' id='word_1_143' title='bbox 1575 2264 1657 2329; x_wconf 90' lang='lat' dir='ltr'>quas</span> <span class='ocrx_word' id='word_1_144' title='bbox 1681 2263 1853 2328; x_wconf 90' lang='lat' dir='ltr'>possumus</span> 
     </span>
     <span class='ocr_line' id='line_1_17' title="bbox 199 2345 1852 2432; baseline -0.001 -21"><span class='ocrx_word' id='word_1_145' title='bbox 199 2348 344 2412; x_wconf 85' lang='lat' dir='ltr'>actiones</span> <span class='ocrx_word' id='word_1_146' title='bbox 368 2347 550 2411; x_wconf 83' lang='lat' dir='ltr'>referimus.</span> <span class='ocrx_word' id='word_1_147' title='bbox 597 2345 682 2411; x_wconf 83' lang='lat' dir='ltr'>Sane</span> <span class='ocrx_word' id='word_1_148' title='bbox 699 2345 898 2409; x_wconf 84' lang='lat' dir='ltr'>venerabilis</span> <span class='ocrx_word' id='word_1_149' title='bbox 923 2346 1023 2409; x_wconf 83' lang='lat' dir='ltr'>freter</span> <span class='ocrx_word' id='word_1_150' title='bbox 1040 2352 1152 2411; x_wconf 89' lang='lat' dir='ltr'>noster</span> <span class='ocrx_word' id='word_1_151' title='bbox 1168 2347 1341 2432; x_wconf 89' lang='lat' dir='ltr'>episcopus</span> <span class='ocrx_word' id='word_1_152' title='bbox 1359 2346 1634 2412; x_wconf 74' lang='lat' dir='ltr'>Silvanectensisl</span> <span class='ocrx_word' id='word_1_153' title='bbox 1658 2353 1692 2411; x_wconf 91' lang='lat' dir='ltr'>et</span> <span class='ocrx_word' id='word_1_154' title='bbox 1714 2346 1852 2411; x_wconf 83' lang='lat' dir='ltr'>dilectus</span> 
     </span>
     <span class='ocr_line' id='line_1_18' title="bbox 199 2446 1854 2536; baseline -0.001 -22"><span class='ocrx_word' id='word_1_155' title='bbox 199 2451 282 2515; x_wconf 89' lang='lat' dir='ltr'>filius</span> <span class='ocrx_word' id='word_1_156' title='bbox 305 2449 346 2516; x_wconf 87' lang='lat' dir='ltr'>G.</span> <span class='ocrx_word' id='word_1_157' title='bbox 370 2456 480 2515; x_wconf 87' lang='lat' dir='ltr'>custos</span> <span class='ocrx_word' id='word_1_158' title='bbox 503 2449 711 2524; x_wconf 83' lang='lat' dir='ltr'>Baiocensis,</span> <span class='ocrx_word' id='word_1_159' title='bbox 740 2449 785 2511; x_wconf 91' lang='lat' dir='ltr'>tui</span> <span class='ocrx_word' id='word_1_160' title='bbox 809 2449 931 2524; x_wconf 88' lang='lat' dir='ltr'>nuntii,</span> <span class='ocrx_word' id='word_1_161' title='bbox 962 2463 1043 2532; x_wconf 93' lang='lat' dir='ltr'>quos</span> <span class='ocrx_word' id='word_1_162' title='bbox 1069 2469 1174 2534; x_wconf 88' lang='lat' dir='ltr'>nuper</span> <span class='ocrx_word' id='word_1_163' title='bbox 1201 2449 1242 2514; x_wconf 86' lang='lat' dir='ltr'>nd</span> <span class='ocrx_word' id='word_1_164' title='bbox 1274 2456 1417 2514; x_wconf 83' lang='lat' dir='ltr'>nostram</span> <span class='ocrx_word' id='word_1_165' title='bbox 1445 2449 1644 2536; x_wconf 78' lang='lat' dir='ltr'>presentium</span> <span class='ocrx_word' id='word_1_166' title='bbox 1675 2446 1854 2528; x_wconf 81' lang='lat' dir='ltr'>destinasti,</span> 
     </span>
     <span class='ocr_line' id='line_1_19' title="bbox 198 2550 1853 2638; baseline -0.001 -20"><span class='ocrx_word' id='word_1_167' title='bbox 198 2555 284 2619; x_wconf 89' lang='lat' dir='ltr'>inter</span> <span class='ocrx_word' id='word_1_168' title='bbox 307 2554 373 2617; x_wconf 86' lang='lat' dir='ltr'>alin</span> <span class='ocrx_word' id='word_1_169' title='bbox 396 2556 491 2619; x_wconf 91' lang='lat' dir='ltr'>nobis</span> <span class='ocrx_word' id='word_1_170' title='bbox 515 2577 557 2617; x_wconf 83' lang='lat' dir='ltr'>ex</span> <span class='ocrx_word' id='word_1_171' title='bbox 580 2560 674 2638; x_wconf 89' lang='lat' dir='ltr'>parte</span> <span class='ocrx_word' id='word_1_172' title='bbox 692 2561 747 2615; x_wconf 89' lang='lat' dir='ltr'>tua</span> <span class='ocrx_word' id='word_1_173' title='bbox 770 2573 955 2637; x_wconf 90' lang='lat' dir='ltr'>proponere</span> <span class='ocrx_word' id='word_1_174' title='bbox 973 2559 1179 2630; x_wconf 82' lang='lat' dir='ltr'>curaverunt,</span> <span class='ocrx_word' id='word_1_175' title='bbox 1203 2552 1290 2638; x_wconf 90' lang='lat' dir='ltr'>quod</span> <span class='ocrx_word' id='word_1_176' title='bbox 1306 2554 1391 2617; x_wconf 92' lang='lat' dir='ltr'>inter</span> <span class='ocrx_word' id='word_1_177' title='bbox 1407 2552 1582 2618; x_wconf 86' lang='lat' dir='ltr'>eeclesiam</span> <span class='ocrx_word' id='word_1_178' title='bbox 1605 2550 1853 2617; x_wconf 74' lang='lat' dir='ltr'>etFridemcum</span> 
     </span>
     <span class='ocr_line' id='line_1_20' title="bbox 199 2655 1853 2743; baseline -0.001 -22"><span class='ocrx_word' id='word_1_179' title='bbox 199 2658 362 2743; x_wconf 84' lang='lat' dir='ltr'>quondam</span> <span class='ocrx_word' id='word_1_180' title='bbox 386 2659 615 2742; x_wconf 85' lang='lat' dir='ltr'>imperatorem</span> <span class='ocrx_word' id='word_1_181' title='bbox 639 2678 752 2743; x_wconf 86' lang='lat' dir='ltr'>pscem</span> <span class='ocrx_word' id='word_1_182' title='bbox 777 2655 946 2720; x_wconf 89' lang='lat' dir='ltr'>desideras</span> <span class='ocrx_word' id='word_1_183' title='bbox 970 2655 1153 2737; x_wconf 85' lang='lat' dir='ltr'>reformari,</span> <span class='ocrx_word' id='word_1_184' title='bbox 1184 2657 1225 2721; x_wconf 90' lang='lat' dir='ltr'>sd</span> <span class='ocrx_word' id='word_1_185' title='bbox 1249 2679 1346 2743; x_wconf 82' lang='lat' dir='ltr'>quem</span> <span class='ocrx_word' id='word_1_186' title='bbox 1370 2655 1573 2722; x_wconf 87' lang='lat' dir='ltr'>tractandam</span> <span class='ocrx_word' id='word_1_187' title='bbox 1596 2663 1731 2742; x_wconf 75' lang='lat' dir='ltr'>paratus</span> <span class='ocrx_word' id='word_1_188' title='bbox 1755 2677 1790 2720; x_wconf 88' lang='lat' dir='ltr'>es</span> <span class='ocrx_word' id='word_1_189' title='bbox 1814 2655 1853 2720; x_wconf 93' lang='lat' dir='ltr'>ob</span> 
     </span>
     <span class='ocr_line' id='line_1_21' title="bbox 200 2759 1854 2844; baseline 0 -19"><span class='ocrx_word' id='word_1_190' title='bbox 200 2763 305 2825; x_wconf 89' lang='lat' dir='ltr'>zelum</span> <span class='ocrx_word' id='word_1_191' title='bbox 328 2760 393 2825; x_wconf 91' lang='lat' dir='ltr'>Dei</span> <span class='ocrx_word' id='word_1_192' title='bbox 418 2768 450 2824; x_wconf 91' lang='lat' dir='ltr'>et</span> <span class='ocrx_word' id='word_1_193' title='bbox 474 2762 690 2827; x_wconf 90' lang='lat' dir='ltr'>reverentiam</span> <span class='ocrx_word' id='word_1_194' title='bbox 715 2760 869 2836; x_wconf 87' lang='lat' dir='ltr'>ecclesie,</span> <span class='ocrx_word' id='word_1_195' title='bbox 894 2781 936 2823; x_wconf 87' lang='lat' dir='ltr'>ex</span> <span class='ocrx_word' id='word_1_196' title='bbox 959 2781 1024 2844; x_wconf 91' lang='lat' dir='ltr'>quo</span> <span class='ocrx_word' id='word_1_197' title='bbox 1048 2759 1108 2824; x_wconf 94' lang='lat' dir='ltr'>tibi</span> <span class='ocrx_word' id='word_1_198' title='bbox 1124 2766 1273 2825; x_wconf 90' lang='lat' dir='ltr'>tenemur</span> <span class='ocrx_word' id='word_1_199' title='bbox 1288 2781 1354 2825; x_wconf 90' lang='lat' dir='ltr'>nou</span> <span class='ocrx_word' id='word_1_200' title='bbox 1371 2760 1546 2840; x_wconf 85' lang='lat' dir='ltr'>modicum,</span> <span class='ocrx_word' id='word_1_201' title='bbox 1568 2761 1732 2825; x_wconf 81' lang='lat' dir='ltr'>instanter</span> <span class='ocrx_word' id='word_1_202' title='bbox 1753 2761 1854 2825; x_wconf 91' lang='lat' dir='ltr'>inter-</span> 
     </span>
     <span class='ocr_line' id='line_1_22' title="bbox 200 2863 1852 2950; baseline -0.001 -21"><span class='ocrx_word' id='word_1_203' title='bbox 200 2886 321 2950; x_wconf 87' lang='lat' dir='ltr'>ponere</span> <span class='ocrx_word' id='word_1_204' title='bbox 336 2871 447 2950; x_wconf 83' lang='lat' dir='ltr'>partes</span> <span class='ocrx_word' id='word_1_205' title='bbox 464 2871 547 2929; x_wconf 87' lang='lat' dir='ltr'>tuas.</span> <span class='ocrx_word' id='word_1_206' title='bbox 584 2865 710 2930; x_wconf 89' lang='lat' dir='ltr'>Verum</span> <span class='ocrx_word' id='word_1_207' title='bbox 726 2864 810 2927; x_wconf 90' lang='lat' dir='ltr'>scire</span> <span class='ocrx_word' id='word_1_208' title='bbox 835 2871 867 2927; x_wconf 89' lang='lat' dir='ltr'>tc</span> <span class='ocrx_word' id='word_1_209' title='bbox 885 2864 1045 2941; x_wconf 86' lang='lat' dir='ltr'>volumus,</span> <span class='ocrx_word' id='word_1_210' title='bbox 1070 2863 1155 2948; x_wconf 90' lang='lat' dir='ltr'>quod</span> <span class='ocrx_word' id='word_1_211' title='bbox 1180 2886 1239 2928; x_wconf 92' lang='lat' dir='ltr'>nos</span> <span class='ocrx_word' id='word_1_212' title='bbox 1264 2871 1298 2930; x_wconf 91' lang='lat' dir='ltr'>et</span> <span class='ocrx_word' id='word_1_213' title='bbox 1319 2864 1438 2930; x_wconf 87' lang='lat' dir='ltr'>fratres</span> <span class='ocrx_word' id='word_1_214' title='bbox 1454 2865 1556 2930; x_wconf 89' lang='lat' dir='ltr'>nostri</span> <span class='ocrx_word' id='word_1_215' title='bbox 1579 2865 1620 2929; x_wconf 86' lang='lat' dir='ltr'>sb</span> <span class='ocrx_word' id='word_1_216' title='bbox 1637 2885 1677 2930; x_wconf 91' lang='lat' dir='ltr'>eo</span> <span class='ocrx_word' id='word_1_217' title='bbox 1694 2872 1852 2950; x_wconf 88' lang='lat' dir='ltr'>tempore,</span> 
     </span>
     <span class='ocr_line' id='line_1_23' title="bbox 201 2967 1855 3054; baseline 0 -23"><span class='ocrx_word' id='word_1_218' title='bbox 201 2989 264 3054; x_wconf 91' lang='lat' dir='ltr'>quo</span> <span class='ocrx_word' id='word_1_219' title='bbox 296 2969 416 3032; x_wconf 87' lang='lat' dir='ltr'>fuimus</span> <span class='ocrx_word' id='word_1_220' title='bbox 447 2989 546 3053; x_wconf 82' lang='lat' dir='ltr'>supra</span> <span class='ocrx_word' id='word_1_221' title='bbox 572 2969 718 3052; x_wconf 91' lang='lat' dir='ltr'>regimen</span> <span class='ocrx_word' id='word_1_222' title='bbox 750 2968 944 3031; x_wconf 86' lang='lat' dir='ltr'>universalis</span> <span class='ocrx_word' id='word_1_223' title='bbox 973 2967 1116 3031; x_wconf 89' lang='lat' dir='ltr'>ecclesie</span> <span class='ocrx_word' id='word_1_224' title='bbox 1146 2969 1329 3049; x_wconf 90' lang='lat' dir='ltr'>constituti,</span> <span class='ocrx_word' id='word_1_225' title='bbox 1360 2989 1464 3054; x_wconf 87' lang='lat' dir='ltr'>usque</span> <span class='ocrx_word' id='word_1_226' title='bbox 1492 2968 1533 3033; x_wconf 89' lang='lat' dir='ltr'>ad</span> <span class='ocrx_word' id='word_1_227' title='bbox 1565 2975 1695 3054; x_wconf 90' lang='lat' dir='ltr'>tempus</span> <span class='ocrx_word' id='word_1_228' title='bbox 1727 2967 1855 3032; x_wconf 90' lang='lat' dir='ltr'>concilii</span> 
     </span>
     <span class='ocr_line' id='line_1_24' title="bbox 201 3070 1856 3159; baseline 0.002 -26"><span class='ocrx_word' id='word_1_229' title='bbox 201 3070 431 3155; x_wconf 87' lang='lat' dir='ltr'>Lugdunensis</span> <span class='ocrx_word' id='word_1_230' title='bbox 454 3078 520 3135; x_wconf 94' lang='lat' dir='ltr'>toto</span> <span class='ocrx_word' id='word_1_231' title='bbox 550 3073 680 3157; x_wconf 90' lang='lat' dir='ltr'>ingenio</span> <span class='ocrx_word' id='word_1_232' title='bbox 705 3078 837 3156; x_wconf 87' lang='lat' dir='ltr'>totaque</span> <span class='ocrx_word' id='word_1_233' title='bbox 862 3071 1080 3135; x_wconf 90' lang='lat' dir='ltr'>sollicitudine</span> <span class='ocrx_word' id='word_1_234' title='bbox 1105 3072 1264 3137; x_wconf 77' lang='lat' dir='ltr'>instantes</span> <span class='ocrx_word' id='word_1_235' title='bbox 1287 3083 1471 3159; x_wconf 90' lang='lat' dir='ltr'>opportune</span> <span class='ocrx_word' id='word_1_236' title='bbox 1495 3095 1533 3138; x_wconf 86' lang='lat' dir='ltr'>sc</span> <span class='ocrx_word' id='word_1_237' title='bbox 1555 3074 1742 3158; x_wconf 88' lang='lat' dir='ltr'>importune</span> <span class='ocrx_word' id='word_1_238' title='bbox 1764 3072 1856 3136; x_wconf 88' lang='lat' dir='ltr'>labo·</span> 
     </span>
     <span class='ocr_line' id='line_1_25' title="bbox 201 3173 1855 3260; baseline 0.002 -22"><span class='ocrx_word' id='word_1_239' title='bbox 201 3176 358 3255; x_wconf 80' lang='lat' dir='ltr'>ravimus,</span> <span class='ocrx_word' id='word_1_240' title='bbox 389 3176 421 3238; x_wconf 93' lang='lat' dir='ltr'>in</span> <span class='ocrx_word' id='word_1_241' title='bbox 445 3196 563 3240; x_wconf 88' lang='lat' dir='ltr'>vanum</span> <span class='ocrx_word' id='word_1_242' title='bbox 587 3183 714 3252; x_wconf 86' lang='lat' dir='ltr'>tamen,</span> <span class='ocrx_word' id='word_1_243' title='bbox 743 3173 784 3238; x_wconf 89' lang='lat' dir='ltr'>ad</span> <span class='ocrx_word' id='word_1_244' title='bbox 814 3196 930 3260; x_wconf 90' lang='lat' dir='ltr'>pacem</span> <span class='ocrx_word' id='word_1_245' title='bbox 959 3174 1144 3239; x_wconf 90' lang='lat' dir='ltr'>huiusmodi</span> <span class='ocrx_word' id='word_1_246' title='bbox 1176 3175 1399 3243; x_wconf 88' lang='lat' dir='ltr'>obtinendam.</span> <span class='ocrx_word' id='word_1_247' title='bbox 1449 3176 1545 3242; x_wconf 91' lang='lat' dir='ltr'>Unde</span> <span class='ocrx_word' id='word_1_248' title='bbox 1573 3174 1691 3241; x_wconf 80' lang='lat' dir='ltr'>sinodo</span> <span class='ocrx_word' id='word_1_249' title='bbox 1719 3196 1778 3260; x_wconf 90' lang='lat' dir='ltr'>per</span> <span class='ocrx_word' id='word_1_250' title='bbox 1806 3197 1855 3242; x_wconf 82' lang='lat' dir='ltr'>ea.</span> 
     </span>
     <span class='ocr_line' id='line_1_26' title="bbox 201 3278 1854 3366; baseline 0 -24"><span class='ocrx_word' id='word_1_251' title='bbox 201 3300 263 3363; x_wconf 91' lang='lat' dir='ltr'>que</span> <span class='ocrx_word' id='word_1_252' title='bbox 292 3286 536 3364; x_wconf 87' lang='lat' dir='ltr'>precesserunt,</span> <span class='ocrx_word' id='word_1_253' title='bbox 568 3300 632 3343; x_wconf 93' lang='lat' dir='ltr'>non</span> <span class='ocrx_word' id='word_1_254' title='bbox 657 3300 826 3364; x_wconf 82' lang='lat' dir='ltr'>speremus</span> <span class='ocrx_word' id='word_1_255' title='bbox 849 3298 947 3362; x_wconf 87' lang='lat' dir='ltr'>posse</span> <span class='ocrx_word' id='word_1_256' title='bbox 971 3279 1128 3363; x_wconf 87' lang='lat' dir='ltr'>proficere</span> <span class='ocrx_word' id='word_1_257' title='bbox 1158 3280 1191 3343; x_wconf 93' lang='lat' dir='ltr'>in</span> <span class='ocrx_word' id='word_1_258' title='bbox 1220 3285 1373 3347; x_wconf 87' lang='lat' dir='ltr'>tractatu.</span> <span class='ocrx_word' id='word_1_259' title='bbox 1422 3280 1488 3346; x_wconf 91' lang='lat' dir='ltr'>Sed</span> <span class='ocrx_word' id='word_1_260' title='bbox 1517 3281 1593 3366; x_wconf 88' lang='lat' dir='ltr'>quis</span> <span class='ocrx_word' id='word_1_261' title='bbox 1622 3278 1765 3346; x_wconf 85' lang='lat' dir='ltr'>ecclesia</span> <span class='ocrx_word' id='word_1_262' title='bbox 1791 3300 1854 3343; x_wconf 92' lang='lat' dir='ltr'>non</span> 
     </span>
     <span class='ocr_line' id='line_1_27' title="bbox 201 3381 1854 3470; baseline -0.001 -22"><span class='ocrx_word' id='word_1_263' title='bbox 201 3383 370 3448; x_wconf 82' lang='lat' dir='ltr'>consuevit</span> <span class='ocrx_word' id='word_1_264' title='bbox 393 3381 547 3448; x_wconf 81' lang='lat' dir='ltr'>claudere</span> <span class='ocrx_word' id='word_1_265' title='bbox 570 3383 729 3466; x_wconf 89' lang='lat' dir='ltr'>gremium</span> <span class='ocrx_word' id='word_1_266' title='bbox 753 3381 917 3459; x_wconf 74' lang='lat' dir='ltr'>redeunti,</span> <span class='ocrx_word' id='word_1_267' title='bbox 947 3403 1006 3446; x_wconf 91' lang='lat' dir='ltr'>uos</span> <span class='ocrx_word' id='word_1_268' title='bbox 1039 3383 1110 3446; x_wconf 88' lang='lat' dir='ltr'>eius</span> <span class='ocrx_word' id='word_1_269' title='bbox 1139 3384 1307 3470; x_wconf 84' lang='lat' dir='ltr'>exemplo,</span> <span class='ocrx_word' id='word_1_270' title='bbox 1338 3385 1430 3449; x_wconf 91' lang='lat' dir='ltr'>cuius</span> <span class='ocrx_word' id='word_1_271' title='bbox 1458 3404 1570 3449; x_wconf 88' lang='lat' dir='ltr'>sumus</span> <span class='ocrx_word' id='word_1_272' title='bbox 1597 3384 1675 3449; x_wconf 84' lang='lat' dir='ltr'>lieet</span> <span class='ocrx_word' id='word_1_273' title='bbox 1700 3383 1854 3447; x_wconf 89' lang='lat' dir='ltr'>immeriti</span> 
     </span>
     <span class='ocr_line' id='line_1_28' title="bbox 200 3485 1854 3575; baseline 0.001 -26"><span class='ocrx_word' id='word_1_274' title='bbox 200 3487 313 3550; x_wconf 81' lang='lat' dir='ltr'>vicerii</span> <span class='ocrx_word' id='word_1_275' title='bbox 336 3487 516 3566; x_wconf 83' lang='lat' dir='ltr'>constituti,</span> <span class='ocrx_word' id='word_1_276' title='bbox 540 3485 594 3571; x_wconf 92' lang='lat' dir='ltr'>qui</span> <span class='ocrx_word' id='word_1_277' title='bbox 617 3507 683 3550; x_wconf 93' lang='lat' dir='ltr'>non</span> <span class='ocrx_word' id='word_1_278' title='bbox 708 3487 776 3550; x_wconf 90' lang='lat' dir='ltr'>vult</span> <span class='ocrx_word' id='word_1_279' title='bbox 799 3492 937 3550; x_wconf 89' lang='lat' dir='ltr'>mortem</span> <span class='ocrx_word' id='word_1_280' title='bbox 962 3488 1155 3572; x_wconf 78' lang='lat' dir='ltr'>peccatoris,</span> <span class='ocrx_word' id='word_1_281' title='bbox 1180 3486 1238 3553; x_wconf 92' lang='lat' dir='ltr'>sed</span> <span class='ocrx_word' id='word_1_282' title='bbox 1261 3494 1298 3553; x_wconf 91' lang='lat' dir='ltr'>ut</span> <span class='ocrx_word' id='word_1_283' title='bbox 1320 3494 1528 3553; x_wconf 88' lang='lat' dir='ltr'>convertatur</span> <span class='ocrx_word' id='word_1_284' title='bbox 1550 3494 1584 3552; x_wconf 90' lang='lat' dir='ltr'>et</span> <span class='ocrx_word' id='word_1_285' title='bbox 1605 3488 1710 3565; x_wconf 81' lang='lat' dir='ltr'>vivet,</span> <span class='ocrx_word' id='word_1_286' title='bbox 1738 3485 1854 3575; x_wconf 88' lang='lat' dir='ltr'>prefati</span> 
     </span>
     <span class='ocr_line' id='line_1_29' title="bbox 200 3589 1854 3677; baseline 0.001 -24"><span class='ocrx_word' id='word_1_287' title='bbox 200 3590 366 3654; x_wconf 82' lang='lat' dir='ltr'>Frederiei</span> <span class='ocrx_word' id='word_1_288' title='bbox 383 3592 520 3655; x_wconf 87' lang='lat' dir='ltr'>salutem</span> <span class='ocrx_word' id='word_1_289' title='bbox 537 3590 720 3677; x_wconf 87' lang='lat' dir='ltr'>appetimus</span> <span class='ocrx_word' id='word_1_290' title='bbox 737 3591 907 3675; x_wconf 90' lang='lat' dir='ltr'>ipsumque</span> <span class='ocrx_word' id='word_1_291' title='bbox 923 3589 1148 3655; x_wconf 88' lang='lat' dir='ltr'>desideramus</span> <span class='ocrx_word' id='word_1_292' title='bbox 1164 3591 1322 3676; x_wconf 87' lang='lat' dir='ltr'>recipere,</span> <span class='ocrx_word' id='word_1_293' title='bbox 1340 3593 1366 3655; x_wconf 87' lang='lat' dir='ltr'>si</span> <span class='ocrx_word' id='word_1_294' title='bbox 1382 3592 1490 3656; x_wconf 87' lang='lat' dir='ltr'>forsan</span> <span class='ocrx_word' id='word_1_295' title='bbox 1508 3590 1688 3677; x_wconf 84' lang='lat' dir='ltr'>inspiratus</span> <span class='ocrx_word' id='word_1_296' title='bbox 1699 3590 1854 3655; x_wconf 85' lang='lat' dir='ltr'>divinitus</span> 
     </span>
     <span class='ocr_line' id='line_1_30' title="bbox 202 3692 1853 3779; baseline 0.001 -23"><span class='ocrx_word' id='word_1_297' title='bbox 202 3692 306 3757; x_wconf 91' lang='lat' dir='ltr'>redire</span> <span class='ocrx_word' id='word_1_298' title='bbox 332 3693 411 3757; x_wconf 90' lang='lat' dir='ltr'>velit</span> <span class='ocrx_word' id='word_1_299' title='bbox 434 3692 474 3757; x_wconf 88' lang='lat' dir='ltr'>ad</span> <span class='ocrx_word' id='word_1_300' title='bbox 498 3692 758 3757; x_wconf 81' lang='lat' dir='ltr'>ecclesiasticam</span> <span class='ocrx_word' id='word_1_301' title='bbox 782 3693 955 3771; x_wconf 88' lang='lat' dir='ltr'>unitatem,</span> <span class='ocrx_word' id='word_1_302' title='bbox 980 3700 1013 3757; x_wconf 93' lang='lat' dir='ltr'>et</span> <span class='ocrx_word' id='word_1_303' title='bbox 1037 3693 1078 3758; x_wconf 93' lang='lat' dir='ltr'>ob</span> <span class='ocrx_word' id='word_1_304' title='bbox 1103 3693 1255 3779; x_wconf 88' lang='lat' dir='ltr'>specialis</span> <span class='ocrx_word' id='word_1_305' title='bbox 1278 3693 1476 3779; x_wconf 90' lang='lat' dir='ltr'>dignationis</span> <span class='ocrx_word' id='word_1_306' title='bbox 1498 3695 1670 3771; x_wconf 82' lang='lat' dir='ltr'>affectum,</span> <span class='ocrx_word' id='word_1_307' title='bbox 1693 3713 1792 3779; x_wconf 90' lang='lat' dir='ltr'>quem</span> <span class='ocrx_word' id='word_1_308' title='bbox 1814 3692 1853 3758; x_wconf 89' lang='lat' dir='ltr'>ad</span> 
     </span>
     <span class='ocr_line' id='line_1_31' title="bbox 201 3795 1852 3884; baseline 0 -24"><span class='ocrx_word' id='word_1_309' title='bbox 201 3803 289 3860; x_wconf 90' lang='lat' dir='ltr'>tuam</span> <span class='ocrx_word' id='word_1_310' title='bbox 313 3815 486 3882; x_wconf 81' lang='lat' dir='ltr'>personam</span> <span class='ocrx_word' id='word_1_311' title='bbox 510 3795 670 3860; x_wconf 82' lang='lat' dir='ltr'>hebemus</span> <span class='ocrx_word' id='word_1_312' title='bbox 695 3795 790 3860; x_wconf 90' lang='lat' dir='ltr'>etde</span> <span class='ocrx_word' id='word_1_313' title='bbox 815 3817 878 3880; x_wconf 92' lang='lat' dir='ltr'>quo</span> <span class='ocrx_word' id='word_1_314' title='bbox 902 3817 1085 3880; x_wconf 88' lang='lat' dir='ltr'>speramus,</span> <span class='ocrx_word' id='word_1_315' title='bbox 1114 3797 1200 3883; x_wconf 91' lang='lat' dir='ltr'>quod</span> <span class='ocrx_word' id='word_1_316' title='bbox 1227 3819 1293 3862; x_wconf 91' lang='lat' dir='ltr'>non</span> <span class='ocrx_word' id='word_1_317' title='bbox 1325 3799 1530 3884; x_wconf 89' lang='lat' dir='ltr'>permitteres</span> <span class='ocrx_word' id='word_1_318' title='bbox 1558 3799 1590 3862; x_wconf 91' lang='lat' dir='ltr'>in</span> <span class='ocrx_word' id='word_1_319' title='bbox 1614 3797 1725 3883; x_wconf 92' lang='lat' dir='ltr'>aliquo</span> <span class='ocrx_word' id='word_1_320' title='bbox 1749 3795 1852 3882; x_wconf 89' lang='lat' dir='ltr'>decipi</span> 
     </span>
     <span class='ocr_line' id='line_1_32' title="bbox 201 3899 1893 3986; baseline 0 -22"><span class='ocrx_word' id='word_1_321' title='bbox 201 3906 443 3964; x_wconf 81' lang='lat' dir='ltr'>sacrosanctam</span> <span class='ocrx_word' id='word_1_322' title='bbox 467 3900 643 3964; x_wconf 83' lang='lat' dir='ltr'>ecclesiam</span> <span class='ocrx_word' id='word_1_323' title='bbox 665 3906 803 3964; x_wconf 80' lang='lat' dir='ltr'>matrem</span> <span class='ocrx_word' id='word_1_324' title='bbox 826 3906 931 3978; x_wconf 83' lang='lat' dir='ltr'>tuem,</span> <span class='ocrx_word' id='word_1_325' title='bbox 964 3920 1115 3984; x_wconf 84' lang='lat' dir='ltr'>egemus,</span> <span class='ocrx_word' id='word_1_326' title='bbox 1145 3908 1266 3986; x_wconf 86' lang='lat' dir='ltr'>quanto</span> <span class='ocrx_word' id='word_1_327' title='bbox 1294 3903 1402 3966; x_wconf 87' lang='lat' dir='ltr'>mitius</span> <span class='ocrx_word' id='word_1_328' title='bbox 1425 3909 1457 3966; x_wconf 94' lang='lat' dir='ltr'>et</span> <span class='ocrx_word' id='word_1_329' title='bbox 1485 3901 1659 3986; x_wconf 87' lang='lat' dir='ltr'>benignius</span> <span class='ocrx_word' id='word_1_330' title='bbox 1682 3921 1757 3965; x_wconf 89' lang='lat' dir='ltr'>cum</span> <span class='ocrx_word' id='word_1_331' title='bbox 1779 3899 1850 3966; x_wconf 93' lang='lat' dir='ltr'>Deo</span> <span class='ocrx_word' id='word_1_332' title='bbox 1891 3919 1893 3948; x_wconf 74' lang='lat'><em>2</em></span> 
     </span>
     <span class='ocr_line' id='line_1_33' title="bbox 202 4002 1851 4090; baseline 0.002 -24"><span class='ocrx_word' id='word_1_333' title='bbox 202 4012 235 4067; x_wconf 94' lang='lat' dir='ltr'>et</span> <span class='ocrx_word' id='word_1_334' title='bbox 265 4002 389 4067; x_wconf 91' lang='lat' dir='ltr'>honore</span> <span class='ocrx_word' id='word_1_335' title='bbox 418 4002 559 4067; x_wconf 89' lang='lat' dir='ltr'>ecclesie</span> <span class='ocrx_word' id='word_1_336' title='bbox 589 4003 660 4066; x_wconf 88' lang='lat' dir='ltr'>sine</span> <span class='ocrx_word' id='word_1_337' title='bbox 687 4010 825 4087; x_wconf 90' lang='lat' dir='ltr'>peceato</span> <span class='ocrx_word' id='word_1_338' title='bbox 855 4004 1053 4088; x_wconf 86' lang='lat' dir='ltr'>poterimus,</span> <span class='ocrx_word' id='word_1_339' title='bbox 1083 4025 1156 4069; x_wconf 87' lang='lat' dir='ltr'>cum</span> <span class='ocrx_word' id='word_1_340' title='bbox 1184 4004 1329 4071; x_wconf 79' lang='lat' dir='ltr'>eodem.²</span> <span class='ocrx_word' id='word_1_341' title='bbox 1373 4004 1479 4090; x_wconf 83' lang='lat' dir='ltr'>Super</span> <span class='ocrx_word' id='word_1_342' title='bbox 1509 4004 1596 4069; x_wconf 86' lang='lat' dir='ltr'>fscto</span> <span class='ocrx_word' id='word_1_343' title='bbox 1619 4025 1697 4069; x_wconf 80' lang='lat' dir='ltr'>vero</span> <span class='ocrx_word' id='word_1_344' title='bbox 1719 4004 1851 4069; x_wconf 90' lang='lat' dir='ltr'>subsidii</span> 
     </span>
     <span class='ocr_line' id='line_1_34' title="bbox 201 4105 1615 4191; baseline 0.004 -22"><span class='ocrx_word' id='word_1_345' title='bbox 201 4106 303 4170; x_wconf 84' lang='lat' dir='ltr'>Terre</span> <span class='ocrx_word' id='word_1_346' title='bbox 327 4106 448 4171; x_wconf 81' lang='lat' dir='ltr'>Sancte</span> <span class='ocrx_word' id='word_1_347' title='bbox 472 4105 592 4191; x_wconf 91' lang='lat' dir='ltr'>prefati</span> <span class='ocrx_word' id='word_1_348' title='bbox 615 4105 721 4169; x_wconf 89' lang='lat' dir='ltr'>nuntii</span> <span class='ocrx_word' id='word_1_349' title='bbox 744 4105 803 4169; x_wconf 93' lang='lat' dir='ltr'>tibi</span> <span class='ocrx_word' id='word_1_350' title='bbox 827 4107 1072 4191; x_wconf 78' lang='lat' dir='ltr'>responsionem</span> <span class='ocrx_word' id='word_1_351' title='bbox 1096 4114 1240 4172; x_wconf 86' lang='lat' dir='ltr'>nostram</span> <span class='ocrx_word' id='word_1_352' title='bbox 1263 4110 1404 4173; x_wconf 90' lang='lat' dir='ltr'>referent</span> <span class='ocrx_word' id='word_1_353' title='bbox 1425 4108 1500 4172; x_wconf 85' lang='lat' dir='ltr'>viva</span> <span class='ocrx_word' id='word_1_354' title='bbox 1523 4128 1615 4174; x_wconf 84' lang='lat' dir='ltr'>voce.</span> 
     </span>
    </p>
   </div>
   <div class='ocr_carea' id='block_1_8' title="bbox 305 4224 1070 4312">
    <p class='ocr_par' dir='ltr' id='par_1_8' title="bbox 305 4224 1070 4312">
     <span class='ocr_line' id='line_1_35' title="bbox 305 4224 1070 4312; baseline 0 -22"><span class='ocrx_word' id='word_1_355' title='bbox 305 4225 382 4292; x_wconf 86' lang='lat' dir='ltr'>Dat.</span> <span class='ocrx_word' id='word_1_356' title='bbox 406 4224 571 4312; x_wconf 88' lang='lat' dir='ltr'>Lugduni,</span> <span class='ocrx_word' id='word_1_357' title='bbox 593 4225 679 4292; x_wconf 89' lang='lat' dir='ltr'>Non.</span> <span class='ocrx_word' id='word_1_358' title='bbox 703 4225 862 4292; x_wconf 86' lang='lat' dir='ltr'>Novemb.</span> <span class='ocrx_word' id='word_1_359' title='bbox 886 4248 971 4291; x_wconf 89' lang='lat' dir='ltr'>anno</span> <span class='ocrx_word' id='word_1_360' title='bbox 994 4225 1070 4292; x_wconf 83' lang='lat' dir='ltr'>IV.³</span> 
     </span>
    </p>
   </div>
   <div class='ocr_carea' id='block_1_9' title="bbox 821 4489 1233 4498">
    <p class='ocr_par' dir='ltr' id='par_1_9' title="bbox 821 4489 1233 4498">
     <span class='ocr_line' id='line_1_36' title="bbox 821 4489 1233 4498; baseline 0.002 -2"><span class='ocrx_word' id='word_1_361' title='bbox 821 4489 1233 4498; x_wconf 78' lang='lat'><em>——-—-—-—-——</em></span> 
     </span>
    </p>
   </div>
   <div class='ocr_carea' id='block_1_10' title="bbox 987 4777 1073 4849">
    <p class='ocr_par' dir='ltr' id='par_1_10' title="bbox 987 4777 1073 4849">
     <span class='ocr_line' id='line_1_37' title="bbox 987 4777 1073 4849; baseline 0.012 -1"><span class='ocrx_word' id='word_1_362' title='bbox 987 4777 1073 4849; x_wconf 75' lang='lat'><strong>⁰258.</strong></span> 
     </span>
    </p>
   </div>
   <div class='ocr_carea' id='block_1_11' title="bbox 202 4885 1851 5204">
    <p class='ocr_par' dir='ltr' id='par_1_11' title="bbox 202 4885 1851 5204">
     <span class='ocr_line' id='line_1_38' title="bbox 306 4885 1850 5002; baseline 0.005 -26"><span class='ocrx_word' id='word_1_363' title='bbox 306 4885 523 4978; x_wconf 76' lang='lat' dir='ltr'>[rtrmccmtius</span> <span class='ocrx_word' id='word_1_364' title='bbox 538 4911 562 4976; x_wconf 86' lang='lat'><em>1</em></span> <span class='ocrx_word' id='word_1_365' title='bbox 567 4912 593 4975; x_wconf 89' lang='lat' dir='ltr'><em>V</em></span> <span class='ocrx_word' id='word_1_366' title='bbox 598 4935 688 4994; x_wconf 70' lang='lat' dir='ltr'>popm</span> <span class='ocrx_word' id='word_1_367' title='bbox 703 4912 883 4978; x_wconf 79' lang='lat' dir='ltr'>sclrofcstico</span> <span class='ocrx_word' id='word_1_368' title='bbox 898 4919 926 4978; x_wconf 87' lang='lat' dir='ltr'>et</span> <span class='ocrx_word' id='word_1_369' title='bbox 938 4915 1101 4996; x_wconf 70' lang='lat' dir='ltr'>erndcllo</span> <span class='ocrx_word' id='word_1_370' title='bbox 1116 4919 1265 4981; x_wconf 78' lang='lat' dir='ltr'>corunrico</span> <span class='ocrx_word' id='word_1_371' title='bbox 1279 4919 1422 4982; x_wconf 78' lang='lat' dir='ltr'>ecclcsiae</span> <span class='ocrx_word' id='word_1_372' title='bbox 1434 4920 1619 4982; x_wconf 82' lang='lat' dir='ltr'>Sanctorum</span> <span class='ocrx_word' id='word_1_373' title='bbox 1631 4919 1850 5002; x_wconf 81' lang='lat' dir='ltr'>Aposfolorum</span> 
     </span>
     <span class='ocr_line' id='line_1_39' title="bbox 202 5016 1849 5105; baseline 0.002 -23"><span class='ocrx_word' id='word_1_374' title='bbox 202 5019 291 5082; x_wconf 83' lang='lat' dir='ltr'>Petri</span> <span class='ocrx_word' id='word_1_375' title='bbox 320 5023 350 5081; x_wconf 92' lang='lat' dir='ltr'>ct</span> <span class='ocrx_word' id='word_1_376' title='bbox 371 5017 521 5080; x_wconf 77' lang='lat' dir='ltr'>Andreae</span> <span class='ocrx_word' id='word_1_377' title='bbox 544 5016 817 5080; x_wconf 79' lang='lat' dir='ltr'>Puderbroucusis</span> <span class='ocrx_word' id='word_1_378' title='bbox 847 5019 991 5096; x_wconf 70' lang='lat' dir='ltr'>retulerint,</span> <span class='ocrx_word' id='word_1_379' title='bbox 1020 5025 1055 5082; x_wconf 83' lang='lat' dir='ltr'>ut</span> <span class='ocrx_word' id='word_1_380' title='bbox 1082 5021 1111 5084; x_wconf 80' lang='lat' dir='ltr'>si</span> <span class='ocrx_word' id='word_1_381' title='bbox 1137 5021 1274 5086; x_wconf 53' lang='lat' dir='ltr'>&amp;curtem</span> <span class='ocrx_word' id='word_1_382' title='bbox 1303 5027 1332 5086; x_wconf 89' lang='lat' dir='ltr'>et</span> <span class='ocrx_word' id='word_1_383' title='bbox 1360 5023 1532 5105; x_wconf 80' lang='lat' dir='ltr'>capitutum</span> <span class='ocrx_word' id='word_1_384' title='bbox 1558 5021 1668 5086; x_wconf 83' lang='lat' dir='ltr'>Norae</span> <span class='ocrx_word' id='word_1_385' title='bbox 1694 5022 1849 5088; x_wconf 73' lang='lat' dir='ltr'>Ecuesue</span> 
     </span>
     <span class='ocr_line' id='line_1_40' title="bbox 202 5119 1851 5204; baseline 0.004 -22"><span class='ocrx_word' id='word_1_386' title='bbox 202 5119 476 5184; x_wconf 69' lang='lat' dir='ltr'>Perde-ebernensis</span> <span class='ocrx_word' id='word_1_387' title='bbox 501 5119 631 5184; x_wconf 80' lang='lat' dir='ltr'>diocesis</span> <span class='ocrx_word' id='word_1_388' title='bbox 657 5119 842 5182; x_wconf 80' lang='lat' dir='ltr'>rrruudutum</span> <span class='ocrx_word' id='word_1_389' title='bbox 869 5123 1086 5201; x_wconf 80' lang='lat' dir='ltr'>apostolicum,</span> <span class='ocrx_word' id='word_1_390' title='bbox 1119 5124 1162 5187; x_wconf 79' lang='lat' dir='ltr'>orl</span> <span class='ocrx_word' id='word_1_391' title='bbox 1183 5146 1293 5204; x_wconf 77' lang='lat' dir='ltr'>preces</span> <span class='ocrx_word' id='word_1_392' title='bbox 1320 5126 1465 5189; x_wconf 76' lang='lat' dir='ltr'>moritum</span> <span class='ocrx_word' id='word_1_393' title='bbox 1494 5125 1530 5189; x_wconf 85' lang='lat' dir='ltr'>de</span> <span class='ocrx_word' id='word_1_394' title='bbox 1560 5124 1728 5188; x_wconf 82' lang='lat' dir='ltr'>Everstein</span> <span class='ocrx_word' id='word_1_395' title='bbox 1760 5130 1789 5189; x_wconf 87' lang='lat' dir='ltr'>et</span> <span class='ocrx_word' id='word_1_396' title='bbox 1817 5125 1851 5188; x_wconf 82' lang='lat' dir='ltr'>dr</span> 
     </span>
    </p>
   </div>
   <div class='ocr_carea' id='block_1_12' title="bbox 201 5377 1849 5692">
    <p class='ocr_par' dir='ltr' id='par_1_12' title="bbox 201 5377 1849 5692">
     <span class='ocr_line' id='line_1_41' title="bbox 306 5377 1849 5451; baseline 0.005 -21"><span class='ocrx_word' id='word_1_397' title='bbox 306 5378 331 5444; x_wconf 85' lang='lat'>1)</span> <span class='ocrx_word' id='word_1_398' title='bbox 350 5377 447 5433; x_wconf 74' lang='lat' dir='ltr'>Adanu</span> <span class='ocrx_word' id='word_1_399' title='bbox 519 5380 548 5446; x_wconf 79' lang='lat'>2)</span> <span class='ocrx_word' id='word_1_400' title='bbox 568 5378 608 5444; x_wconf 75' lang='lat' dir='ltr'>Of.</span> <span class='ocrx_word' id='word_1_401' title='bbox 626 5377 760 5445; x_wconf 78' lang='lat' dir='ltr'>epistolum</span> <span class='ocrx_word' id='word_1_402' title='bbox 776 5377 810 5430; x_wconf 85' lang='lat' dir='ltr'>ab</span> <span class='ocrx_word' id='word_1_403' title='bbox 827 5377 981 5446; x_wconf 77' lang='lat' dir='ltr'>imperatore</span> <span class='ocrx_word' id='word_1_404' title='bbox 996 5381 1053 5449; x_wconf 73' lang='lat' dir='ltr'>rcqi</span> <span class='ocrx_word' id='word_1_405' title='bbox 1071 5382 1103 5435; x_wconf 84' lang='lat' dir='ltr'>de</span> <span class='ocrx_word' id='word_1_406' title='bbox 1120 5383 1169 5436; x_wconf 81' lang='lat' dir='ltr'>huc</span> <span class='ocrx_word' id='word_1_407' title='bbox 1185 5400 1213 5436; x_wconf 78' lang='lat' dir='ltr'>re</span> <span class='ocrx_word' id='word_1_408' title='bbox 1231 5401 1318 5438; x_wconf 67' lang='lat' dir='ltr'>incuso</span> <span class='ocrx_word' id='word_1_409' title='bbox 1332 5383 1398 5437; x_wconf 81' lang='lat' dir='ltr'>Dec.</span> <span class='ocrx_word' id='word_1_410' title='bbox 1411 5384 1720 5451; x_wconf 69' lang='lat' dir='ltr'>onposwnnmmcp.</span> <span class='ocrx_word' id='word_1_411' title='bbox 1733 5381 1849 5437; x_wconf 73' lang='lat' dir='ltr'>Bone-</span> 
     </span>
     <span class='ocr_line' id='line_1_42' title="bbox 202 5462 1849 5539; baseline 0.003 -22"><span class='ocrx_word' id='word_1_412' title='bbox 202 5463 306 5530; x_wconf 73' lang='lat' dir='ltr'>Fr&#39;clter,</span> <span class='ocrx_word' id='word_1_413' title='bbox 325 5464 341 5516; x_wconf 91' lang='lat' dir='ltr'>l.</span> <span class='ocrx_word' id='word_1_414' title='bbox 354 5480 375 5517; x_wconf 92' lang='lat' dir='ltr'>c.</span> <span class='ocrx_word' id='word_1_415' title='bbox 394 5471 467 5519; x_wconf 82' lang='lat'><strong><em>3590.</em></strong></span> <span class='ocrx_word' id='word_1_416' title='bbox 555 5466 583 5535; x_wconf 81' lang='lat'>3)</span> <span class='ocrx_word' id='word_1_417' title='bbox 603 5465 661 5519; x_wconf 77' lang='lat' dir='ltr'>Sao</span> <span class='ocrx_word' id='word_1_418' title='bbox 678 5462 746 5518; x_wconf 83' lang='lat' dir='ltr'>Noe.</span> <span class='ocrx_word' id='word_1_419' title='bbox 764 5472 781 5517; x_wconf 90' lang='lat'><strong><em>6</em></strong></span> <span class='ocrx_word' id='word_1_420' title='bbox 797 5463 828 5516; x_wconf 79' lang='lat' dir='ltr'>fn</span> <span class='ocrx_word' id='word_1_421' title='bbox 844 5465 957 5519; x_wconf 73' lang='lat' dir='ltr'>omnem</span> <span class='ocrx_word' id='word_1_422' title='bbox 974 5466 1082 5521; x_wconf 81' lang='lat' dir='ltr'>modum</span> <span class='ocrx_word' id='word_1_423' title='bbox 1100 5470 1207 5538; x_wconf 70' lang='lat' dir='ltr'>repletae</span> <span class='ocrx_word' id='word_1_424' title='bbox 1226 5470 1361 5524; x_wconf 65' lang='lat' dir='ltr'>flandae</span> <span class='ocrx_word' id='word_1_425' title='bbox 1378 5469 1497 5538; x_wconf 69' lang='lat' dir='ltr'>smfpsr&#39;t5</span> <span class='ocrx_word' id='word_1_426' title='bbox 1524 5470 1627 5539; x_wconf 65' lang='lat' dir='ltr'>Herpa,</span> <span class='ocrx_word' id='word_1_427' title='bbox 1652 5469 1712 5536; x_wconf 73' lang='lat' dir='ltr'>lc,</span> <span class='ocrx_word' id='word_1_428' title='bbox 1734 5467 1782 5521; x_wconf 70' lang='lat' dir='ltr'>uti</span> <span class='ocrx_word' id='word_1_429' title='bbox 1797 5480 1849 5522; x_wconf 65' lang='lat' dir='ltr'>m</span> 
     </span>
     <span class='ocr_line' id='line_1_43' title="bbox 201 5549 1848 5692; baseline 0.006 -91"><span class='ocrx_word' id='word_1_430' title='bbox 201 5549 562 5692; x_wconf 49' lang='lat' dir='ltr'>mafflnmm&#39;</span> <span class='ocrx_word' id='word_1_431' title='bbox 579 5557 672 5605; x_wconf 69' lang='lat' dir='ltr'>mmm</span> <span class='ocrx_word' id='word_1_432' title='bbox 688 5550 799 5619; x_wconf 79' lang='lat' dir='ltr'>epistola</span> <span class='ocrx_word' id='word_1_433' title='bbox 818 5551 956 5606; x_wconf 68' lang='lat' dir='ltr'>Bonum</span> <span class='ocrx_word' id='word_1_434' title='bbox 973 5555 1054 5607; x_wconf 81' lang='lat' dir='ltr'>matri</span> <span class='ocrx_word' id='word_1_435' title='bbox 1071 5555 1145 5624; x_wconf 70' lang='lat' dir='ltr'>repra,</span> <span class='ocrx_word' id='word_1_436' title='bbox 1164 5556 1194 5608; x_wconf 83' lang='lat' dir='ltr'>id</span> <span class='ocrx_word' id='word_1_437' title='bbox 1210 5556 1282 5625; x_wconf 75' lang='lat' dir='ltr'>qnod</span> <span class='ocrx_word' id='word_1_438' title='bbox 1299 5558 1373 5612; x_wconf 74' lang='lat' dir='ltr'>nobis</span> <span class='ocrx_word' id='word_1_439' title='bbox 1389 5556 1556 5611; x_wconf 72' lang='lat' dir='ltr'>embr&#39;mitius</span> <span class='ocrx_word' id='word_1_440' title='bbox 1571 5560 1617 5625; x_wconf 61' lang='lat' dir='ltr'>od,</span> <span class='ocrx_word' id='word_1_441' title='bbox 1635 5570 1675 5609; x_wconf 71' lang='lat' dir='ltr'>m</span> <span class='ocrx_word' id='word_1_442' title='bbox 1687 5552 1848 5625; x_wconf 63' lang='lat' dir='ltr'>Emi!</span> 
     </span>
    </p>
   </div>
   <div class='ocr_carea' id='block_1_13' title="bbox 0 0 2168 6228">
    <p class='ocr_par' dir='ltr' id='par_1_13' title="bbox 0 0 2168 6228">
     <span class='ocr_line' id='line_1_44' title="bbox 0 0 2168 6228; baseline 0 0"><span class='ocrx_word' id='word_1_443' title='bbox 0 0 2168 6228; x_wconf 95' lang='lat' dir='ltr'> </span> 
     </span>
    </p>
   </div>
  </div>
 </body>
</html>
