4734 6334
850 337 1049 393 EPISTOLAE
1067 339 1259 396 SELECTAE.
1297 343 1371 398 1249.
1876 351 1938 412 455

284 509 326 573 ad
355 509 528 574 ecelesiam
558 509 662 573 sancti
684 508 787 574 Marci
815 512 856 576 de
874 513 1024 577 Veuetiis
1057 515 1235 598 pertinere,
1269 517 1300 581 in
1332 517 1382 581 ius
1414 524 1448 581 et
1473 506 1711 604 proprietatem
1736 521 1824 586 beati
1848 519 1939 584 Petri

285 613 484 698 suscipiens,
512 613 649 678 tirmiter
677 615 832 696 inhibuit,
863 638 904 681 ne
928 607 1008 702 quis¹
1030 619 1063 680 in
1086 619 1135 683 cis
1159 619 1282 704 absque
1307 619 1459 684 mandato
1484 620 1571 686 sedis
1594 624 1773 707 apostolice
1797 625 1939 710 aliquam

287 717 545 782 iurisdictionem
581 727 785 803 presumeret
822 741 990 786 exercere.
1047 721 1163 786 Dictus
1204 724 1303 787 etiam
1344 723 1518 788 cardinalis
1557 727 1671 790 statuit
1707 727 1748 791 ed
1785 727 1940 792 indicium

286 821 504 907 exemptionis
533 822 734 902 huiusmodi,
765 831 842 886 uta
870 823 998 888 dilectis
1027 823 1101 888 liliis
1127 827 1368 912 ..primicerio
1399 835 1431 892 et
1460 829 1603 914 capitulo
1629 828 1775 894 eiusdem
1799 830 1939 896 ecclesie

287 927 390 991 sancti
420 924 523 990 Marci
557 925 771 1024 dallenetiis
807 949 926 992 consus
961 949 1088 994 annuus
1124 929 1263 994 duorum
1293 931 1516 997 Binantiorum
1553 934 1684 999 nomine
1721 933 1941 1020 predictarum

288 1029 502 1095 eeclesiamm
520 1051 649 1095 comere
666 1037 776 1096 nostre
797 1033 830 1096 iu
853 1032 939 1097 lesto
956 1033 1151 1099 Sanctorum
1168 1034 1321 1100 Omnium
1346 1039 1440 1102 cnnis
1465 1038 1603 1123 singulis
1627 1039 1820 1117 solveretur,
1844 1045 1941 1124 prout

287 1134 321 1197 in
347 1133 464 1199 litteris
496 1135 599 1221 ipsius
628 1135 802 1200 cardinalis
831 1136 907 1201 inde
936 1137 1093 1202 confectis
1123 1139 1252 1224 plenius
1280 1138 1399 1204 dicitur
1429 1143 1596 1206 contineri.
1650 1140 1731 1205 Cum
1764 1149 1874 1207 autem
1906 1149 1941 1206 tu

287 1239 668 1325 exemptionemjipsem
692 1240 895 1326 perspiciens
919 1241 951 1304 in
975 1261 1075 1326 grave
1099 1243 1315 1327 preiudieium
1339 1251 1372 1307 et
1395 1244 1530 1310 evidens
1553 1243 1762 1330 dispendium
1784 1244 1941 1330 Tyrensis

287 1342 426 1408 ecclesie
450 1341 642 1422 redundare,
667 1343 808 1406 maxime
832 1343 908 1428 quio
931 1343 990 1407 tibi
1014 1351 1147 1430 propter
1171 1344 1231 1409 hoc
1255 1345 1381 1410 decime
1406 1369 1444 1411 cc
1468 1348 1535 1411 slis
1558 1349 1629 1412 iura
1644 1348 1855 1434 episcopalia,
1879 1368 1941 1432 que

289 1447 322 1511 in
338 1447 466 1534 prelata
483 1447 625 1512 ecclesis
640 1448 744 1512 saneti
762 1446 865 1512 Marci
879 1448 1036 1533 Tyrensis
1052 1449 1112 1513 tibi
1130 1449 1170 1515 de
1195 1451 1264 1515 iure
1289 1437 1451 1515 communi
1476 1457 1673 1538 competunt,
1698 1452 1941 1528 subtrahuntur,

286 1574 307 1616 a
329 1551 425 1617 nobis
450 1554 612 1617 instanter
635 1558 669 1616 et
692 1551 859 1616 humiliter
881 1553 1038 1638 petivisti,
1064 1560 1099 1618 ut
1122 1575 1221 1639 super
1243 1554 1305 1618 hoc
1329 1553 1522 1642 indempnes
1537 1561 1570 1620 te
1587 1577 1625 1619 ae
1641 1557 1747 1641 ipsam
1760 1554 1942 1640 Tyrensem

288 1657 463 1721 ecclesiam
490 1676 706 1756 servaremus.
752 1656 821 1720 Nos
853 1657 979 1742 itaque,
1015 1659 1079 1722 tuis
1108 1658 1401 1744 supplicationibus
1429 1665 1630 1739 annuentes,
1661 1659 1857 1725 fraternitati
1886 1664 1941 1722 tue

287 1761 488 1846 presentium
516 1761 710 1825 auctoritate
740 1760 962 1840 concedimus,
996 1767 1033 1824 ut
1067 1783 1165 1847 super
1198 1762 1330 1827 decimis
1365 1770 1398 1826 et
1433 1762 1559 1827 iuribus
1594 1763 1784 1828 memoratis
1815 1761 1874 1826 tibi
1909 1767 1942 1825 et

286 1864 349 1950 ipsi
377 1863 516 1950 Tyrensi
546 1863 702 1942 ecclesie,
738 1863 844 1950 quoad
879 1863 1081 1950 sepedictam
1112 1865 1286 1930 ecelesiam
1316 1866 1420 1930 saneti
1450 1865 1552 1930 Marci
1581 1865 1751 1952 Tyrensis,
1787 1869 1940 1950 pretextu

290 1968 508 2054 exemptionis
544 1969 691 2033 eiusdem
725 1968 848 2033 nullum
883 1969 1096 2054 preludieium
1130 1975 1315 2055 generetur.
1369 1968 1459 2033 Nulli
1499 1973 1577 2056 ergo
1609 1974 1671 2034 etc.
1710 1975 1821 2034 nostre
1863 1988 1941 2032 con-

290 2072 450 2137 cessionis
473 2078 536 2138 etc.

396 2192 473 2260 Dat.
495 2192 658 2280 Lugduni,
682 2192 717 2258 Il
740 2191 789 2256 Id.
813 2191 968 2272 Ianuarii,
993 2215 1079 2260 anno
1096 2195 1171 2261 V10.

1075 2687 1161 2761 638.

395 2796 614 2892 Innocentius
637 2823 694 2889 IV
708 2845 798 2909 pepe
820 2825 1018 2910 R[eynerio]
1041 2825 1177 2892 Sanctae
1206 2825 1337 2889 Merme
1367 2825 1402 2888 in
1429 2825 1590 2891 Gesnridin
1617 2825 1748 2890 dirreono
1776 2825 1944 2901 cardinali,

291 2931 477 3014 apostolieae
499 2929 582 2994 sedis
604 2931 704 3012 lepnte
725 2929 870 3007 coneedit,
898 2932 934 2993 nt
955 2949 1060 2994 menes
1081 2930 1359 2995 cacerrnnnnicntos
1381 2930 1417 2994 dc
1439 2950 1533 3012 repno
1557 2931 1696 3008 Siciliae,
1723 2930 1767 2993 nd
1788 2930 1947 2996 ecelesiam

293 3033 396 3098 redire
427 3034 587 3111 eobntes„
609 3033 767 3098 absolvere
798 3038 829 3099 et
854 3034 1023 3100 interdicte
1049 3035 1210 3100 civitatem
1236 3037 1265 3098 et
1294 3034 1430 3098 locornnc
1457 3033 1570 3098 ibidem
1597 3034 1744 3098 relocare
1767 3034 1876 3112 possit.
1907 3070 1941 3080 —

292 3135 405 3202 Eidem
426 3136 509 3201 mem
531 3138 567 3200 in
583 3137 752 3221 provincie
777 3139 907 3203 Tusciae
930 3138 1075 3205 coneedit.
1599 3139 1693 3214 1249,
1717 3135 1860 3204 Ion.18.

396 3257 458 3310 Inrr.
473 3256 491 3310 1
495 3256 522 3309 V
537 3256 601 3325 Ray.
621 3256 681 3310 Lib.
697 3256 744 3325 VI,
759 3257 780 3323 s.
796 3265 833 3325 70,
851 3273 907 3312 carr.
929 3275 957 3312 n.
970 3265 1004 3312 25
1022 3264 1046 3312 ct
1064 3265 1102 3312 26.

396 3344 525 3413 Potesne,
547 3345 610 3414 nen.
624 3351 701 3400 13168
718 3351 742 3398 et
761 3351 855 3410 13169,·
873 3346 974 3415 Βῆριν
986 3353 1054 3401 4686
1071 3351 1094 3399 et
1112 3353 1186 3400 4687.

1109 3518 1135 3585 Ι.

505 3644 552 3718 R.
582 3647 745 3720 Sancte
773 3646 908 3720 Merie
935 3647 980 3720 in
1007 3647 1238 3720 Ccsmidiu
1265 3647 1459 3720 diacono
1488 3645 1736 3734 cardinali,

790 3768 1067 3861 apostolice
1096 3768 1231 3842 sedis
1257 3767 1451 3860 legaret

403 3915 449 3980 Ut
464 3918 631 4001 negotium
647 3918 842 3983 universalis
859 3917 998 3983 ecclesie
1015 3923 1107 3982 tauto
1131 3917 1249 3981 lortius
1272 3924 1304 3981 te
1328 3916 1492 3982 mediante
1517 3917 1676 4003 proficiat,
1700 3924 1821 4002 quanto
1846 3915 1950 3980 maior

296 4026 442 4103 potestas
465 4020 522 4084 tibi
546 4021 645 4087 luerit
668 4021 709 4086 ab
732 4021 916 4108 apostolico
943 4019 1021 4086 sede
1050 4041 1221 4100 concessa,
1253 4019 1424 4106 prudentie
1450 4028 1503 4085 tue
1527 4020 1723 4085 auctoritate
1748 4020 1949 4105 presentium

296 4122 449 4186 duximus
473 4125 662 4209 specialiter
684 4125 940 4208 eoncedendum,
963 4132 1000 4190 ut
1021 4125 1192 4190 universos
1217 4131 1250 4188 et
1273 4126 1417 4210 singulos
1442 4123 1481 4189 de
1505 4145 1606 4208 regno
1625 4123 1737 4187 Sicilie
1753 4122 1794 4187 ad
1811 4122 1949 4187 ecclesie

298 4228 459 4312 gremium
475 4227 583 4292 redire
599 4230 760 4310 volentes,
785 4250 979 4315 quocunque
997 4232 1062 4293 sint
1085 4228 1424 4293 excommunicatione
1446 4227 1538 4312 ligati
1562 4233 1595 4288 et
1618 4225 1765 4310 qualibet
1788 4225 1952 4289 sententia

298 4333 377 4396 iuris
401 4333 452 4396 vel
477 4333 593 4397 iudicis
616 4332 771 4414 innodati,
795 4334 907 4398 valeas
931 4355 990 4419 per
1013 4342 1044 4396 te
1061 4332 1114 4396 vel
1136 4353 1196 4418 per
1218 4325 1317 4394 aliuni
1341 4333 1434 4394 iuxta
1449 4331 1585 4394 formem
1603 4330 1743 4394 ecclesie
1761 4334 1949 4394 consuetam

296 4436 484 4514 absolvere,
523 4458 560 4501 ae
588 4436 761 4502 interdicta
792 4437 958 4501 civitatum
988 4443 1021 4500 et
1048 4435 1183 4499 oliorum
1214 4435 1360 4497 locorum
1391 4433 1483 4518 regni
1514 4430 1660 4497 eiusdem
1692 4432 1734 4496 ad
1760 4431 1949 4497 mandatum

298 4539 438 4605 ecclesio
474 4539 641 4605 humiliter
677 4541 901 4620 redeuntium,
937 4540 978 4605 ob
1013 4558 1238 4624 quameunque
1270 4559 1401 4603 causum
1430 4543 1463 4602 et
1494 4537 1726 4621 cuiuscumque
1758 4537 1950 4601 auctoritate

298 4645 448 4710 civitates
472 4651 506 4711 et
528 4646 600 4710 loce
622 4646 751 4731 prefata
775 4645 839 4710 sint
861 4643 1033 4709 interdicto
1058 4643 1236 4728 supposita,
1262 4643 1423 4706 relaxare.
1460 4639 1529 4704 Nos
1550 4640 1636 4704 enirn
1653 4646 1757 4705 ratum
1775 4647 1808 4706 et
1824 4640 1951 4704 firmum

298 4747 504 4829 habebimus,
528 4749 680 4834 quiequid
704 4749 886 4834 superbiis
911 4747 1045 4813 duxeris
1070 4743 1289 4811 laciendu1n².

402 4872 478 4938 Dat.
502 4872 665 4958 Lugduni,
687 4873 752 4937 XV
774 4871 849 4938 Kal.
874 4871 1056 4947 Februarii,
1080 4891 1165 4934 anno
1182 4869 1257 4933 VI⁰.

1106 5059 1149 5126 ll.

1045 5186 1215 5260 Eidem.

409 5325 455 5390 Ut
477 5325 646 5410 negotium
670 5330 733 5389 ete.
761 5329 797 5387 ut
821 5343 920 5408 supra
944 5341 1060 5406 usque:
1094 5325 1127 5384 et
1156 5319 1301 5403 singulos
1329 5317 1370 5380 de
1395 5314 1560 5401 provincia
1583 5309 1724 5376 Tuscie³
1747 5310 1788 5376 sd
1812 5311 1952 5376 ecclesie

300 5429 460 5514 gremium
485 5434 547 5492 etc.
570 5447 674 5514 usquc
698 5427 731 5491 in
754 5427 863 5491 finem.

404 5657 430 5722 ι)
451 5653 494 5708 De
511 5652 557 5706 noe
574 5653 607 5719 cr:
625 5670 653 5706 n.
666 5659 713 5706 sec
724 5633 755 5707 'e
773 5657 830 5704 ces.
931 5651 958 5716 r)
979 5646 1019 5714 cr.
1033 5661 1062 5715 μ
1075 5652 1131 5713 437,
1148 5649 1204 5698 not.
1218 5653 1241 5698 2.
1338 5644 1365 5709 3)
1386 5641 1423 5709 er:
1442 5639 1671 5706 annm-erne,
1690 5640 1707 5692 r.
1720 5655 1742 5692 e.
1760 5645 1824 5694 arcs
1841 5644 1865 5692 e
1882 5643 1953 5696 3763.
