4328 6232
820 306 869 362 EX
887 305 1104 363 innocentii
1124 306 1162 362 IV
1181 306 1361 364 REGIS'I'RO

1049 587 1128 653 XII.

255 743 258 749 -
367 671 585 765 Innocentius
607 699 663 763 IV
678 719 769 782 popa
790 697 948 763 uninomia
966 698 1160 781 Campaniae
1182 700 1212 761 ct
1233 695 1422 762 Maritimae
1443 697 1583 777 nunciat
1605 702 1642 762 ut
1664 697 1797 785 P[etro]
1817 700 1916 766 cordi·

262 804 341 881 omli,
362 803 474 867 rectem
488 821 552 880 suo,
575 803 623 867 oet
637 803 756 866 vicario
770 803 838 866 cius
852 802 888 865 in
903 800 1046 866 carnibus
1060 801 1215 878 obediant,
1237 801 1349 865 scituri
1363 820 1395 865 sc
1410 821 1514 867 omncs
1528 802 1686 868 uulodios
1707 804 1868 869 ciuitatum
1890 810 1916 868 ct

262 908 397 971 locorum
411 906 572 987 aliquibus
586 924 684 987 usquc
698 905 741 970 ad
756 905 980 987 beneplacitum
996 905 1198 986 apostolicum
1213 904 1391 969 commissos
1405 925 1556 970 rovocare.
1607 908 1702 984 1249,
1725 908 1806 989 Apr.
1826 913 1876 974 15.

279 1051 283 1056 ·
369 1026 431 1078 Iun.
451 1024 498 1078 IV
513 1024 578 1094 ch.
598 1024 985 1092 carraccetenses.

367 1112 497 1180 Putant,
518 1112 582 1180 Rq.
595 1119 689 1180 132743
707 1113 897 1180 Bersumno.

394 1274 646 1348 Universis
674 1275 927 1366 Campanis
955 1297 1007 1348 ac
1032 1275 1283 1364 Maritima,
1311 1274 1547 1348 fidelibus
1574 1275 1794 1349 nostris¹.

372 1405 453 1471 Oum
477 1406 597 1471 dilecto
620 1407 687 1472 filio
718 1415 830 1472 nostro
856 1407 892 1471 P.
919 1406 1028 1473 Sancti
1053 1407 1190 1492 Georgii
1212 1407 1388 1472 achlum
1412 1406 1559 1473 Aureum
1590 1406 1729 1473 diacono
1760 1408 1917 1474 cardinali

264 1510 477 1598 Campaniam
500 1519 534 1575 et
557 1509 755 1575 Maritimam
780 1512 821 1576 de
845 1513 980 1577 fratrum
1005 1519 1191 1577 nostrorum
1214 1511 1352 1576 consilio
1375 1511 1566 1576 duxerimus
1590 1512 1855 1591 committendas,
1884 1524 1918 1576 ut

263 1620 419 1698 tanquam
452 1620 561 1678 rector
593 1615 624 1677 in
659 1615 785 1679 eisdem
814 1616 963 1700 partibus
994 1615 1226 1679 amministrat:
1263 1615 1468 1679 universitati
1499 1621 1608 1679 vestre
1643 1636 1703 1701 per
1736 1616 1918 1703 apostolica

264 1718 385 1804 scripta
415 1718 553 1782 firmiter
581 1718 794 1804 precipiendo
826 1719 1034 1798 mandamus,
1066 1718 1219 1805 quatinus
1249 1717 1355 1783 cidem
1386 1718 1544 1782 cardinali
1567 1718 1618 1782 vel
1646 1719 1718 1783 eius
1742 1720 1864 1783 vicario
1887 1719 1918 1782 in

263 1821 414 1885 omnibus
438 1821 573 1887 obedire
596 1843 635 1885 ac
659 1822 831 1887 intendere
855 1822 1037 1908 procuretis
1054 1859 1095 1870 —
1111 1822 1352 1887 nonobstante
1377 1823 1403 1886 si
1426 1822 1534 1908 alique
1558 1823 1707 1888 civitates
1731 1829 1790 1887 aut
1813 1828 1920 1887 eastra

262 1926 315 1989 vel
338 1926 411 1989 loca
433 1925 577 1991 tenenda
606 1948 664 1990 sen
696 1926 910 1991 custodienda
939 1927 1187 2012 quibuscunque
1217 1926 1366 2013 personis
1396 1933 1429 1990 et
1458 1925 1674 2011 undecunque
1706 1925 1829 1991 inerint
1857 1927 1920 1990 sint

262 2027 303 2090 ab
335 2029 517 2113 apostolica
548 2030 627 2094 sede
657 2032 832 2095 commissa
863 2052 967 2116 nsque
1001 2031 1041 2094 nd
1072 2040 1183 2095 nostre
1215 2030 1457 2116 beneplacitum
1489 2029 1680 2100 voluntatis:
1718 2050 1801 2115 quas
1832 2050 1918 2094 com-

261 2131 435 2197 missiones
469 2135 600 2218 penitus
634 2154 833 2201 revocamus.
886 2135 1040 2221 Alioquin
1075 2135 1274 2214 sententias,
1313 2153 1395 2219 quas
1430 2132 1516 2196 idem
1552 2132 1726 2196 cardinalis
1759 2132 1814 2197 vel
1849 2134 1918 2198 eius

263 2235 403 2300 vicarius
428 2237 640 2322 spiritualiter
663 2239 714 2302 vel
738 2239 965 2325 temporaliter
987 2240 1098 2304 tulerit
1120 2240 1153 2303 in
1177 2238 1320 2304 rebelles
1344 2243 1431 2303 cte.⁸.

371 2355 447 2422 Dat.
471 2355 633 2442 Lugduni,
656 2358 758 2422 XVII
780 2358 855 2423 Kal.
879 2360 968 2440 Maii,
995 2357 1092 2445 [anno
1109 2357 1248 2444 VI⁰]¹’².

1047 2648 1142 2713 XIII.

316 2799 318 2803 ν
366 2731 582 2829 Irermccntius
605 2762 662 2827 IV
673 2782 764 2844 papo
785 2760 891 2826 abbati
912 2765 941 2824 cl
963 2763 1185 2826 conventreiae
1209 2762 1358 2827 craseollis
1380 2763 1564 2828 orronnstcrii
1585 2762 1761 2848 Fcrfcnsis
1783 2764 1921 2842 nmndat,

260 2868 296 2925 ut
311 2863 439 2949 P[otro]
461 2866 630 2947 cardinali,
652 2868 764 2932 rectem
782 2867 976 2947 &amonim
998 2870 1028 2930 et
1043 2866 1227 2945 Romonioc,
1250 2867 1298 2931 nel
1320 2867 1439 2931 oleario
1461 2868 1529 2930 circs
1552 2866 1586 2930 in
1608 2867 1754 2932 onrnibm
1768 2869 1918 2931 olndiont.

366 2985 429 3039 Inte.
449 2985 468 3036 Ι
471 2982 496 3037 V
512 2985 576 3054 Rea.
595 2986 654 3041 Iun.
670 2986 717 3054 VI,
733 2987 753 3052 s.
768 2994 804 3055 71,
822 3001 879 3041 eun.
897 3002 925 3041 n.
937 2992 979 3040 35.
1565 2972 1659 3048 1249,
1679 2973 1762 3053 Apr.
1782 2974 1833 3037 Π).

366 3070 495 3138 Portae,
516 3071 579 3140 Rea.
592 3079 687 3140 132743
704 3074 801 3142 Bcrqcr
817 3080 889 3127 4696.

512 3290 550 3308 ..
579 3235 730 3309 abbati
758 3241 801 3308 ct
827 3232 1067 3307 conventui
1094 3254 1141 3306 ae
1168 3233 1412 3307 universis
1438 3234 1669 3309 vassallis

815 3354 1092 3429 monasterii
1119 3354 1374 3428 Farfensis

370 3486 452 3553 Cum
475 3488 596 3553 dilecto
619 3487 688 3553 filio
712 3496 822 3551 nostro
847 3486 882 3552 P.
908 3487 1021 3551 Sancti
1044 3486 1179 3571 Georgii
1202 3486 1243 3551 ad
1260 3486 1381 3552 Velum
1403 3487 1549 3552 Aureum
1577 3486 1714 3550 diacono
1738 3485 1911 3550 cardinali⁸

262 3588 472 3677 Campaniam
503 3599 536 3655 et
564 3592 782 3656 Romaniam⁴
810 3591 852 3655 dc
884 3591 1022 3655 fratrum
1048 3597 1231 3654 nostrorum
1264 3591 1401 3655 consilio
1431 3590 1623 3655 duxerimus
1655 3589 1911 3654 committendas.

261 3699 298 3756 ut
319 3692 441 3758 ibidem
465 3680 629 3780 tamquam
653 3684 816 3760 rectoria
840 3694 989 3759 omnibus
1018 3694 1251 3758 amministret:
1280 3693 1487 3760 universitati
1511 3701 1621 3759 vestre
1649 3715 1710 3781 per
1737 3693 1914 3780 apostoliea
1954 3730 1970 3768 =

262 3797 385 3883 scripta
407 3798 545 3863 firmiter
567 3798 778 3886 precipiendo
800 3797 1010 3877 mandamus,
1040 3798 1195 3884 quatinus
1219 3797 1325 3862 eidem
1350 3797 1505 3863 cardinali
1529 3804 1697 3883 tamqnam
1722 3796 1844 3863 rectori
1866 3796 1914 3861 vel

263 3902 334 3965 eius
350 3901 472 3966 vicario
490 3902 669 3967 intendatis
687 3909 721 3967 et
735 3901 897 3966 obediatis
921 3902 954 3966 in
977 3902 1202 3988 spiritualibus
1227 3909 1260 3966 et
1282 3901 1518 3988 temporalibus
1541 3901 1711 3966 humiliter
1733 3910 1768 3966 et
1793 3901 1915 3966 devote.

261 4005 417 4090 Alioquin
448 4006 647 4086 sententias,
679 4026 760 4090 quas
790 4005 876 4070 idem
899 4005 951 4069 vel
976 4005 1117 4069 vicarius
1140 4026 1219 4069 suus
1243 4005 1456 4089 spiritualiter
1480 4012 1537 4068 ant
1559 4004 1786 4091 temporaliter
1808 4002 1917 4069 tulerit

263 4108 296 4172 in
320 4108 464 4175 rebelles
488 4116 550 4174 etc.

370 4210 447 4276 Dat.
470 4220 506 4277 ut
530 4235 639 4299 supra.

369 4332 408 4397 In
440 4333 580 4399 cundem
611 4333 744 4400 medum
775 4385 811 4398 ..
842 4334 953 4399 abbati
985 4341 1019 4399 ct
1050 4333 1222 4398 conventui
1254 4344 1314 4398 acc
1348 4334 1508 4399 universis
1539 4319 1705 4400 vassallis⁴
1728 4333 1918 4399 monasterii

262 4436 366 4500 sancti
391 4435 573 4502 Salvatoris
597 4437 638 4503 de
661 4437 780 4505 Reate.

368 4537 406 4604 In
441 4539 581 4605 cundem
618 4540 750 4604 modum
782 4592 789 4608 .
816 4593 823 4608 .
851 4542 961 4608 abbati
997 4549 1031 4606 et
1065 4541 1242 4607 conventui
1275 4560 1314 4604 ac
1347 4540 1511 4606 universis
1540 4541 1695 4606 vassallis
1730 4539 1919 4606 monasterii

264 4641 485 4708 sublacensis.

365 4852 389 4916 ⁸)
409 4861 435 4904 et
452 4852 485 4904 n.
591 4851 616 4918 b)
635 4854 765 4905 anrrnV1⁰
784 4854 853 4905 decet
871 4855 902 4905 R.
1009 4855 1033 4918 c)
1051 4857 1192 4908 conventui
1210 4861 1270 4936 meir
1289 4871 1320 4906 ac
1338 4853 1369 4903 n.

366 4989 390 5054 l)
415 4986 601 5054 Inuniqrtionis
624 4988 713 5052 formo
736 4994 805 5042 recto
827 5006 881 5043 esec
903 5007 959 5043 nou
981 4990 1102 5059 Macer,-
1124 4993 1155 5057 cs.
1177 5008 1205 5045 n.
1218 4988 1250 5044 V.
1284 4988 1461 5056 somene
1482 4988 1514 5041 in
1536 4986 1648 5042 cundem
1670 4986 1779 5042 moduni
1799 4987 1920 5054 tiddsbus

264 5073 403 5126 Manubiae
420 5079 444 5127 ct
463 5073 590 5128 Ducatur
607 5074 654 5142 [es.
672 5092 699 5128 n.
716 5076 794 5130 XIV
787 5077 814 5147 J,
839 5077 964 5130 Sabinam
980 5083 1004 5131 ct
1024 5076 1188 5132 Patrinreuii
1204 5078 1236 5129 iu
1256 5075 1354 5129 macto
1375 5072 1542 5129 anabudum
1560 5074 1645 5139 suune
1661 5072 1773 5142 ideoque
1790 5075 1919 5128 aarum

261 5174 298 5227 ep.
317 5163 387 5212 mita
404 5159 575 5228 inscriptione
591 5162 715 5231 cernuae,
738 5163 891 5217 nomirubus
912 5180 1002 5218 mun
1019 5164 1114 5232 quibem
1131 5180 1168 5232 cp.
1187 5161 1319 5217 mittenda
1336 5167 1400 5216 essct
1416 5162 1509 5229 uliqrte
1525 5161 1582 5215 loeo
1598 5160 1709 5216 trenta
1726 5160 1875 5228 omma,
1897 5165 1919 5213 et

257 5250 366 5313 molter
383 5245 431 5300 boc
447 5247 638 5314 reparatorem
655 5249 747 5303 tainus
763 5252 893 5324 mnam
908 5252 986 5317 facilc
1003 5268 1094 5306 errare
1107 5251 1239 5319 paucam
1256 5249 1288 5316 cs.
1304 5266 1334 5318 p.
1346 5257 1404 5317 490,
1422 5253 1477 5302 not.
1490 5256 1514 5302 4.
1597 5247 1625 5312 2)
1639 5245 1740 5300 ΡΜ
1751 5247 1856 5315 ΨΜ
1867 5263 1919 5300 ”⁰¹²

260 5332 412 5400 appellum
429 5338 452 5386 ct
468 5337 533 5386 nota
550 5333 664 5389 elrrmwl.
679 5336 825 5404 nunripta
841 5343 885 5392 cst.
971 5339 999 5406 3)
1016 5338 1113 5392 Poteris
1130 5338 1231 5407 [φαῖνε
1249 5353 1306 5390 amn
1325 5337 1478 5405 appelatur
1501 5340 1526 5389 et
1544 5339 1655 5403 noue
1675 5333 1753 5387 rerba
1775 5334 1917 5393 minan
1962 5364 1970 5372 ·

256 5424 359 5486 purtem
377 5437 439 5474 mene
456 5420 539 5474 rubia
555 5436 594 5488 cp.
612 5437 640 5475 n.
655 5419 724 5475 XII
735 5424 907 5491 minuentis
924 5424 1062 5492 epistolam
1079 5430 1102 5477 et
1119 5424 1205 5492 meum
1222 5425 1290 5491 Apu.
1305 5430 1334 5476 lt
1349 5421 1476 5491 canoa
1488 5426 1629 5491 mnus.
1714 5420 1745 5488 4)
1763 5418 1918 5473 ‘Romanus’

260 5502 330 5556 idem
347 5505 496 5573 nqrvifiourc
512 5505 617 5559 aduror
633 5511 712 5574 atquc
729 5507 876 5575 ‘Sabiniu',·
898 5527 964 5563 nram
982 5509 1072 5576 Furfo
1090 5514 1113 5562 et
1133 5509 1216 5563 Rurtc
1233 5508 1271 5560 od
1290 5506 1437 5573 Soldniosn,
1461 5506 1592 5561 Macros
1610 5505 1647 5558 od
1665 5506 1845 5574 Canninium
1860 5521 1916 5574 str-

262 5589 396 5657 tincbnnt,·
413 5592 443 5657 efi
460 5609 488 5647 u.
509 5591 594 5659 XIX,
616 5591 680 5646 XX
696 5598 719 5646 et
740 5592 859 5649 XXIX.
