4784 6332
864 419 1065 477 EPISTOLAB
1083 421 1274 481 subucula.
1311 425 1387 483 1247.

1086 786 1172 861 312.

403 891 622 986 Innocentius
642 919 697 986 IV
709 941 799 1006 papa
831 942 900 986 eam
926 922 1066 990 Falcone
1099 928 1205 993 comite
1231 927 1413 1012 Lucaniae,
1444 936 1520 997 acte
1553 933 1711 1016 quondam
1747 934 1955 1003 Ravaseterii

297 1029 433 1108 comitis,
462 1025 638 1108 dispensat,
673 1029 708 1090 at
737 1025 856 1091 Aldam
887 1026 1002 1092 dietam
1032 1028 1260 1112 Pastoreetam,
1291 1040 1404 1116 quarto
1438 1038 1723 1120 ccasaaqaiaitatis
1753 1041 1857 1122 prada
1889 1062 1953 1106 aaa

297 1131 445 1208 stemate,
467 1131 504 1194 ia
526 1149 655 1194 acrorem
676 1131 814 1211 accipere
836 1131 949 1198 calcat.
1623 1145 1716 1221 1247,
1738 1143 1820 1226 Apr.
1836 1146 1866 1210 5.

402 1251 467 1392 {pm
480 1249 529 1304 IV
543 1251 606 1320 Rea.
625 1251 794 1319 raama·
814 1249 875 1305 Iao.
889 1251 910 1304 Ι
913 1251 942 1320 V,
960 1261 1015 1309 510.
1052 1255 1203 1324 Εφίαοὶαπι
1220 1273 1253 1312 ee
1271 1258 1387 1327 Repertis
1404 1259 1541 1328 descripsit
1564 1260 1770 1318 measure.

429 1353 502 1408 erqer
514 1344 585 1393 2506.

400 1536 559 1610 Nobili
596 1535 701 1609 viro
738 1535 941 1611 Fulconi
976 1539 1140 1614 comiti
1177 1542 1417 1632 Lavanie¹,
1454 1548 1569 1618 nato
1605 1546 1847 1637 quondam

841 1658 1171 1736 Ravaseherii
1206 1663 1409 1739 comitis.

405 1808 479 1873 Etsi
503 1807 687 1873 coniunctio
710 1808 828 1894 copule
852 1809 1058 1895 coniugalis⁸
1080 1810 1112 1875 in
1137 1817 1251 1897 quarto
1272 1813 1565 1899 consanguinitatis
1588 1817 1641 1881 vel
1657 1816 1824 1883 affinitatis
1847 1817 1951 1904 gradu

297 1916 400 1979 sacris
424 1915 467 1979 sit
489 1914 667 1979 canonibus
689 1912 878 1994 interdicta,
909 1915 1045 2000 provide
1076 1923 1186 1983 tamen
1210 1938 1309 2002 super
1336 1919 1399 1983 hiis
1423 1919 1587 1984 interdum
1610 1919 1758 1986 Romana
1781 1920 1951 2008 dispenset

297 2017 455 2098 ecclesia,
485 2017 629 2082 maxime
658 2037 732 2080 cum
761 2037 883 2102 urgens
908 2019 1090 2083 necessitas
1118 2021 1171 2085 vel
1195 2019 1331 2098 evidens
1353 2022 1479 2086 utilitas
1509 2021 1541 2085 id
1564 2025 1723 2110 exposcit.
1770 2025 1949 2112 Sperantes

293 2121 394 2206 igitur
416 2126 449 2187 te
472 2141 511 2184 ac
534 2127 608 2185 tuos
630 2119 771 2185 ecclesie
787 2119 937 2186 Romane
959 2120 1029 2187 fore
1045 2123 1271 2209 multipliciter
1289 2124 1484 2206 fructuosos,
1508 2124 1693 2192 devotionis
1716 2134 1771 2195 tua
1794 2128 1948 2215 precibus

294 2223 458 2304 inclinati,
486 2229 522 2288 ut
549 2221 669 2288 Aldam
701 2222 823 2287 dictam
846 2223 1091 2302 Pastoreetam,
1116 2225 1289 2292 mulierem
1317 2228 1351 2291 in
1384 2235 1500 2312 quarto
1528 2229 1631 2314 gradu
1655 2229 1949 2318 consanguinitatis

293 2327 353 2392 teb
382 2327 467 2393 siout
493 2327 615 2392 asseris
643 2326 901 2412 contingentem,
930 2327 1081 2414 accipere
1109 2330 1222 2395 valeas
1253 2330 1357 2398 libere
1381 2333 1414 2397 in
1436 2353 1574 2398 uxorem
1598 2336 1948 2421 -consanguinitate

294 2451 360 2496 non
384 2430 536 2497 obstante
559 2429 707 2517 predicta
730 2467 782 2510 -,
816 2435 925 2494 tecum
950 2433 1146 2497 auctoritate
1176 2434 1356 2520 apostolica
1385 2435 1625 2522 dispensamus.
1668 2437 1760 2503 Nulli
1783 2461 1862 2524 ergo
1886 2447 1948 2505 etc.
2036 2501 2047 2514 ,

294 2541 406 2602 nostre
430 2534 683 2621 dispensationis
706 2540 769 2600 etc.
815 2534 926 2620 Siquis
949 2540 1012 2600 eto.

396 2656 474 2722 Dat.
496 2657 659 2743 Lugduni,
681 2656 765 2721 Non.
788 2656 895 2743 April.
919 2678 1005 2721 anno
1027 2663 1151 2742 quarto.

1075 3288 1161 3364 313.

396 3403 614 3498 [cromatius
636 3425 692 3496 19
710 3450 800 3514 papa
826 3425 1032 3514 alcusam]
1054 3429 1190 3496 Sanctae
1217 3430 1349 3497 Mariae
1374 3432 1411 3496 ia
1440 3429 1498 3498 Via
1521 3430 1607 3499 Lata
1628 3431 1758 3499 diacono
1779 3431 1947 3512 cardinali,

291 3537 477 3617 apostelicae
499 3534 582 3599 sedis
605 3535 713 3616 legato,
737 3533 878 3614 mandat,
901 3538 937 3598 at
951 3534 1114 3599 aaioersos
1132 3535 1294 3616 praelatas
1309 3535 1518 3602 Lembardiae
1539 3541 1569 3600 ct
1585 3537 1793 3603 Romaiolae
1815 3540 1946 3615 raserat,

291 3644 326 3705 at
349 3643 458 3704 centra
480 3639 681 3705 Fridericam
703 3638 861 3720 quondam
883 3639 1100 3720 imperatorem
1122 3661 1241 3706 cracem
1259 3641 1452 3722 praedicent.
1620 3645 1714 3721 1247,
1730 3641 1811 3722 Apr.
1828 3642 1858 3706 9.

396 3759 459 3812 Iam.
479 3757 529 3812 IV
548 3758 613 3828 Rey.
636 3757 691 3812 Vol.
710 3756 735 3826 1,
757 3763 823 3825 4255
848 3757 909 3812 La.
926 3756 980 3826 IV,
996 3774 1053 3813 aar.
1072 3765 1112 3814 83.

394 3845 492 3914 Rapa
508 3851 582 3899 2999.

445 4041 489 4116 Ο.
526 4043 703 4118 Sancte
736 4041 884 4116 Maria
920 4042 968 4114 in
1004 4042 1090 4118 Via
1126 4045 1242 4118 Lala
1277 4043 1487 4118 diacono
1522 4045 1789 4134 cardinali,

798 4163 1078 4255 apostolice
1103 4164 1238 4237 sedis
1264 4164 1440 4257 legate.

397 4315 471 4380 Etsi
494 4313 534 4378 ad
557 4313 781 4378 defensionem
805 4311 964 4376 catholice
987 4311 1064 4376 fidei
1088 4318 1121 4376 et
1144 4313 1370 4379 ecclesiastice
1398 4315 1558 4380 libertatis
1583 4335 1713 4396 omnes,
1743 4334 1823 4399 quos
1848 4311 1942 4377 Obri-

289 4420 395 4485 stiana
418 4417 574 4483 discernit
598 4415 725 4501 religio,
742 4422 927 4497 teneantur,
950 4415 1010 4480 viri
1027 4421 1136 4480 tamen
1152 4415 1378 4497 ecclesiastici,
1404 4423 1471 4482 tam
1488 4418 1634 4503 religiosi
1651 4438 1748 4502 quam
1764 4416 1943 4494 seculares,

288 4531 322 4588 et
345 4523 520 4610 presertim
544 4520 756 4585 ecclesiarum
781 4518 899 4605 prelati
924 4524 986 4582 eto.
1009 4524 1046 4582 ut
1069 4539 1168 4604 supra
1190 4519 1223 4582 in
1247 4519 1319 4600 illa,
1344 4541 1407 4605 que
1430 4521 1584 4586 scribitur
1605 4521 1642 4587 P.
1667 4519 1780 4585 Sancti
1805 4518 1939 4604 Georgii

287 4626 328 4692 ad
344 4627 464 4692 Velum
481 4624 628 4690 Aureum
652 4621 790 4687 diacono
806 4621 976 4703 cardinali,
993 4622 1174 4708 apostolice
1196 4621 1285 4686 sedis
1308 4623 1445 4708 legator,
1467 4644 1591 4710 usque:
1615 4624 1767 4689 fidelibus
1788 4622 1940 4688 elidendi.

287 4730 433 4815 Ideoque
458 4728 661 4810 mandamus,
686 4728 840 4816 quatinus
864 4727 1034 4792 universos
1058 4727 1271 4792 eeclesiarum
1295 4729 1440 4813 prelatos
1463 4727 1661 4794 Lombardie
1685 4750 1724 4793 ac
1746 4728 1941 4793 Romaniole

287 4841 413 4900 attente
436 4853 572 4898 moneas
596 4839 630 4897 et
652 4832 804 4912 inducas,
833 4836 886 4912 ut,
918 4830 1124 4895 considerato
1152 4829 1292 4894 sollicite
1322 4837 1401 4916 quot
1428 4831 1672 4897 tribulationum
1700 4832 1826 4897 malleis
1854 4831 1941 4896 idem

205 4955 233 4994 ao
286 4936 474 5000 l'ridericus
519 4957 584 5002 non
625 4936 729 5001 solum
768 4933 1006 5000 ecclesiarum‘¹
1040 4934 1099 4998 sed
1143 4934 1242 4999 etiam
1277 4941 1380 4999 totum
1419 4935 1490 5000 fere
1527 4935 1747 5002 Christianum
1784 4935 1942 5022 populum

205 5741 230 5780 ³5

285 5040 464 5126 flagellarit
488 5045 551 5105 etc.
574 5045 610 5104 ut
633 5040 666 5103 in
690 5038 806 5118 eadem
829 5058 949 5124 usque:
973 5036 1193 5123 impenderint
1215 5044 1420 5124 oportunum.

389 5160 466 5228 Dat.
488 5160 652 5247 Lugduni,
676 5160 708 5224 V
731 5160 810 5225 Idus
833 5159 966 5246 Aprilis,
990 5182 1075 5225 anno
1098 5167 1226 5247 quarto.

389 5455 414 5526 ι)
433 5443 581 5528 'c'oniugalis
598 5442 692 5528 dopule
710 5457 743 5511 Ii.
841 5455 867 5522 b)
885 5459 932 5512 tibi
950 5459 983 5512 12.
1079 5458 1102 5524 0)
1119 5477 1146 5510 a.
1163 5462 1223 5512 309.
1258 5458 1400 5525 Epistulam
1420 5474 1451 5508 ea
1467 5456 1565 5507 minata
1583 5473 1621 5521 ep.
1640 5472 1667 5506 a.
1684 5457 1735 5507 309
1751 5455 1871 5521 scriptum
1889 5473 1942 5508 erre

281 5555 421 5614 putamrra;
438 5549 472 5614 cs.
489 5565 516 5615 p.
535 5551 590 5612 221,
606 5555 657 5600 aot.
677 5553 698 5599 1.
803 5543 828 5611 d)
847 5547 881 5613 ef.
896 5564 925 5612 p.
943 5549 1004 5610 236,
1020 5555 1073 5598 aot.
1091 5565 1115 5598 a.

390 5737 414 5800 l)
434 5735 533 5790 Eraer.
548 5740 571 5788 et
586 5750 623 5788 or:
636 5735 682 5788 cir.
699 5733 810 5787 Icariae.
843 5734 921 5801 Papa
933 5734 990 5802 ipse
1003 5749 1119 5802 epeaere
1132 5733 1257 5787 comitam
1270 5732 1411 5786 Laraar'ae
1424 5735 1577 5784 artrrsaat.
1609 5730 1647 5797 Of.
1661 5732 1742 5784 etiam
1757 5729 1940 5799 Berratout.
