4328 6232
255 341 318 404 392
814 337 861 392 EX
880 336 1100 393 INNOCEN'I'II
1118 336 1157 392 IV
1175 337 1356 395 auulsrao

254 512 391 597 perfidia
414 511 456 577 ad
478 513 636 596 gremium
662 513 775 577 matris
799 513 939 578 ecclesie
961 519 1181 594 revertentes,
1210 513 1336 578 eisdem
1363 514 1504 579 ecclesie
1533 537 1571 580 ac
1600 515 1671 600 regi
1698 522 1852 601 potenter
1873 537 1911 581 ac

255 621 408 701 patenter
434 618 607 696 assistant,
639 638 773 681 monere
802 616 991 701 diligentius
1020 638 1058 680 ac
1083 616 1237 682 inducere
1260 619 1454 702 procuretis.
1501 617 1596 692 Quod
1620 620 1648 684 si
1671 619 1756 684 forte
1778 620 1912 683 monitis

254 719 374 782 vestris
404 740 470 783 non
500 721 724 806 acquieverint
752 720 785 784 in
812 720 875 785 hac
903 728 996 806 parte
1028 720 1126 805 idque
1154 728 1289 808 prepter
1318 729 1441 786 metum
1471 723 1558 807 regis
1587 721 1736 787 eiusdem
1766 744 1804 787 se
1826 723 1911 789 forte

255 831 405 889 asserant
437 846 503 889 neu
535 824 670 890 audere:
708 824 758 916 ad*
784 824 969 889 huiusmodi
1006 825 1190 890 occasionis
1226 827 1396 891 materiam
1426 826 1660 912 amputandam
1691 832 1759 891 tam
1786 847 1807 890 a
1833 848 1911 912 rege

255 928 414 1014 predicto,
445 928 532 1013 quod
561 930 593 992 in
623 929 773 1015 personis
797 930 850 992 vel
872 928 970 993 rebus
994 929 1083 1015 ipses
1106 930 1312 1014 aliquatenus
1336 950 1399 993 nen
1430 929 1589 1008 offendat,
1617 951 1715 1016 quam
1745 932 1847 996 etiam
1869 931 1911 995 ab

256 1034 314 1113 sis,
338 1031 423 1118 quod
446 1033 607 1118 premissa
630 1032 818 1111 observent,
841 1033 999 1096 iuratoria
1022 1039 1055 1096 et
1077 1032 1281 1097 fideiussoria
1305 1035 1457 1098 cautione
1481 1033 1631 1120 receptis,
1654 1033 1744 1120 ipsos
1768 1035 1912 1099 auctori-

256 1141 323 1199 tate
353 1142 465 1200 nostra
487 1135 529 1199 ab
558 1137 906 1201 excommunicationis
935 1137 1113 1217 sententia,
1145 1157 1241 1221 quarn
1270 1135 1401 1222 propter
1427 1137 1489 1201 hoc
1516 1138 1694 1202 iucurrisse
1722 1144 1914 1214 noscuntur,

257 1241 350 1304 iuxta
380 1240 517 1304 formam
546 1242 687 1306 ecclesie
717 1241 910 1315 absolvatis,
944 1240 1087 1324 alioquin
1115 1261 1172 1305 ees
1202 1241 1503 1306 excommunicatos
1534 1240 1665 1326 publice
1693 1241 1854 1305 nuntietis
1876 1262 1914 1305 ac

256 1345 385 1408 faciatis
409 1344 450 1408 ab
474 1344 625 1409 omnibus
648 1346 749 1408 artius
778 1345 908 1425 evitari,
938 1352 1161 1430 supponentes
1190 1350 1295 1408 terras
1327 1366 1439 1409 eorum
1469 1345 1696 1410 ecclesiastice
1727 1345 1913 1425 interdicto,

258 1449 304 1513 ita
326 1448 412 1533 qued
435 1456 544 1535 preter
566 1451 776 1534 parvulorum
799 1449 958 1513 batisma⁰
979 1455 1013 1513 et
1035 1449 1233 1535 penitentias
1257 1449 1466 1513 morientium
1489 1449 1614 1512 nullum
1643 1449 1675 1512 in
1704 1447 1752 1512 eis
1781 1449 1912 1533 penitus

258 1552 403 1616 divinum
433 1553 575 1616 officium
608 1552 793 1616 celebretur
820 1558 877 1616 aut
905 1552 1101 1617 exhibeatur
1130 1551 1391 1616 ecclesiasticum
1421 1557 1678 1631 sacramentum,
1711 1550 1753 1615 ad
1782 1552 1859 1631 hoe,
1888 1552 1915 1616 si

258 1679 396 1722 necesse
419 1659 529 1737 fuerit,
553 1659 705 1721 invocato
728 1657 851 1722 auxilie
876 1656 1003 1722 brachii
1026 1657 1198 1730 secularis3
1223 1655 1480 1722 contradictores
1504 1661 1566 1722 etc.

366 1778 443 1845 Dat.
466 1785 503 1843 ut
527 1799 625 1866 supra
635 1779 656 1845 ¹.

882 1920 970 1928 ..η-ι·-
975 1919 1293 1928 1———-.—--.

364 2296 581 2388 [attremat-iae
597 2323 621 2386 I
624 2322 652 2386 V
659 2344 749 2406 pepe
764 2323 930 2407 [Atbcrte]
949 2322 1089 2404 episcope
1110 2320 1336 2402 Ratispouensi
1356 2320 1496 2398 mandet,
1518 2323 1554 2382 c
1575 2322 1684 2384 centro
1706 2320 1788 2384 cives
1808 2319 1915 2384 aare·

255 2448 420 2510 peccasse,
443 2428 508 2491 ciet
531 2427 620 2508 infre
638 2426 757 2511 festum
779 2427 1004 2508 assumptionis
1026 2427 1131 2490 beatae
1152 2423 1544 2508 Mariec[Aap.15]ed
1564 2422 1751 2487 candalum
1773 2423 1914 2488 aedesius

260 2532 413 2595 redierint
441 2535 470 2595 et
501 2530 538 2594 dc
565 2530 666 2594 ecrite
697 2531 887 2606 excaecatae,
921 2549 998 2612 paee
1019 2529 1185 2594 Fridcrr'ee
1212 2527 1368 2608 accende-m
1396 2526 1580 2608 irrpreraters?
1608 2525 1815 2590 adhaerentes
1841 2546 1917 2591 eem-

260 2635 417 2711 mv'ecre'ct,
451 2638 652 2714 competenter
681 2630 909 2717 satisfecerint,
939 2632 1267 2697 excommunicationis
1296 2633 1325 2694 ct
1354 2629 1514 2694 interdicti
1544 2630 1717 2694 sententias
1744 2630 1918 2713 mactatast

260 2758 372 2819 (usquc
394 2738 552 2802 observari
570 2736 683 2822 faciet.
1561 2735 1656 2810 1248,
1678 2731 1764 2797 Mai.
1783 2736 1833 2798 13.

365 2857 427 2909 Ina.
439 2857 456 2908 1
461 2856 486 2908 V
496 2857 559 2923 Ray.
575 2856 629 2910 Vol.
640 2856 666 2922 Ι,
679 2862 742 2922 532,·
761 2855 821 2908 Lie.
837 2856 867 2922 V,
878 2862 935 2911 832.
965 2855 1062 2909 Pcrtsr'i
1078 2856 1212 2924 aacmpbtr
1223 2853 1383 2908 eentelcmoe
1393 2868 1454 2907 cvera
1468 2853 1560 2924 Raya.
1572 2853 1646 2908 Aac.
1658 2853 1716 2907 ead.
1728 2870 1753 2907 a.
1766 2859 1841 2921 1248,
1855 2856 1919 2918 §ld

366 2943 493 3012 Pettbust,
514 2943 576 3012 rte.
590 2950 680 3009 1292&
699 2943 800 3012 Bcrpcr
811 2949 886 2997 3880.

769 3178 810 3196 ..
840 3121 1050 3213 episeopo
1078 3121 1411 3212 Ratispouensi.

372 3272 562 3337 Immanitas
587 3270 854 3337 detestandorum
873 3270 1065 3350 facinorum,
1089 3292 1152 3356 quo
1169 3271 1258 3335 aives
1274 3269 1531 3357 Ratispouenscs
1548 3269 1582 3332 in
1599 3268 1707 3334 Deum
1723 3276 1759 3334 et
1773 3269 1919 3333 homiues

263 3382 508 3461 attemptarent,
531 3377 635 3462 ipsum
659 3375 873 3461 proculdubio
898 3375 1012 3437 incitat
1035 3384 1069 3438 et
1093 3375 1228 3439 incitare
1252 3373 1352 3439 debet
1375 3374 1525 3438 homines
1549 3379 1743 3437 contraeas
1767 3373 1917 3458 ipsosque

265 3479 401 3544 reddere
425 3478 563 3543 odibiles
585 3480 755 3558 universis,
779 3479 832 3563 qui
856 3475 992 3563 perfidie
1016 3476 1224 3542 dolositatem
1248 3477 1386 3541 oderunt
1409 3483 1442 3541 et
1465 3475 1604 3561 diligunt
1629 3475 1706 3540 fidei
1732 3476 1915 3562 puritatem.

263 3581 369 3646 Iidem
398 3583 484 3646 enim
508 3582 611 3661 cives,
642 3582 782 3647 sicutte
807 3581 994 3665 acecpimus
1019 3580 1205 3659 intimante,
1236 3580 1321 3644 bene
1345 3580 1502 3643 memorie
1526 3578 1693 3643 Siffridum
1717 3579 1914 3665 episcopum,

264 3685 531 3772 predecessorem
554 3692 657 3761 tuum,
680 3684 755 3769 quia
770 3683 974 3748 Fridericum
997 3682 1159 3769 quendam
1183 3684 1425 3766 imperatorem,
1448 3681 1511 3745 Dei
1533 3687 1567 3746 et
1583 3681 1726 3746 ecelesia
1742 3682 1915 3759 inimicum,

266 3789 583 3855 excommunicatum
616 3795 650 3851 et
685 3786 869 3872 depositum
905 3786 1099 3850 auctoritate
1135 3784 1313 3870 apostolica
1349 3789 1446 3869 prout
1478 3783 1655 3850 tenebatur
1683 3782 1916 3861 denuntiavit²‚

266 3900 431 3977 tamquam
455 3891 561 3955 eidem
584 3889 752 3954 Friderieo
775 3891 807 3953 in
837 3890 1017 3953 animarum
1050 3908 1180 3952 suarum
1211 3887 1392 3971 periculum
1420 3892 1607 3972 prestantes
1637 3888 1814 3965 auxilium,
1844 3908 1915 3952 eon·

267 3996 375 4059 silium
407 4001 439 4057 et
466 3995 612 4057 favorem
642 3995 674 4056 in
699 3993 913 4057 subversione
937 3992 1160 4057 ecclesiastice
1184 3990 1378 4068 libertatis³‚
1406 3989 1447 4054 de
1472 3991 1605 4055 civitate
1628 3989 1866 4077 Ratispouensi
1888 3996 1918 4055 et

267 4097 345 4163 sede
369 4120 427 4161 sua
451 4097 558 4161 eicere
583 4105 707 4160 temere
730 4102 1008 4181 presumpserunt,
1033 4101 1066 4159 et
1089 4095 1173 4159 latas
1191 4095 1223 4158 in
1240 4095 1327 4179 ipsos
1345 4093 1385 4157 ab
1402 4093 1518 4159 eodem
1534 4092 1772 4178 predecessore
1791 4100 1919 4181 propter

266 4202 326 4266 hee
350 4200 697 4265 excommunicationis
721 4205 754 4263 et
776 4200 809 4262 in
834 4200 1000 4262 civitatem
1022 4198 1126 4283 ipsam
1155 4198 1320 4261 interdicti
1351 4197 1531 4261 sententias
1560 4196 1817 4283 dampnabiliter
1845 4219 1919 4262 eon·

266 4312 488 4391 tempnentos,
519 4310 665 4367 mortuos
694 4324 771 4367 suos
801 4301 1004 4365 tradiderunt
1032 4322 1113 4364 ausu
1141 4300 1298 4386 nephario
1328 4300 1552 4364 ecclesiastice
1581 4302 1785 4386 sepulture‘,
1817 4301 1921 4388 ipsum

266 4408 534 4494 predecessorem
568 4427 632 4470 nen
667 4406 763 4490 longo
796 4411 872 4490 post
904 4403 1092 4468 defunctum
1128 4404 1259 4488 sepeliri
1292 4403 1417 4466 honore
1451 4425 1595 4488 congrue
1626 4404 1659 4469 in
1687 4404 1923 4492 Ratispouensi

268 4512 410 4577 ecelesia
433 4518 558 4575 temere
583 4508 795 4595 prohibendo.
833 4506 1048 4571 Postmodum
1073 4526 1149 4571 vero
1175 4514 1206 4570 te
1231 4512 1399 4592 assumpto
1424 4507 1466 4571 ad
1483 4507 1631 4592 regimen
1647 4509 1791 4574 ecclesie
1807 4529 1922 4596 supra·

268 4616 353 4680 dicte
366 4617 389 4697 ⁵,
412 4615 490 4679 dieti
512 4615 600 4678 cives
624 4614 656 4676 in
679 4620 712 4677 to
737 4613 964 4676 nichilominus
988 4611 1158 4695 insurgere
1182 4618 1420 4695 presumentes,
1444 4612 1522 4676 lieet
1545 4611 1593 4676 eis
1616 4633 1748 4676 omnem
1771 4613 1922 4677 humani-

267 4727 369 4784 tatem
405 4726 438 4783 at
473 4718 737 4782 reformationem
771 4717 917 4802 ipsorum
953 4716 986 4778 in
1021 4714 1247 4801 spiritualibus
1283 4720 1317 4779 et
1355 4715 1588 4799 temporalibus
1622 4716 1852 4799 promitteres,
1891 4724 1925 4782 te

376 4877 492 4883 —--.-
510 4877 520 4882 -
540 4876 630 4882 r--—-
672 4876 702 4882 ...-
724 4877 748 4881 —
787 4877 805 4880 -
835 4877 862 4881 ..-
881 4877 990 4882 .--.-
1034 4876 1181 4881 ,--..--ι
1234 4876 1473 4882 ——-
1516 4875 1626 4882 -.--—-
1648 4874 1821 4881 ---ω-

372 4979 396 5043 ⁸)
415 4980 541 5046 baptisma
559 4979 617 5042 Be,
634 4979 702 5045 qued
720 4979 798 5044 lepos.

375 5117 399 5183 1)
418 5115 473 5167 See
487 5115 585 5167 Meis
602 5131 678 5182 pape
690 5113 843 5183 [Philippo]
858 5114 1029 5181 moderatori
1047 5113 1165 5166 eecleeioc
1181 5111 1389 5179 Salices-pensis
1407 5111 1587 5178 rrmmlarmt,
1606 5117 1637 5164 ut
1652 5111 1813 5180 Encelberto
1829 5113 1928 5167 decresse

274 5203 313 5256 W
312 5200 486 5270 iecpradmei
504 5205 526 5253 ct
540 5200 715 5268 prescrutari
732 5200 800 5267 repis
813 5200 953 5253 Bederrcm
970 5199 1001 5251 de
1014 5200 1105 5266 etiem
1117 5199 1237 5265 beneficio
1248 5199 1278 5250 ia
1287 5199 1431 5266 presencia
1445 5196 1639 5266 Seteeuremc'
1649 5197 1815 5265 prosim·
1833 5200 1928 5267 Βιῳη

268 5296 345 5351 3865,·
366 5287 490 5355 Pettbaut,
511 5286 576 5355 neq.
590 5293 677 5341 12918.
759 5288 786 5351 2)
802 5285 842 5351 Cf.
856 5304 885 5354 p.
900 5294 952 5353 146,
971 5292 1024 5339 cet.
1037 5294 1060 5340 2.
1145 5287 1173 5352 3)
1192 5285 1246 5337 Sed
1263 5302 1289 5338 a.
1306 5292 1380 5352 1245,
1402 5285 1466 5338 Nee.
1485 5285 1626 5351 imperator
1643 5283 1673 5336 in
1689 5284 1810 5349 faterere
1828 5286 1925 5340 desan
1975 5323 1978 5334 .

268 5375 477 5429 constitutioroem
495 5379 588 5427 eontra
605 5373 746 5428 libertatem
762 5374 899 5427 cadmum
916 5373 1096 5441 mmmmm
1113 5390 1138 5425 a.
1153 5378 1221 5437 1231,
1240 5371 1303 5424 Dec.
1323 5370 1420 5424 ciram
1438 5371 1483 5438 [el.
1498 5368 1730 5437 altmar-Ficta,
1753 5370 1770 5423 l.
1786 5387 1808 5424 a
1824 5378 1887 5425 1917
1901 5375 1925 5423 et

272 5460 347 5529 1953]
364 5465 528 5514 revocaverat
544 5464 568 5513 ct
585 5459 620 5513 iis
636 5459 791 5527 taddeam,
810 5465 842 5512 at
859 5459 1010 5513 eommunia
1026 5457 1139 5511 coneilio
1156 5457 1206 5511 arbi
1223 5461 1369 5510 aenaea
1386 5461 1409 5509 et
1427 5456 1567 5524 meeistrea
1583 5471 1630 5508 ms
1645 5460 1759 5510 meres
1774 5456 1873 5510 dmum
1889 5455 1929 5509 ret

267 5546 394 5614 prwslibet
410 5546 535 5612 officiales
551 5546 620 5601 elica
637 5545 713 5600 labere
729 5545 782 5600 siti
800 5545 970 5614 ordinarem
992 5542 1220 5613 Bana-stete,
1238 5544 1255 5600 l.
1272 5560 1293 5599 e.
1306 5550 1382 5599 3516.
1479 5543 1506 5612 4)
1527 5541 1567 5609 Of.
1585 5540 1648 5596 eta
1664 5548 1740 5599 4601.
1838 5544 1868 5613 5)
1885 5540 1926 5610 θ’.

266 5648 297 5700 p.
310 5637 364 5701 163,
382 5637 438 5687 aot.
450 5641 475 5687 4.
