4328 6232
893 344 941 401 EX
960 343 1176 402 lNNOCEN'I'll
1195 344 1233 400 IV
1252 343 1434 401 Ruulsuuo

1136 680 1197 753 te.

444 794 663 886 Ismenis
678 820 734 884 Il’
747 841 836 901 popa
859 819 1005 884 Roloodo
1029 820 1229 887 Cremonensi
1250 820 1288 884 do
1309 821 1419 886 ordine
1441 820 1700 887 Proedioalorum
1727 820 1872 901 mandat,
1899 827 1937 886 ut
1956 821 1998 887 de

342 924 428 987 ciliis
442 923 571 988 Eeelini
584 923 623 988 de
635 923 788 1002 Renum,
810 925 866 1005 poi
887 927 922 987 nt
943 927 1107 988 asseratur
1128 924 1230 989 claves
1247 924 1390 989 ecclesus
1404 928 1581 990 contemnat
1594 928 1625 989 ct
1633 926 1808 1006 maritatis
1820 925 1999 992 Μοναίσου

340 1031 500 1106 sspssss
521 1028 572 1103 sit,
597 1026 749 1108 inquiret.
1640 1031 1735 1106 1244,
1756 1028 1859 1094 Mart.
1874 1032 1907 1096 4.

446 1148 509 1200 Ins.
522 1148 570 1200 IV
584 1147 650 1217 Rep.
668 1146 763 1214 toul,
783 1154 831 1211 δίς
849 1147 948 1215 Lol,
965 1156 1019 1203 517.

445 1235 605 1302 umen

420 1430 635 1505 Rolando
669 1430 983 1505 Cremonensi
1017 1431 1069 1502 de
1104 1429 1271 1503 ordine
1305 1430 1510 1504 fratrum
1543 1429 1916 1507 Predicatorum.

452 1578 573 1644 Reletu
597 1580 761 1665 fidedigno
785 1581 1008 1665 percepimus.
1038 1576 1125 1662 quod
1147 1577 1251 1641 hostis
1275 1577 1431 1641 virtutum
1454 1586 1488 1642 et
1509 1578 1586 1643 fidei
1609 1587 1813 1664 perseeutor,
1836 1579 1997 1646 Ezeliuus

344 1679 384 1744 de
410 1681 568 1761 Romano,
591 1681 699 1746 Deum
724 1689 758 1746 et
782 1681 895 1747 sedem
917 1681 1129 1767 apostolicum
1152 1679 1288 1744 offendit
1310 1681 1343 1744 in
1367 1682 1487 1761 multis,
1519 1682 1627 1746 setin
1651 1702 1690 1747 eo
1712 1684 1880 1771 precipue,
1908 1683 1998 1769 quod

344 1785 545 1870 contempnit
568 1786 678 1849 clercs
702 1786 854 1851 ecclesie.
877 1792 1025 1870 receptet
1048 1783 1210 1848 hereticos
1234 1792 1268 1849 et
1291 1784 1418 1849 eisdem
1441 1785 1665 1851 indifferenter
1685 1787 1871 1874 participat,
1894 1795 1931 1852 ut
1953 1787 1997 1854 de

344 1887 472 1949 macule
500 1887 670 1972 pravitatis
697 1888 842 1953 heretice
865 1889 908 1952 sit
930 1894 1104 1974 suspectus
1127 1894 1160 1951 et
1180 1888 1313 1974 publice
1337 1889 1525 1954 infamatus.
1563 1889 1704 1971 Verum,
1734 1912 1777 1956 ne
1799 1893 1904 1978 pestis
1927 1900 1995 1956 tem

343 1989 488 2065 horride,
519 1997 585 2054 tem
614 1992 729 2055 nocive
757 1991 844 2077 quod
871 1991 957 2056 absit
983 1991 1147 2057 redundet
1177 1993 1209 2055 in
1233 1991 1409 2057 discrimen
1432 1993 1592 2072 fidelium,
1622 1995 1685 2058 nisi
1706 1995 1886 2080 apostolice
1908 1995 1997 2061 sedis

343 2093 520 2157 auctoritas
550 2115 649 2179 super
683 2095 739 2160 ulls
767 2094 948 2160 remedium
981 2096 1145 2160 acceleret
1174 2103 1385 2181 oportunum.
1422 2119 1482 2182 por
1512 2097 1695 2182 apostolice
1722 2098 1782 2162 tibi
1811 2101 1937 2186 scripte
1964 2101 1999 2164 in

342 2197 462 2260 virtute
490 2196 678 2262 obedientie
707 2198 920 2284 precipiendo
951 2197 1158 2278 mandemus,
1188 2201 1343 2283 quatinus
1370 2199 1522 2265 habendo
1550 2220 1609 2284 pre
1633 2201 1736 2266 oculis
1759 2201 1866 2266 solum
1888 2202 1999 2268 Deum

343 2299 488 2383 inquires
519 2321 619 2386 super
647 2301 707 2365 hoc
737 2301 926 2385 diligentius
954 2304 1126 2367 ueritatem
1155 2308 1190 2366 et
1213 2302 1300 2388 quod
1322 2304 1486 2367 inveneris
1511 2303 1606 2367 nobis
1628 2305 1695 2368 tuis
1717 2304 1835 2369 litteris
1857 2304 2000 2371 fideliter

344 2423 511 2487 exponere
535 2425 597 2467 non
620 2406 761 2468 omittas.
800 2403 953 2468 Ceterum
970 2442 1011 2451 —
1031 2425 1097 2469 non
1120 2405 1293 2470 obstante·
1315 2407 1549 2471 constitutione
1572 2405 1614 2469 dc
1636 2406 1764 2471 duobus
1787 2407 1886 2472 dietis
1909 2409 2000 2474 edite

344 2507 376 2569 in
400 2506 536 2570 concilio
558 2508 707 2591 generali
729 2514 763 2571 et
784 2506 932 2571 eiusdem
949 2507 1077 2572 Ezelini
1098 2509 1265 2593 personali
1288 2509 1494 2574 absentis-
1512 2530 1571 2596 pro
1592 2531 1633 2574 co
1649 2510 1736 2596 quod
1751 2511 1824 2597 ipse
1840 2512 1997 2577 terribilis

344 2618 379 2671 et
402 2609 495 2672 tortis
518 2631 593 2674 esse
616 2609 807 2679 dinoscitur.
830 2611 863 2673 in
886 2611 968 2674 locis
986 2612 1111 2677 vicinis.
1133 2611 1190 2675 ubi
1212 2613 1315 2676 tutius
1336 2613 1408 2677 beri
1424 2614 1542 2693 velent,
1564 2620 1696 2678 estante
1719 2614 1842 2700 populo
1864 2616 1998 2701 publice

344 2712 427 2778 cites
450 2713 603 2778 eundem.

453 2832 531 2898 Dat.
554 2835 709 2899 Letemn.
731 2833 801 2899 IIII
824 2834 910 2900 Non.
934 2835 1054 2917 Martii,
1077 2859 1163 2902 anno
1186 2839 1301 2923 primo.

1143 3379 1204 3452 53.

451 3492 668 3586 nmen
682 3517 740 3583 ιν
752 3539 840 3601 pape
863 3517 1004 3583 nereo
1025 3520 1129 3583 esso
1150 3519 1321 3583 rtmsest
1339 3519 1538 3583 ramses
1558 3518 1688 3582 suess
1710 3516 1860 3600 esrom,
1882 3524 1918 3583 «e
1938 3519 2001 3584 sot

345 3624 438 3687 liceat
459 3644 527 3687 cerm
549 3622 649 3687 dmm
671 3621 825 3686 militibus
847 3623 881 3684 in
902 3622 979 3686 locis
1002 3622 1176 3687 intendistis
1196 3623 1308 3687 dicium
1329 3622 1440 3707 o‘firio
1457 3621 1567 3706 fucere
1587 3621 1651 3686 sibi
1670 3622 1830 3687 ωῐώωνὶ

1626 3728 1721 3803 1241,
1741 3723 1845 3790 Mart.
1859 3728 1914 3791 22.

451 3811 516 3864 Iun.
532 3811 579 3864 ll'
594 3810 656 3878 lito
675 3809 767 3865 Votl.
786 3817 835 3863 95:
852 3809 912 3863 Leo.
926 3810 952 3877 Ι,
968 3818 1022 3864 597.

452 3897 621 3965 oswen.

378 4093 537 4167 Nobili
563 4094 664 4166 uiro
692 4092 895 4166 chrico
922 4094 1081 4167 comiti
1106 4089 1382 4168 Viennensi¹
1410 4093 1725 4168 Treverensis
1750 4093 1974 4169 diocesis

455 4242 636 4329 Cupientes
659 4263 833 4328 personam
856 4262 955 4309 tusus.
979 4258 1136 4327 quantum
1159 4265 1234 4308 cum
1250 4242 1323 4307 Deo
1346 4264 1532 4328 possumus.
1555 4243 1726 4311 honorare.
1748 4244 1930 4309 nobilitatis
1945 4253 2003 4311 tue

347 4349 500 4435 precibus
522 4349 662 4413 libenter
685 4349 717 4411 iu
741 4345 804 4410 biis
822 4369 885 4433 quc
901 4347 1000 4432 digne
1016 4347 1170 4433 deposcis
1185 4348 1332 4411 ferssrem
1349 4346 1538 4410 benivolum
1555 4347 1768 4433 impertimur.
1804 4347 2003 4436 Eepmpter,

348 4453 413 4516 tuis
442 4451 570 4516 deuotis
598 4451 891 4537 supplicationibus
920 4452 1080 4517 inclinati.
1109 4462 1145 4514 ut
1168 4451 1267 4515 licest
1290 4449 1349 4513 tibi
1373 4451 1405 4512 in
1427 4451 1509 4514 locis
1531 4450 1704 4516 interdicto
1726 4453 1906 4538 suppositis
1927 4474 2004 4517 cum

347 4557 462 4621 decem
489 4556 645 4619 militibus
673 4568 706 4619 te
730 4555 977 4621 comitantibus.
1006 4554 1300 4620 excommunicatis
1323 4566 1357 4617 ct
1379 4553 1565 4619 interdictis
1587 4555 1747 4621 exclusis.
1774 4575 1840 4619 non
1863 4556 2004 4643 pulsetis

347 4660 530 4744 csmpnnis.
564 4659 672 4723 innuis
702 4660 837 4724 eleusis.
873 4659 1047 4722 summissu
1077 4679 1157 4723 voce
1185 4658 1295 4722 dirius
1324 4656 1434 4719 officis
1466 4657 1527 4721 tibi
1559 4656 1669 4722 iecere
1699 4656 1861 4723 celebrari
1888 4667 1924 4724 et
1952 4660 2003 4724 eis
2055 4686 2081 4725 so

347 4765 522 4827 interesse.
552 4760 727 4825 dummodo
753 4770 790 4825 tu
812 4763 865 4826 vel
893 4763 953 4847 ipsi
976 4782 1197 4832 causumnou
1219 4760 1377 4826 dederitis
1400 4760 1591 4825 interdicto.
1623 4762 1820 4826 auctoritate
1843 4761 1905 4827 tibi
1926 4783 2002 4849 pre·

348 4866 490 4932 sentium
513 4864 731 4948 indulgemus.
778 4863 869 4928 Nulli
893 4885 971 4950 ergo
996 4901 1035 4910 —
1059 4880 1170 4929 nostre
1194 4865 1415 4930 concessionis
1438 4876 1502 4930 ctc.
1546 4865 1678 4951 Siquis
1701 4874 1765 4930 etc.

457 4985 535 5050 Dst.
558 4984 711 5049 Letersu.
735 4983 786 5048 xl
808 4982 886 5049 nst.
909 4984 1014 5070 April.
1038 5005 1124 5049 nuno
1147 4982 1307 5070 primoe‘.

1776 5142 1896 5150 ———

452 5246 476 5282 ὓ
498 5244 585 5295 Ml:
601 5263 638 5295 un
656 5262 708 5296 uon
725 5244 791 5296 obst
811 5263 843 5287 =
861 5261 914 5295 ωιι
931 5244 1095 5295 mutus
1108 5242 1157 5293 R?
1243 5242 1265 5279 Ψ
1288 5244 1346 5293 Μ
1364 5254 1394 5293 ιιι
1411 5241 1537 5309 snpnb'.

455 5374 1333 5447 l)lisuulmisLssmbumesoept.etmr.rir.lidM
1394 5374 2007 5447 itubbfflflfflflffl
2055 5398 2083 5441 a

349 5458 1660 5533 affl,·r·flnmamm·11‹stem.muemsmt„snswm
1976 5480 2007 5521 η

347 5549 651 5617 Μὴ(“
646 5547 1201 5619 'meabimus‘
1216 5544 1636 5619 ciendis*

348 5634 1069 5705 dfflxudfflduloeptttttt.
