4734 6334
841 394 1043 450 EPISTOLAE
1060 395 1253 450 senacula.
1290 396 1366 450 1249.
1867 397 1928 460 537

275 569 411 632 sterium
443 567 664 633 intolerabili*
695 567 931 653 quodammodo
966 575 1134 654 prematur
1167 568 1296 632 sarcina
1330 567 1530 649 debitorum,
1568 587 1666 654 super
1699 566 1762 630 hoc
1794 573 1931 652 paterna

275 671 497 736 sollicitudine
528 670 753 758 providentes,
789 671 942 736 collocari
972 672 1099 757 aliquos
1127 671 1168 736 de
1196 672 1364 735 monachis
1393 670 1542 735 eiusdem
1570 669 1759 734 monasterii
1791 670 1824 733 in
1850 669 1929 733 locis

275 774 349 838 aliis
371 774 414 839 ad
437 773 701 840 alleviationemb
724 773 907 840 debitorum
930 774 1117 840 huiusmodi
1137 774 1179 839 de
1193 772 1398 860 benignitate
1414 775 1598 861 apostolica
1613 775 1805 840 laceremus.
1846 772 1928 837 Cum

275 877 374 962 igitur
405 877 448 942 ad
480 899 553 958 nos,
591 878 709 964 quibus
742 899 786 942 ex
814 883 967 964 suscepte
996 877 1162 944 servitutis
1195 877 1302 942 officio
1334 899 1412 943 cura
1441 884 1473 942 et
1502 875 1685 941 sollicitudo
1714 877 1928 943 ecclesiarum

276 981 419 1045 omnium
442 980 590 1046 imminet
611 981 788 1065 generalia,
817 981 1041 1066 principaliter
1063 981 1226 1068 pertineat
1250 981 1464 1045 ecclesiarum
1490 979 1749 1065 gravaminibus,
1773 985 1929 1065 quantum

275 1105 349 1148 cum
363 1083 436 1147 Deo
456 1104 640 1169 possumus,
657 1084 805 1149 obviare:
830 1084 1033 1166 mandamus,
1050 1084 1202 1171 quatinus
1219 1085 1346 1169 aliquos
1362 1083 1403 1148 de
1420 1084 1587 1148 monachis
1603 1085 1724 1169 prelati
1739 1083 1928 1148 monasterii

275 1187 471 1251 auctoritate
495 1193 606 1253 nostra
629 1188 661 1251 in
685 1188 757 1252 aliis
781 1189 987 1254 monasteriis
1012 1210 1070 1253 seu
1094 1187 1289 1276 prioratibus
1314 1185 1462 1250 eiusdem
1485 1185 1606 1250 ordinis
1630 1208 1728 1272 super
1743 1186 1927 1271 provisione

276 1291 373 1355 simili
397 1289 438 1354 de
464 1290 615 1356 mandato
637 1293 814 1378 apostolico
837 1315 902 1358 non
925 1293 1081 1378 gravatis,
1106 1292 1224 1378 quibus
1241 1290 1282 1356 ad
1298 1292 1360 1355 hoc
1378 1296 1556 1377 suppetant
1571 1289 1758 1370 facultates,
1782 1289 1928 1373 singulos

275 1394 310 1457 in
345 1394 498 1478 singulis,
534 1395 690 1474 colloces,
725 1395 848 1460 ibidem
882 1417 986 1482 usque
1020 1398 1062 1461 ad
1096 1396 1271 1461 triennium
1305 1401 1502 1474 moraturos,
1537 1394 1675 1459 abbates
1710 1415 1769 1458 seu
1803 1393 1928 1479 priores

200 1513 224 1551 1⁰
277 1496 563 1576 monasteriorum,
594 1499 627 1561 in
651 1499 769 1584 quibus
793 1520 849 1564 eos
871 1500 1051 1585 provideris
1075 1498 1297 1580 collocandos,
1329 1499 1371 1563 ad
1394 1497 1615 1584 receptionem
1643 1497 1801 1583 ipsorum,
1833 1502 1866 1560 et
1893 1500 1930 1557 ut
2051 1577 2056 1588 Ι

277 1622 334 1664 eos
365 1601 510 1665 fraterna
542 1601 679 1666 caritate
712 1608 931 1687 pertractent,
964 1603 1141 1670 monitione
1174 1603 1335 1688 premisse
1368 1623 1427 1688 per
1462 1622 1632 1666 censuram
1668 1599 1927 1664 ecclesiasticam

277 1704 508 1789 appellatione,
534 1705 562 1768 si
585 1726 666 1790 opus
689 1704 799 1786 luerit,
822 1713 946 1770 remota
968 1707 1169 1791 compellens
1192 1743 1234 1752 -
1257 1726 1323 1769 nou
1346 1704 1556 1770 obstantibus
1580 1704 1607 1767 si
1631 1704 1679 1768 cis
1702 1707 1759 1766 aut
1781 1703 1927 1788 ipsorum

276 1806 493 1871 conventibus
520 1829 540 1869 a
568 1807 646 1872 sede
679 1809 859 1894 apostolica
893 1810 935 1873 ait
968 1809 1145 1891 indultum,
1180 1809 1266 1895 quod
1297 1808 1337 1873 ad
1369 1807 1590 1894 receptionem
1620 1828 1679 1870 scu
1709 1806 1927 1892 provisionem

276 1910 415 1974 alicuius
437 1932 496 1995 per
519 1910 645 1975 litteras
673 1913 872 1997 apostolicas
900 1913 1067 1998 compelli,
1099 1934 1157 1977 seu
1187 1911 1273 1997 quod
1303 1909 1590 1989 excommunicari,
1619 1908 1777 1994 suspendi
1801 1915 1866 1973 eto.
1893 1914 1930 1972 ut

201 2035 223 2070 n
278 2023 397 2098 eupra⁰
412 2035 530 2099 usque:
554 2015 765 2095 mentionem,
789 2021 823 2080 et
843 2016 1074 2080 constitutione
1092 2015 1133 2080 de
1150 2015 1277 2080 duabus
1294 2015 1390 2079 dietis
1407 2019 1480 2096 etc,
1503 2011 1677 2077 dummodo
1696 2013 1783 2075 ultra
1798 2011 1927 2076 tertiam

276 2119 329 2180 vel
353 2124 501 2201 quartem
526 2124 587 2182 etc.
655 2149 658 2162 ·

380 2237 456 2303 Dat.
481 2237 642 2324 Lugduni,
666 2238 730 2302 XV
756 2239 827 2303 Kal.
852 2239 947 2322 Iunii,
971 2240 1145 2304 aanoV10.

1061 2765 1147 2839 727.

190 2998 195 3004 ἢ
381 2875 599 2968 Innocentius
621 2904 645 2968 I
649 2903 677 2968 V
690 2926 780 2986 papa
801 2905 824 2989 [
826 2905 857 2972 U
858 2906 953 2989 trino]
975 2906 1114 2986 episcopo
1139 2905 1297 2972 carana
1318 2904 1355 2966 in
1374 2903 1557 2984 praesentia
1584 2923 1644 2966 suo
1671 2903 1836 2966 constituto
1859 2921 1930 2966 con-

276 3007 365 3084 cedit,
387 3009 423 3069 nt
436 3005 623 3088 Eirpctbcrto
637 3008 747 3073 clerico
761 3009 863 3089 ipsine
878 3010 914 3072 in
926 3009 1136 3087 Alamannia,
1152 3009 1206 3074 nbi
1221 3008 1366 3089 expedire
1381 3007 1503 3084 viderit,
1519 3005 1556 3068 rie
1572 3004 1716 3086 beneficio
1727 3004 1931 3070 cmissiasticc

200 3131 226 3169 ao
272 3110 448 3189 provideat.
598 3113 603 3126 '
1572 3109 1667 3186 1249,
1689 3106 1774 3173 Mai.
1791 3109 1842 3172 18.

380 3229 443 3282 lan.
459 3229 508 3283 IV
524 3230 589 3298 ch.
608 3229 669 3284 Lib.
689 3231 734 3298 VI,
750 3231 823 3298 fiat,
841 3249 868 3284 n.
881 3237 938 3286 536.

380 3315 510 3384 Pottlvust,
528 3316 698 3385 Rep136435
716 3318 813 3387 Barpcr
829 3324 905 3372 4526.

818 3536 859 3552 ..
888 3480 1114 3570 episcopo
1143 3479 1392 3553 Gurcensi.

388 3626 566 3692 Consuevit
599 3621 694 3694 sedes
724 3629 906 3715 apostolica
935 3628 1086 3714 precibus
1119 3627 1383 3693 condescendere
1414 3626 1604 3691 devotorum
1635 3644 1813 3707 eorumque
1843 3623 1928 3687 votis

199 3747 223 3787 2⁵
278 3731 423 3794 favorem
446 3731 630 3796 benivolum
654 3733 823 3818 impertiri.
870 3733 951 3796 Cum
978 3732 1089 3818 igitur,
1119 3732 1202 3796 sicut
1232 3731 1263 3795 in
1292 3739 1405 3795 nostra
1434 3729 1634 3815 proposuisti
1656 3727 1823 3814 presentia
1850 3747 1926 3790 con-

277 3833 425 3914 stitutus,
455 3833 595 3900 dilectus
622 3837 708 3899 filius
731 3835 954 3921 Engelbertue
983 3835 1122 3900 clericus
1146 3841 1220 3899 tuus
1243 3833 1301 3899 diu
1323 3834 1383 3899 tibi
1407 3833 1559 3898 servierit
1581 3832 1722 3896 fideliter
1745 3836 1779 3895 et
1801 3831 1928 3910 devote,

278 3957 349 4015 nos,
379 3938 526 4003 volentes
555 3940 585 4002 ei
614 3939 656 4004 ob
689 3940 750 4004 hoc
783 3939 823 4004 ad
853 3960 969 4027 preces
999 3945 1072 4004 tuas
1104 3939 1242 4024 gratiam
1273 3938 1384 4004 iacere
1413 3935 1608 4024 specialem,
1638 3936 1840 4021 presentium
1869 3933 1928 3997 tibi

277 4041 473 4105 auctoritate
497 4042 715 4122 concedimus,
738 4050 774 4108 ut
797 4043 903 4109 eidem
927 4043 1047 4108 clerico
1071 4043 1104 4106 in
1127 4041 1312 4122 alamania,
1339 4041 1395 4106 ubi
1419 4041 1537 4106 videris
1561 4038 1729 4126 expedire,
1756 4038 1928 4124 provideas

279 4143 330 4205 vcl
352 4143 515 4229 provideri
538 4145 640 4211 faciae
663 4147 696 4210 in
719 4145 912 4232 prebendali
936 4167 995 4212 seu
1019 4146 1084 4210 alio
1108 4144 1334 4210 ecclesiastico
1358 4144 1519 4210 beneficio
1543 4141 1750 4229 competenti,
1778 4141 1875 4205 etiarn
1900 4140 1928 4203 si

277 4267 389 4310 curam
411 4245 533 4313 babeat
555 4249 745 4330 animarum,
768 4288 809 4298 -
832 4271 897 4314 non
921 4250 1129 4315 obstantibus
1153 4248 1239 4335 quod
1262 4248 1350 4314 idem
1374 4249 1455 4312 alias
1478 4245 1695 4312 beneficiatus
1721 4243 1843 4322 existit,
1876 4243 1927 4307 vel

277 4349 305 4412 si
336 4369 393 4433 pro
424 4349 496 4414 aliis
526 4351 558 4414 in
589 4351 653 4416 illis
684 4353 832 4438 partibus
862 4353 1040 4417 direximus
1072 4352 1194 4439 scripta
1221 4357 1346 4430 nostra,
1383 4349 1501 4434 quibus
1533 4349 1685 4414 nolumus
1714 4354 1775 4413 etc.
1805 4367 1926 4431 usque:

277 4452 438 4535 generari,
463 4474 523 4517 seu
546 4453 656 4522 certod
680 4457 908 4520 canonicorum
932 4477 1069 4522 numero
1093 4456 1276 4519 iuramento
1292 4454 1345 4518 vel
1368 4453 1613 4517 confirmatione
1637 4449 1724 4516 sedis
1746 4449 1927 4537 apostolice

277 4559 334 4618 ant
357 4574 550 4640 quecunque
574 4557 727 4622 firmitate
751 4559 816 4623 alia
838 4560 1002 4640 roborato,
1026 4561 1077 4624 vel
1101 4558 1307 4643 indulgentia
1330 4555 1416 4621 sedis
1440 4555 1619 4642 apostolice
1643 4575 1798 4620 concessa
1814 4554 1846 4617 in
1863 4553 1928 4618 illia

277 4657 424 4740 partibus
455 4660 604 4724 ecclesiis
629 4661 681 4725 vel
711 4663 872 4746 personis,
902 4669 938 4727 ut
965 4663 1007 4728 ad
1035 4661 1257 4748 receptionem
1280 4661 1334 4726 vel
1361 4660 1580 4746 provisionem
1603 4658 1741 4723 alicuius
1763 4661 1929 4740 nequeant

103 4755 105 4758 ’
200 4775 225 4816 ³⁵
278 4783 338 4846 per
360 4761 488 4826 litteras
518 4765 717 4850 apostolicas
748 4767 942 4849 cohartari0,
973 4774 1007 4832 et
1037 4767 1150 4852 quevis
1183 4765 1286 4850 ipsius
1316 4763 1406 4829 sedis
1435 4762 1652 4849 indulgentia,
1683 4782 1741 4847 por
1769 4781 1865 4846 quarn
1895 4759 1928 4822 id

277 4864 428 4950 impediri
452 4867 561 4930 valcat
585 4867 636 4933 vel
667 4867 790 4934 differri
819 4877 853 4934 et
883 4870 923 4934 de
954 4891 1017 4956 qua
1048 4871 1225 4956 specialem
1253 4874 1405 4956 oporteat
1434 4868 1466 4932 in
1494 4867 1702 4953 presentibus
1734 4865 1805 4930 fieri
1834 4884 1925 4928 men-

276 4969 397 5033 tionem
422 4993 477 5046 -;
501 4971 756 5038 contradictores
779 4979 841 5040 eto.

383 5089 461 5155 Dat.
483 5088 646 5176 Lugduni,
670 5092 734 5156 XV
758 5092 833 5159 Kal.
857 5095 953 5176 Iunii,
976 5117 1061 5161 anno
1078 5096 1141 5159 VI⁰
1155 5097 1176 5161 ¹,

380 5349 405 5414 ὓ)
423 5351 450 5402 in
471 5351 597 5403 tolerabili
615 5351 648 5402 R.
761 5351 786 5417 a)
804 5354 841 5405 ita
857 5354 889 5404 Β.
1001 5352 1026 5422 ο)
1048 5356 1101 5408 scit.
1119 5365 1147 5407 ut
1163 5357 1192 5408 in
1209 5375 1236 5408 n.
1252 5360 1306 5421 709,
1330 5356 1385 5408 Lib.
1403 5356 1448 5419 VJ,
1465 5359 1523 5407 552.
1636 5351 1662 5420 d)
1685 5370 1732 5406 asu
1753 5354 1785 5405 ds
1807 5361 1876 5406 certo
1895 5353 1927 5404 R.

156 5433 159 5440 '
197 5448 223 5487 ao
277 5439 300 5504 ο)
317 5440 354 5490 tto
375 5438 405 5491 R.

382 5575 406 5639 l)
426 5572 482 5626 Sub
503 5573 569 5642 Aac.
586 5581 618 5630 26
642 5575 723 5630 cacan
745 5581 904 5630 concessant
926 5577 1083 5642 [malinam
1105 5575 1281 5646 dispensandi
1304 5591 1366 5630 cnm
1386 5591 1433 5630 aaa
1454 5575 1552 5630 clericis
1576 5572 1686 5628 acceo
1709 5589 1774 5627 snae
1798 5573 1927 5641 wentam

271 5657 436 5728 patientibus
454 5660 601 5728 araturae,
624 5668 656 5716 nt
673 5663 704 5716 in
721 5662 847 5732 susceptis
863 5663 1002 5719 ordinibus
1019 5663 1171 5720 armanore
1187 5669 1210 5720 et
1227 5663 1264 5716 ad
1280 5662 1392 5717 nvaiorcs
1404 5662 1552 5732 prosecrant
1565 5664 1681 5731 possen,
1705 5664 1728 5714 a
1745 5677 1807 5716 cnm
1823 5659 1928 5716 annua

379 5755 443 5807 Rau.
459 5753 539 5809 Ponr.
552 5754 587 5808 Il.
1687 5757 1720 5811 68
