4328 6232
816 371 866 430 ltx
885 370 1104 429 mnocnn'ru
1123 369 1162 425 IV
1180 369 1363 426 REGISTRO

1046 673 1133 747 667.

364 788 583 883 Innocentius
605 815 630 880 1
633 813 661 880 V
673 835 765 897 papo
785 814 969 897 mocposito
996 814 1175 880 Faventino
1202 812 1246 879 od
1270 831 1380 895 preces
1410 813 1546 896 ariocopi
1575 812 1755 881 Cowiensis
1779 811 1922 893 arnndd,

260 927 296 990 nt
328 922 454 987 ciericos
487 919 650 986 distnotns
682 919 857 985 Ferrarius
890 918 1065 1003 compellat,
1103 938 1143 982 ne
1176 918 1332 995 ecclesr'os,
1370 937 1451 999 qnos
1487 917 1568 982 Mem
1608 918 1771 1005 episcopus
1809 915 1923 982 ibidem

261 1026 386 1105 tabeat,
414 1027 584 1109 praenoto
607 1024 868 1105 procurationum
892 1027 1038 1106 prorant,
1071 1043 1151 1104 qoem
1178 1045 1199 1087 o
1229 1023 1341 1106 tepolis
1373 1039 1427 1086 sen
1460 1021 1586 1086 nuntiis
1618 1021 1808 1103 apostolicae
1841 1021 1924 1086 sedis

263 1131 442 1215 emantur.
680 1179 683 1185 .
1404 1131 1406 1134 ’
1550 1126 1643 1204 1249,
1667 1125 1764 1191 Febr.
1779 1125 1836 1191 25.

368 1249 434 1304 Ian.
447 1247 496 1303 IV
510 1247 575 1317 ch.
594 1245 653 1300 Lo.
672 1245 718 1314 VI,
734 1245 808 1313 fist,
825 1262 854 1300 n.
867 1252 926 1301 410.

369 1334 499 1402 Panna,
516 1333 579 1402 aa.
598 1339 687 1397 13671,·
704 1334 800 1402 Bcrqer
817 1339 891 1388 4402.

661 1511 982 1606 ..preposito
1012 1511 1222 1586 ecclesie
1249 1511 1524 1585 Faventine.

376 1664 443 1729 Sua
465 1664 559 1729 nohis
576 1664 773 1729 venerahilis
796 1662 897 1726 frater
920 1669 1033 1729 noster
1056 1661 1294 1728 ..ticiniensis
1319 1662 1514 1749 episcopus¹
1538 1663 1695 1749 petitione
1719 1665 1926 1735 monstravit,

268 1767 354 1854 quod
390 1790 463 1832 oum
497 1769 569 1854 ipse
605 1767 761 1853 quasdam
797 1767 955 1832 ecclesias
995 1769 1027 1831 in
1066 1765 1216 1831 districtu
1248 1765 1398 1830 Ferraria
1440 1765 1562 1831 habere
1602 1773 1772 1849 noscatur,
1816 1768 1925 1833 clerici

268 1872 435 1936 districtus
465 1870 626 1953 eiusdem,
658 1892 732 1935 eum
762 1870 885 1956 aliquid
912 1871 1152 1957 procurationis
1175 1871 1307 1936 nomine
1330 1871 1383 1934 vel
1405 1870 1471 1934 alia
1493 1867 1533 1933 de
1557 1892 1657 1935 causa
1680 1892 1699 1936 a
1722 1871 1844 1956 legatis
1867 1893 1928 1937 seu

268 1977 389 2040 nuntiis
413 1976 594 2062 apostolice
618 1973 874 2060 sedis-‘exigitur
896 1976 938 2040 ab
962 1973 1099 2055 eisdem,
1123 1975 1157 2039 in
1180 1981 1305 2039 tantum
1329 1974 1487 2038 ecclesias
1510 1980 1648 2057 gravant
1671 1975 1820 2050 easdem,
1843 1974 1928 2061 quod

269 2079 354 2144 idem
384 2080 575 2165 episcopus,
606 2100 678 2144 oum
707 2079 748 2144 ab
778 2080 848 2165 ipso
877 2085 911 2144 et
933 2079 1060 2144 clericis
1085 2100 1143 2144 sue
1167 2077 1307 2143 diocesis
1330 2078 1577 2164 procurationes
1600 2078 1786 2144 huiusmodi
1810 2101 1832 2144 a
1853 2101 1928 2166 pre·

269 2183 365 2248 dictis
388 2184 504 2269 legatis
528 2183 580 2248 vel
604 2183 726 2253 nuntiis
758 2184 944 2268 exiguntur,
978 2174 1104 2246 nullum
1128 2204 1148 2246 a
1171 2183 1299 2246 clericis
1328 2180 1546 2269 predictarum
1576 2183 1793 2248 ecclesiarum
1822 2189 1929 2269 potest

270 2287 394 2353 habere
424 2285 610 2352 iuramen2.
658 2277 870 2365 Mandonius,
906 2287 1077 2370 quatinus,
1114 2286 1141 2349 si
1170 2292 1221 2350 est
1250 2287 1313 2364 ita,
1349 2286 1487 2351 clericos
1519 2286 1637 2372 prelati
1673 2285 1860 2366 districtus,
1895 2295 1930 2349 ut

270 2382 469 2455 memoratas
486 2391 645 2455 ecclesias
660 2391 714 2455 vel
729 2391 874 2476 ipsarum
898 2389 1034 2454 clericos
1057 2395 1214 2474 pretextu
1236 2390 1502 2475 procurationum
1527 2388 1713 2455 huiusmodi
1736 2389 1928 2454 nullatenus

272 2513 410 2581 gravare
447 2501 653 2578 presumant,
691 2494 870 2559 monitione
905 2494 1066 2580 premissa
1103 2513 1162 2578 per
1198 2514 1370 2558 censuram
1407 2494 1665 2559 ecelesiasticam
1703 2494 1930 2580 appellatione

271 2604 397 2663 remota
420 2598 610 2684 compellas.
1058 2611 1061 2615 ’
1534 2590 1537 2597 ’

380 2718 456 2784 Dat.
480 2718 644 2815 Lugduni,
668 2718 698 2782 V
721 2719 797 2785 Kal.
821 2718 940 2799 Martii,
965 2717 1139 2782 anu0V10.

895 2977 1305 2986 ——-.-——.-——-..-.

957 3207 960 3212 ⁸
1061 3223 1149 3298 668.

379 3337 598 3431 hannon
620 3361 677 3428 IV
690 3383 780 3449 ,apa
801 3361 977 3448 [nanno]
999 3365 1108 3430 cocat
1127 3364 1311 3447 secennio
1332 3363 1473 3443 suamc,
1495 3369 1531 3428 a
1546 3366 1730 3447 praeposo
1744 3366 1934 3445 aaran,

274 3473 364 3537 meins
395 3471 520 3550 nepotes
551 3471 581 3532 ct
614 3467 709 3533 amici
742 3470 852 3531 contro
877 3467 1116 3553 NJridocioaar]
1146 3467 1304 3550 qnondam
1337 3468 1556 3548 imperatorem
1588 3490 1677 3535 moa
1709 3471 1832 3554 sipncti
1861 3473 1932 3544 ant,

271 3576 527 3659 praeposituram
549 3572 662 3640 Sancti
682 3572 845 3652 Amerini,
869 3573 1082 3651 maumonii,
1104 3572 1257 3659 confaat.
1571 3574 1661 3650 1249,
1684 3573 1781 3639 Febr.
1798 3577 1850 3638 28.

280 3722 282 3726 >
381 3691 506 3750 ΜΝ
521 3692 586 3762 ch.
605 3691 666 3746 La.
684 3691 940 3760 VLfi31,n.392.

383 3779 512 3846 Parthost,
534 3777 597 3846 Ray.
611 3782 699 3845 terso,
716 3777 983 3847 sodomitanis,
1002 3779 1064 3834 Dec.
1078 3785 1125 3841 3r,·
1143 3781 1241 3848 Bcrper
1259 3786 1337 3833 4384.

486 4031 525 4049 ..
554 3973 718 4048 abbati
745 3973 1008 4066 Belelagie³
1036 3975 1513 4052 Premonstratensis
1540 3975 1730 4050 ordinis

835 4095 1128 4171 Basiliensis
1162 4096 1383 4171 diocesis

389 4245 582 4333 ¹&postolice
610 4241 696 4309 sedis
724 4243 929 4330 providentia
958 4243 1135 4331 diligenter
1163 4245 1374 4310 considerans
1405 4245 1521 4311 merita
1548 4245 1740 4311 devotorum
1769 4247 1844 4312 illos
1873 4269 1932 4313 non

275 4350 433 4418 'inmerito
457 4348 592 4436 speciali
614 4347 825 4433 prosequitur
840 4348 947 4434 gratia
963 4355 997 4413 et
1012 4349 1136 4429 favore,
1161 4371 1241 4435 quos
1258 4350 1291 4414 in
1308 4370 1367 4414 sua
1384 4349 1554 4435 cognoscit
1570 4347 1744 4415 devotione
1762 4349 1934 4417 terrentes.

282 4453 503 4521 Attendeutes
535 4452 646 4536 itaque
682 4451 789 4515 zelum
822 4449 1005 4516 devotionis
1040 4460 1074 4516 et
1108 4452 1201 4534 fidei,
1235 4464 1356 4537 quam¹⁸
1388 4452 1528 4519 dilectus
1563 4453 1649 4519 filius
1681 4502 1721 4519 ..
1751 4456 1935 4542 prepositus

282 4557 473 4623 Basiliensis
498 4554 662 4620 ecclesie*
686 4553 727 4618 ad
750 4575 809 4618 nos
832 4560 866 4619 et
888 4554 1100 4639 apostolicam
1125 4555 1236 4621 sedem
1262 4556 1384 4621 habere
1412 4554 1603 4648 dinoscitur,
1632 4563 1665 4621 et
1688 4557 1777 4643 quod
1800 4567 1936 4646 nepotes

284 4668 317 4728 ct
345 4660 441 4726 amici
472 4657 620 4724 eiusdem
649 4658 868 4742 crucesignati
902 4664 1015 4722 eontra
1037 4659 1074 4724 F.
1099 4659 1261 4744 quondam
1290 4654 1520 4746 imperatorem
1550 4665 1740 4725 constanter
1762 4668 1799 4724 ut
1822 4661 1936 4726 dicitur

284 4771 500 4854 prosecuntur
522 4763 691 4848 negotium
714 4761 853 4826 ecclesie
877 4763 1054 4846 generalis,
1084 4785 1121 4828 ao
1146 4785 1188 4830 ex
1212 4765 1273 4829 hoc
1298 4764 1420 4829 dietum
1443 4763 1646 4850 prepositum
1669 4763 1807 4848 dignum
1830 4771 1936 4828 nostra

285 4870 392 4957 gratia
420 4872 630 4953 reputantes,
661 4864 870 4947 mandamus,
902 4869 1053 4952 quatinus
1082 4869 1189 4934 eidem
1214 4870 1383 4957 preposito
1407 4868 1648 4954 preposituram
1671 4867 1814 4931 ecclesie
1838 4869 1936 4933 sancti

286 4970 500 5038 AmarianiM
524 4969 717 5035 Basiliensis
745 4967 901 5051 diocesis,
933 4972 961 5035 si
990 4978 1085 5037 vacat
1116 4973 1157 5038 ad
1187 4994 1322 5060 presens
1345 4974 1399 5037 vel
1425 4971 1629 5057 quamprimo
1659 4967 1799 5035 eandem
1824 4992 1936 5036 vacare

287 5076 477 5163 contigerit,
512 5074 708 5139 auctoritate
739 5080 852 5138 nostra
882 5074 1033 5140 conteras
1068 5084 1101 5141 et
1134 5078 1284 5162 assignes
1314 5114 1353 5124 -
1382 5097 1447 5139 non
1479 5074 1685 5139 obstantibus
1716 5073 1805 5158 quod
1838 5074 1936 5139 dictus

286 5180 471 5271 prepositus
501 5178 583 5244 alias
611 5177 826 5244 beneficiatus
858 5177 985 5258 existit,
1022 5199 1080 5243 seu
1114 5181 1260 5265 qualibet
1291 5178 1508 5264 induigentia,
1540 5176 1581 5242 de
1608 5196 1673 5261 qua
1700 5179 1882 5263 specialem
1911 5180 1936 5243 in

395 5337 573 5346 .-..—-.-—-----⁴
604 5338 689 5344 --——
912 5337 1496 5345 ——-———--—...—-.-—-———

292 5519 293 5522 Ἴ
392 5439 417 5506 ⁸)
434 5436 472 5490 ito
490 5439 522 5492 R.
626 5437 652 5504 b)
670 5440 855 5493 seremanni
874 5438 906 5491 R.

310 5547 318 5551 '⁴
393 5578 419 5644 n
437 5574 544 5632 nota
560 5575 594 5643 a.
611 5573 776 5631 acaron
864 5575 891 5645 r)
910 5574 954 5631 oe
970 5590 1000 5631 a
1016 5575 1260 5644 cananae.
1346 5571 1538 5641 arccana
1622 5573 1652 5640 4)
1669 5571 1808 5629 aaa„
1824 5573 1936 5630 ancos

289 5667 388 5732 cortro3
405 5662 437 5732 σί.
455 5679 483 5720 n.
495 5667 544 5719 413
560 5666 584 5717 at
600 5667 656 5718 618.
743 5663 770 5730 tr)
789 5660 827 5718 St.
840 5661 958 5717 Amoris
973 5662 1005 5718 in
1021 5661 1129 5718 alsatio
1148 5662 1287 5733 nome,
1306 5673 1339 5715 ac
1355 5674 1406 5715 ooo.
1418 5657 1631 5715 etr.·ocoantoe.
