4328 6232
203 331 265 392 314
754 327 800 380 EX
820 326 1039 381 INNOCENTH
1059 325 1096 379 tv
1115 325 1296 381 sneisane

200 524 219 563 u
246 501 394 567 Cretensi
416 506 443 563 cl
467 502 578 567 Satan
603 502 695 567 Gelli
716 500 851 564 ccelesiis·
878 499 1026 577 obtineat,
1049 501 1154 581 privet
1180 523 1278 583 cnqae
1303 501 1504 585 Flrirlerico]
1524 502 1625 581 lintri
1650 503 1719 566 cias
1745 502 1817 565 desto

198 606 346 689 conferat.
1487 609 1579 684 1247,
1602 607 1688 687 Sept.
1710 610 1765 670 28.

304 725 365 777 Ina.
382 725 428 777 IV
444 725 507 792 Ray.
528 724 583 777 Vol.
604 725 626 790 1,
641 732 689 777 464
695 742 704 789 ;
721 724 781 777 Lib.
800 724 829 790 V,
847 730 907 776 225.

304 813 402 880 Beroen
419 819 492 866 3274.

688 995 696 1012 .
726 997 735 1012 .
763 938 982 1031 episcopo
1012 938 1365 1012 Constantieusi.

304 1089 387 1152 Cum
422 1088 538 1152 nobilis
566 1089 616 1151 vir
640 1138 647 1152 .
669 1135 675 1150 .
700 1109 810 1151 comes
845 1086 885 1149 de
920 1085 1128 1150 Montetorti¹
1157 1110 1177 1150 a
1201 1087 1351 1152 Curiensi
1387 1097 1421 1152 et
1444 1089 1556 1153 Sancti
1587 1090 1674 1154 Galli
1704 1091 1817 1155 eccles:

200 1194 339 1278 quedam
362 1191 462 1256 feuda
484 1192 632 1256 obtinere
656 1191 793 1268 dicatur,
818 1189 969 1273 idemque
994 1188 1161 1254 Fridcrico
1192 1191 1354 1275 quondam
1385 1195 1571 1281 imperatori
1599 1195 1818 1281 danrpnabilit

200 1278 389 1362 adherendo
423 1296 604 1360 Romanam
639 1303 672 1360 et
704 1318 763 1381 per
798 1315 1001 1379 consequeus
1037 1295 1125 1380 ipsas
1161 1297 1318 1360 eeclesias
1353 1301 1506 1384 persequi
1541 1321 1605 1363 non
1637 1298 1798 1367 desistat.

203 1402 337 1487 dignum
371 1402 429 1470 sit,
464 1406 510 1464 ut·
533 1400 678 1464 indevoti
713 1421 754 1463 ex
788 1398 998 1462 indevotione
1032 1399 1190 1463 iacturam
1221 1408 1253 1464 et
1283 1400 1391 1467 devoti
1421 1403 1588 1468 comodum
1613 1425 1656 1467 ex
1679 1402 1817 1466 devotio:

201 1513 385 1594 reportent:
419 1505 615 1569 fraternitati
651 1513 706 1568 tue
736 1502 943 1577 mandamus,
967 1503 1135 1586 quatinus,
1160 1505 1188 1567 si
1211 1526 1263 1568 res
1287 1505 1333 1569 ita
1356 1527 1390 1571 se
1417 1507 1529 1583 habet,
1553 1506 1674 1571 dietum
1700 1508 1817 1571 comite

203 1610 395 1674 auctoritate
418 1615 529 1673 nostra
553 1609 684 1694 privans
709 1607 815 1671 feudis
838 1604 977 1684 eisdem,
1007 1628 1048 1670 ea
1077 1607 1196 1671 dilecto
1226 1607 1291 1671 filio
1321 1610 1422 1675 nobili
1447 1611 1514 1674 viro
1537 1611 1573 1674 F.
1597 1611 1689 1675 tratri
1714 1610 1817 1696 predi«

202 1713 337 1791 comitis,
360 1712 394 1774 in
417 1709 590 1774 devotione
615 1710 756 1774 ecelesia
781 1708 979 1794 persistenti,
1003 1708 1148 1772 conferas
1172 1715 1206 1773 et
1229 1713 1392 1797 assignem
1417 1714 1672 1780 contradictores
1697 1723 1762 1779 etc.

306 1832 380 1896 Dat.
404 1830 565 1917 Lugduni,
589 1830 657 1894 1111
674 1829 749 1894 Kal.
774 1830 846 1894 Oct.
869 1850 955 1892 anno
974 1828 1057 1892 V⁰.¹¹.

821 2058 1231 2067 Μ

983 2271 1070 2343 434.

307 2383 525 2477 Innocentius
550 2408 606 2473 IV
626 2431 718 2492 papo
740 2408 869 2494 P[etro]
891 2411 1003 2475 Sancti
1028 2412 1156 2493 Georqii
1178 2412 1222 2474 ed
1244 2412 1349 2475 l'elum
1371 2414 1512 2477 Ararenor
1534 2414 1664 2478 ‹liecorto
1685 2414 1817 2478 nardino

202 2514 493 2600 apostolicaesedis
516 2513 632 2595 lepalo,
655 2512 775 2590 scribit,
798 2513 964 2576 Athenium
992 2514 1129 2578 cooritcor
1159 2515 1362 2580 Yiroliensem
1388 2518 1528 2597 «aliosque
1550 2518 1668 2581 rmlilcs
1695 2518 1758 2581 sibi.
1781 2519 1816 2580 ia

203 2639 304 2683 inesse
336 2618 505 2698 collapsam
539 2617 695 2680 ecclesiam
722 2616 941 2680 Tridentinem
971 2639 1030 2697 per
1062 2617 1246 2683 Branonem
1282 2621 1466 2686 <teneriorem
1494 2620 1795 2702 discedebnrycasem

202 2724 324 2806 potenti
344 2740 455 2803 ponere
478 2720 612 2784 Srieoiuc
634 2720 803 2783 oriundam
825 2721 946 2784 utiliter
966 2721 1138 2801 padernum
1155 2742 1259 2801 posse,
1282 2728 1311 2786 et
1327 2726 1491 2807 petivisse,
1513 2730 1548 2787 nl
1570 2725 1620 2788 liic
1642 2724 1742 2788 eldea
1767 2746 1817 2804 pri

203 2827 348 2908 [temtum
370 2823 515 2901 mandet,
546 2828 581 2886 nt
613 2823 642 2887 si
673 2824 746 2888 baec
768 2845 841 2887 nera
876 2826 954 2903 sint,
987 2825 1084 2888 eidem
1109 2847 1170 2909 per
1203 2846 1234 2890 se
1257 2827 1304 2890 oel
1323 2848 1382 2908 per
1404 2827 1660 2911 [Hermannam]
1682 2829 1817 2910 episcopa

207 2928 461 3008 Herbipolensem
484 2926 521 2990 de
543 2926 648 2989 eudem
670 2927 797 2991 ccclesia
813 2927 989 3006 provideat.
1531 2935 1624 3009 1247,
1650 2930 1717 2997 oct.
1742 2935 1772 2995 1.

311 3048 374 3100 lan.
392 3047 440 3100 IV
461 3047 523 3115 Ray.
542 3047 595 3101 Vol.
610 3047 632 3114 I,
650 3055 712 3103 464}-
737 3048 799 3101 Lao.
821 3048 839 3100 Ι
843 3048 872 3115 V,
893 3056 949 3103 228.

308 3136 403 3204 Βῆριν
421 3140 492 3188 3277.

319 3300 359 3372 P.
387 3298 548 3372 Sancti
576 3296 756 3390 Georgii
791 3299 847 3371 ad
875 3299 1022 3372 Velum
1052 3301 1246 3374 Aureum
1284 3303 1478 3374 diacono
1514 3301 1754 3389 cardinali,

741 3418 991 3510 apostolice
1020 3422 1140 3495 sedis
1167 3422 1327 3514 legate.

315 3569 466 3635 Dilectus
490 3570 575 3633 filins
600 3569 716 3633 nobilis
740 3571 789 3632 vir
811 3569 967 3632 Albertus
1001 3592 1110 3634 comes
1140 3571 1180 3636 de
1209 3571 1297 3635 Tirol
1332 3580 1364 3636 et
1399 3572 1530 3656 quidam
1554 3573 1609 3636 alii
1638 3573 1767 3637 nobiles
1791 3595 1817 3635 ss

207 3675 299 3738 nobis
322 3674 441 3738 litteris
465 3674 685 3747 intimaruntb,
709 3673 794 3759 quod
819 3674 961 3738 eeclesia
985 3674 1176 3739 Tridentina
1198 3678 1342 3760 graviter
1375 3677 1518 3760 collapsa
1541 3684 1590 3740 est
1619 3676 1650 3739 in
1676 3677 1817 3761 spiritua

208 3779 268 3843 bus
298 3785 330 3842 et
364 3777 598 3864 temporalibus
629 3776 802 3855 diminuta,
839 3777 978 3855 iuribus,
1013 3779 1276 3863 possessionibus
1301 3786 1333 3842 et
1360 3780 1431 3843 aliis
1454 3779 1550 3843 bonis
1575 3781 1647 3844 eius
1672 3781 1736 3843 iam
1761 3781 1817 3843 lou

210 3891 355 3968 tempore
389 3904 448 3969 per
480 3882 681 3946 Friderionm
717 3880 880 3965 quondam
915 3883 1145 3966 imperatorem
1182 3886 1348 3971 oppressis
1383 3893 1416 3949 et
1449 3885 1517 3949 fere
1547 3884 1587 3948 ad
1616 3885 1772 3948 nichilum
1794 3883 1817 3946 i:

210 3987 367 4066 redactis,
395 3985 487 4050 nobis
515 4006 575 4071 per
598 3983 731 4049 easdem
753 3985 880 4049 litteras
905 3984 1071 4050 humiliter
1095 3988 1335 4073 supplicantes,
1373 3996 1409 4052 nt
1445 4008 1517 4052 euni
1541 3988 1817 4074 ipsaecclesia1

209 4093 397 4156 Brunonem
422 4091 615 4155 canonicum
638 4087 986 4174 Magdaburgensem²,
1009 4091 1113 4154 virum
1147 4099 1184 4155 ut
1219 4098 1369 4157 asserunt
1400 4091 1596 4165 litteratum,
1630 4091 1803 4177 providum

208 4196 400 4275 discretum,
437 4200 470 4259 et
501 4194 556 4280 qui
591 4192 631 4256 de
666 4193 841 4257 maioribus
865 4201 951 4257 terre
976 4194 1103 4258 Suewie
1133 4194 1367 4261 adherentibus
1392 4197 1532 4260 ecclesie
1560 4197 1661 4260 traxit
1688 4194 1817 4280 origin·

208 4301 312 4387 possit
346 4299 521 4383 gubernari
559 4296 680 4360 utiliter
714 4297 849 4381 eiusque
885 4298 956 4361 iura
989 4298 1133 4376 detondi,
1168 4322 1243 4364 eum
1280 4301 1343 4386 ipsi
1379 4299 1518 4364 ecclesie
1555 4299 1788 4384 proficeremus

209 4405 398 4491 episcopum
422 4410 456 4466 et
477 4408 659 4488 pastorem,
684 4399 769 4465 dieto
792 4403 919 4481 comite,
944 4404 998 4487 qui
1023 4403 1161 4468 ecclesie
1186 4405 1312 4491 prefate
1336 4403 1455 4467 dieitur
1477 4403 1674 4479 advocatus,
1698 4425 1763 4468 una
1786 4424 1817 4466 e

209 4508 333 4573 eisdem
357 4506 531 4582 nobilibus,
556 4507 659 4591 ipsius
684 4506 832 4570 canonici
857 4508 1111 4591 consanguineis
1146 4515 1179 4572 et
1213 4509 1343 4580 amicis,
1372 4515 1485 4593 utpote
1516 4507 1725 4593 petentibus,
1749 4528 1817 4572 eot

209 4612 331 4676 viribus
354 4613 387 4674 in
410 4631 510 4673 unuin
534 4610 699 4689 conflatis,
725 4611 873 4674 canonici
898 4611 1044 4675 eiusdem
1070 4612 1207 4676 obtentu
1236 4611 1276 4676 ad
1301 4611 1560 4676 sublevationem
1588 4612 1691 4697 ipsius
1720 4611 1817 4676 ecel:

209 4738 247 4780 ae
271 4716 388 4778 iurium
412 4713 637 4778 defensionem
661 4712 809 4777 eiusdem
832 4723 1034 4799 proponente
1058 4715 1228 4780 intendere
1254 4738 1291 4780 ac
1307 4717 1430 4780 utiliter
1453 4723 1486 4778 et
1502 4716 1681 4779 efficaciter
1697 4714 1817 4779 labora

208 4818 355 4903 Ideoque
379 4818 579 4897 mandamus,
604 4818 776 4901 quatinus,
801 4818 827 4880 si
852 4817 936 4902 quod
961 4818 1001 4882 de
1026 4819 1179 4882 iamdicto
1203 4822 1358 4883 canonico
1383 4820 1541 4883 asseritur
1565 4820 1702 4883 veritate
1725 4816 1817 4881 fulc²

211 4931 243 4987 et
266 4922 387 4986 videris
412 4919 451 4983 ad
476 4919 537 4983 hoc
561 4942 657 5006 posse
683 4942 877 4985 concurrere
902 4922 967 4985 alia
990 4923 1176 5007 supradicta
1200 4924 1407 5008 ecclesiaque
1432 4921 1579 5008 predicta
1606 4922 1646 4986 de
1670 4922 1741 4985 iure
1766 4938 1817 4983 ιε

210 5029 251 5092 ad
287 5047 439 5112 presens,
475 5023 515 5088 de
549 5025 715 5112 sepedicto
749 5026 907 5090 canonico
941 5027 1135 5091 auctoritate
1169 5034 1280 5091 nestra
1315 5049 1374 5113 per
1409 5033 1440 5090 te
1468 5025 1521 5090 vel
1550 5046 1609 5109 per
1636 5024 1810 5089 venerabi

313 5251 336 5316 ⁸)
356 5255 413 5304 Dat
434 5262 464 5304 ut
481 5270 559 5320 supra
571 5252 596 5302 n
713 5252 736 5315 1))
754 5254 883 5304 intimavit
896 5253 929 5304 n.

316 5373 342 5439 1)
363 5371 411 5424 Ea
427 5375 491 5437 sept.
510 5370 555 5423 cir.
578 5369 726 5425 Feldbirclr.
763 5372 876 5425 Gentiles
892 5371 925 5426 dc
946 5373 984 5425 Μ.
1003 5373 1195 5439 ιοηιιιιιῃιιὶιιεὶ
1212 5372 1336 5440 Hesperiis·
1356 5373 1374 5425 I
1378 5372 1401 5423 V
1415 5372 1514 5424 contritis
1528 5371 1646 5440 paletini
1663 5369 1695 5422 dc
1715 5369 1817 5423 Teon

210 5458 327 5512 ceelaum
343 5455 436 5524 (lereti,
454 5462 547 5521 erasm
564 5458 595 5523 et
616 5474 643 5512 a.
660 5464 710 5512 343
721 5464 744 5511 er
757 5465 814 5513 438.
884 5462 912 5525 ⁶2)
931 5458 985 5512 Hie
1001 5459 1085 5524 sitisse
1097 5458 1203 5512 ridetur
1215 5459 1310 5511 Ιίνιιιιο
1327 5457 1359 5510 dr
1380 5457 1415 5509 W
1414 5456 1737 5525 tilionacum-Kedrony
1752 5454 1793 5525 [e

210 5545 256 5597 cir.
281 5544 358 5607 Ulrnr
376 5543 411 5607 cf.
431 5560 458 5597 n.
478 5544 548 5616 arel,
576 5544 624 5611 qni
645 5550 738 5613 postea
757 5545 880 5614 anemae
905 5545 1025 5614 episerpo
1052 5546 1215 5600 Brixinensi
1235 5544 1370 5614 success,
1397 5561 1459 5598 ciera
1480 5543 1524 5598 ln'c
1546 5543 1665 5599 ωοὶωίιιο
1689 5539 1817 5598 Μαί

207 5631 358 5697 massadae
374 5635 444 5683 esset
