4796 6330
867 408 1067 464 EPISTOLAE
1085 409 1274 468 SELEO'I'AE.
1313 413 1386 468 1244.
1914 423 1955 484 49

304 575 477 644 Bauwarie
508 577 629 644 ducere
658 580 693 644 in
715 601 868 662 uxorem,
899 583 975 668 quia
998 583 1114 648 eadem
1136 589 1204 648 tam
1228 587 1519 671 consanguinitatis
1542 609 1640 673 quam
1664 588 1832 656 affinitatis
1856 591 1955 674 linea,

305 702 348 744 ex
370 702 436 745 uua
456 687 550 767 parte
573 683 605 746 iu
629 690 744 769 quarto
768 692 802 749 et
825 708 867 751 ex
889 687 955 752 alia
977 687 1011 751 in
1034 687 1147 772 quinto
1172 685 1300 776 [gradu]
1309 701 1333 770 ⁸,
1362 691 1422 755 tibi
1446 690 1563 755 dicitur
1584 691 1736 769 attinere,
1760 715 1801 758 ne
1826 716 1869 759 ex
1891 695 1954 759 hoc

304 782 491 849 huiusmodi
519 787 727 851 matrimonio
758 789 861 873 possit
889 794 968 854 nota
998 789 1211 856 detractionis
1241 792 1391 879 impingi,
1423 815 1444 858 a
1465 794 1579 875 nobis,
1612 795 1639 858 si
1670 795 1703 859 id
1734 796 1805 861 fieri
1835 799 1955 878 valeat,

307 889 472 954 certiorari
496 888 665 955 humiliter
685 892 890 977 postulastib.
935 893 1155 958 Attendentes
1178 895 1278 979 igitur
1300 896 1385 981 quod
1409 895 1588 962 secundum
1611 899 1760 982 regulam
1783 920 1954 980 canonum,

306 994 415 1077 ‘quoto
438 992 542 1078 gradu
565 994 720 1059 remotior
742 995 842 1061 distat
864 1017 883 1060 a
907 996 1032 1083 stipite,
1061 1002 1095 1061 et
1117 1017 1137 1060 a
1160 999 1308 1083 quolibet
1331 999 1601 1065 descendentium
1624 1021 1682 1086 per
1705 1001 1824 1067 lineam
1848 1009 1955 1066 trans·

306 1095 509 1175 versalem’0,
533 1096 619 1182 quod
640 1099 727 1164 inter
748 1105 781 1164 te
805 1106 839 1165 et
862 1101 966 1186 ipsam
989 1100 1231 1165 matrimonium
1254 1102 1414 1188 legittime
1439 1102 1588 1167 contrahi
1605 1141 1644 1150 —
1662 1124 1727 1168 non
1750 1104 1956 1169 obstantibus

306 1199 589 1284 consanguinitate
613 1207 644 1264 et
667 1201 827 1268 affinitate
850 1204 1005 1290 predictis
1028 1241 1070 1250 -
1093 1205 1213 1286 valeat,
1237 1208 1433 1272 auctoritate
1456 1208 1657 1293 presentium
1680 1207 1896 1274 declaramus.

412 1318 490 1386 Dat.
513 1318 668 1386 Lateran.
692 1321 727 1386 ΙΙ
751 1323 835 1390 Non.
859 1323 947 1404 Maii,
971 1345 1056 1388 auno
1080 1324 1194 1410 primo.

1103 1725 1164 1799 68.

411 1816 628 1910 Innocentius
643 1845 702 1910 IV
713 1867 805 1930 papa
825 1847 990 1932 [Allecto]
1012 1847 1085 1914 cinci
1106 1847 1280 1926 Senoniae,
1309 1848 1365 1929 qni
1387 1869 1448 1929 pro
1465 1870 1544 1930 poce
1565 1869 1634 1913 enm
1658 1847 1802 1932 O[ttcne]
1824 1846 1899 1910 dnae
1920 1846 1958 1911 de

305 1945 468 2010 Brnnsoic
493 1947 699 2033 reformanda
720 1950 874 2015 Helenam
901 1955 1010 2016 natam
1032 1952 1112 2030 eins,
1142 1955 1258 2032 qnerta
1280 1951 1383 2031 menen
1405 1972 1444 2015 ee
1465 1955 1594 2033 ntreqne
1617 1951 1713 2015 latere
1735 1951 1958 2033 consanguini-

306 2049 382 2112 tatis
403 2049 489 2114 linea
510 2054 743 2134 contingentem,
767 2053 803 2118 in
825 2075 954 2119 nomem
976 2056 1085 2120 dnccre
1106 2054 1266 2132 desideret,
1289 2055 1437 2137 indnlpct,
1460 2059 1496 2118 nt
1517 2075 1585 2118 enos
1606 2075 1651 2131 aa,
1674 2073 1806 2134 eamcam
1821 2053 1858 2117 de
1869 2052 1958 2138 facto

304 2151 468 2232 sponsalia
494 2153 561 2218 mm
589 2159 793 2235 contraxerit,
831 2159 1066 2222 matrimonium
1100 2155 1265 2223 contrabat
1291 2160 1322 2221 et
1348 2158 1385 2220 in
1411 2177 1445 2221 eo
1472 2157 1554 2221 licite
1576 2159 1771 2238 permaneat.
1799 2193 1840 2204 -
1869 2155 1958 2220 Idem

305 2253 446 2320 Helenae
467 2257 584 2322 coibit.
1600 2262 1695 2339 1244,
1717 2257 1801 2324 Mai.
1819 2260 1869 2321 15.

411 2374 476 2430 raa.
490 2375 539 2429 re
553 2376 616 2446 aa.
635 2378 726 2447 aar,
746 2386 805 2447 107,·
823 2379 881 2434 ms.
894 2379 918 2448 a
933 2385 986 2434 cac
1001 2384 1093 2435 ecco.

411 2461 573 2532 asperano
591 2469 617 2520 ct
630 2471 684 2522 691.
1119 2536 1136 2599 Ι

769 2653 922 2727 Nobili
948 2654 1049 2728 viro
1078 2711 1116 2729 ..
1146 2655 1254 2728 duci
1281 2654 1500 2728 Saxonis.

414 2783 488 2850 Ntsi
516 2785 700 2851 coniunctio
731 2787 847 2873 copule
870 2789 1051 2873 coniugalis
1073 2789 1108 2852 in
1132 2795 1247 2874 quarto
1270 2787 1562 2874 consanguinitatis
1585 2789 1638 2852 vel
1662 2785 1831 2851 affinitatis
1855 2785 1958 2870 gradu

308 2888 411 2953 sacris
435 2890 477 2953 sit
503 2889 681 2954 canonibus
709 2891 899 2973 interdicta,
930 2892 1066 2979 provide
1090 2899 1201 2958 tamen
1225 2891 1409 2978 superbiis
1432 2888 1768 2956 interdumRomoua
1791 2887 1959 2975 dispensat

307 2991 459 3070 ecclesia,
487 2994 629 3059 maxime
653 3015 726 3060 cum
749 3016 870 3081 urgens
892 2995 1076 3060 necessitas
1098 2995 1152 3060 vel
1176 2994 1311 3059 evidens
1334 2995 1459 3060 utilitas
1483 2993 1515 3059 id
1539 2993 1699 3079 exposcit.
1746 2991 1827 3055 Oum
1850 2990 1959 3076 igitur,

309 3094 394 3158 sicut
422 3116 465 3159 ex
493 3103 586 3181 parte
615 3104 672 3162 tna
699 3098 761 3163 luit
789 3099 991 3186 propositum
1019 3120 1129 3164 coram
1157 3099 1268 3178 uobis,
1301 3097 1455 3163 dilectam
1478 3096 1511 3160 in
1536 3095 1667 3160 Obristo
1691 3095 1792 3159 filiam
1815 3094 1959 3159 nobilem

307 3196 480 3262 mulierem
506 3199 671 3265 Helenam
700 3207 810 3267 natam
841 3202 954 3267 dilecti
984 3202 1043 3267 lilii
1073 3201 1192 3267 nobilis
1223 3202 1281 3265 viri
1305 3201 1344 3266 Ο.
1367 3201 1459 3265 ducis
1490 3200 1530 3265 de
1552 3198 1752 3278 Brunsvioh‚
1783 3203 1899 3283 quarta
1926 3202 1959 3260 te

308 3321 351 3364 ex
379 3306 518 3388 utroque
546 3303 647 3369 latere
677 3305 971 3391 consanguinitatis
995 3305 1083 3370 linea
1105 3305 1368 3389 contingentem,
1398 3324 1457 3390 pro
1481 3300 1689 3366 reformanda
1712 3321 1793 3386 pace
1815 3301 1903 3364 inter
1925 3305 1958 3363 te

308 3407 342 3467 et
373 3403 480 3488 ipsum
513 3404 647 3488 ducem,
682 3428 756 3471 cum
789 3428 852 3493 quo
887 3430 1021 3494 gravem
1055 3430 1207 3494 guerram
1235 3431 1255 3473 a
1284 3409 1392 3493 longis
1427 3414 1514 3472 retro
1545 3404 1748 3491 temporibus
1780 3402 1959 3468 dinosceris

307 3505 480 3588 habuisse,
512 3507 631 3575 ducere
659 3510 829 3576 desideres
851 3512 885 3575 in
907 3533 1060 3591 uxorem,
1087 3534 1163 3592 nos,
1191 3512 1400 3577 attendentes
1423 3510 1559 3590 bonum,
1590 3507 1678 3594 quod
1700 3506 1819 3572 exinde
1840 3510 1959 3592 potest,
2028 3523 2032 3532 ·

310 3607 395 3674 sicut
417 3631 437 3673 a
459 3610 523 3675 fide
546 3612 652 3698 dignis
674 3615 875 3700 accepimus,
906 3616 1092 3702 provenire,
1124 3623 1158 3681 et
1180 3616 1267 3702 quod
1290 3614 1423 3702 grandis
1447 3636 1490 3679 ex
1512 3614 1573 3677 hoc
1597 3611 1815 3696 tranquillitas
1837 3611 1870 3673 in
1893 3608 1959 3673 illis

306 3712 455 3798 partibus
484 3723 686 3800 procuratur,
716 3719 781 3782 tuis
810 3740 847 3783 ac
871 3719 991 3805 prefati
1014 3719 1104 3783 ducis
1128 3718 1280 3804 precibus
1303 3718 1466 3798 inclinati,
1493 3721 1531 3780 ut
1553 3737 1626 3780 cum
1650 3735 1705 3795 ea,
1737 3734 1810 3777 cum
1833 3711 1958 3798 quade

305 3815 393 3881 facto
405 3819 573 3903 sponsalia
584 3819 649 3885 iam
661 3821 780 3886 diceris
792 3822 1005 3902 contraxisse,
1017 3860 1058 3870 -
1071 3823 1216 3909 predicta
1230 3822 1515 3908 consanguinitate
1531 3840 1737 3905 nequaquam
1752 3818 1904 3882 obstante
1920 3850 1957 3862 —

307 3921 549 3986 matrimonium
573 3923 719 4009 legitime
745 3925 938 3991 contrahere
960 3948 999 3991 aa
1020 3927 1055 3989 in
1078 3931 1247 3991 contracto
1272 3926 1359 3990 licite
1383 3943 1576 4011 permanere
1599 3922 1720 4002 valeas,
1744 3921 1876 4008 plenam
1898 3918 1960 3982 tibi

309 4023 518 4088 concedimus
547 4027 742 4091 auctoritate
772 4029 974 4114 presentium
997 4030 1199 4099 facultatem.
1243 4030 1334 4095 Nulli
1362 4050 1441 4114 ergo
1465 4067 1507 4076 -
1530 4033 1639 4092 nostre
1663 4025 1883 4092 concessionis
1906 4061 1958 4089 -.

416 4143 493 4210 Dat.
516 4145 672 4215 Lateran.
694 4146 807 4214 Idibus
830 4149 920 4230 Maii,
943 4171 1028 4216 anno
1051 4151 1166 4237 primo.

1112 4339 1159 4404 II.

416 4541 420 4548 Ι
524 4453 677 4527 Nobili
703 4455 891 4530 mulieri
917 4457 1099 4532 Helene
1126 4462 1237 4532 nate
1265 4455 1428 4530 dilecti
1455 4454 1549 4528 filii
1576 4451 1751 4526 nobilis

822 4576 909 4650 viri
936 4578 1069 4652 ducis
1095 4579 1150 4650 de
1175 4569 1443 4650 Brusnichl.

418 4704 491 4769 Ntsi
515 4706 698 4771 coniunctio
715 4703 777 4773 etc.
801 4714 839 4773 ut
861 4730 960 4795 supra
981 4730 1101 4795 usque:
1125 4709 1287 4794 exposcit.
1325 4706 1407 4771 Oum
1430 4705 1540 4791 igitur,
1564 4704 1650 4769 sient
1674 4725 1716 4769 ex
1739 4708 1831 4789 parte
1849 4702 1961 4766 dilecti

309 4808 369 4872 filii
392 4808 512 4872 nobilis
535 4809 596 4874 viri
620 4858 652 4875 ..
676 4810 768 4874 ducis
791 4810 936 4876 Saxonis
959 4811 1020 4876 fuit
1042 4812 1245 4898 propositum
1268 4831 1377 4875 coram
1399 4809 1504 4890 nobis,
1528 4815 1588 4874 etc.
1605 4807 1669 4872 tuis
1684 4828 1723 4872 ac
1738 4805 1960 4894 predictorum

311 4909 457 4976 Saxonis
480 4917 514 4976 et
536 4910 576 4977 de
599 4911 785 4978 Brunsvich
807 4915 909 5000 patris
933 4916 980 4978 tui
1002 4914 1121 4979 ducum
1144 4913 1297 5000 precibus
1319 4911 1466 4977 inclinati
1487 4915 1554 4976 eta⁰

414 5119 439 5185 ⁸)
457 5121 542 5188 gradu
554 5121 704 5173 αάᾱαιάωη
715 5139 768 5174 eece
780 5139 811 5175 ee
822 5139 920 5175 canone
932 5123 1007 5190 infra
1019 5122 1094 5174 citato
1107 5132 1229 5190 ‹nemsi-et,¹
1246 5141 1309 5176 nans
1321 5141 1339 5174 o
1350 5124 1439 5190 captia,
1456 5122 1595 5188 Linlpoldc
1607 5119 1662 5170 ΙΙΙ
1669 5118 1817 5170 marchione
1830 5116 1961 5178 Aeneiae,

309 5203 463 5257 Melea
474 5215 566 5272 galano
576 5207 673 5273 gradu,
682 5209 745 5275 filia
761 5207 858 5260 Otlenie
869 5209 956 5274 mainan
974 5209 1099 5260 dictabat:
1116 5208 1268 5260 Ibida-icae
1278 5209 1320 5273 II,
1337 5209 1492 5276 Linlpoldna
1508 5206 1553 5270 VI,
1570 5206 1725 5272 Diulpoldne
1742 5204 1770 5268 V,
1788 5202 1918 5256 Heni-imae
1928 5200 1964 5254 II

310 5317 344 5327 -
357 5289 512 5358 Liatpoldae
523 5291 579 5343 III
591 5320 624 5329 -
644 5293 776 5346 Gertrada
794 5303 817 5345 et
833 5291 996 5346 Wladiolana
1008 5293 1046 5344 II
1063 5294 1117 5346 aaa
1134 5294 1285 5359 Bobemioe,
1307 5295 1458 5346 Fsidericsu
1470 5293 1516 5360 ΙΙ,
1538 5293 1673 5344 Lndmilla
1690 5300 1714 5342 et
1731 5290 1885 5341 Lndowicaa
1907 5289 1961 5340 elna

312 5378 453 5443 Bononiae,
474 5379 529 5430 ono
543 5379 583 5430 ΙΙ.
616 5380 717 5448 Asfines
734 5389 819 5433 annm
838 5390 913 5433 erant
925 5397 976 5448 pen
991 5380 1155 5446 Gertnedone,
1169 5383 1211 5450 fil.
1225 5381 1344 5434 Lotlaffi
1361 5382 1432 5447 imp,
1449 5396 1513 5445 qaae
1525 5379 1613 5446 primo
1632 5377 1748 5430 Hemieo
1766 5376 1893 5443 Superbo,
1909 5384 1962 5426 tam

231 5484 260 5522 a)
313 5465 428 5517 Hesarico
442 5465 479 5515 ΙΙ
492 5465 770 5519 marchianensem
786 5475 923 5533 eiscpeerol,⁸
939 5485 963 5519 o.
979 5465 1180 5534 Vcigtel-Oolsn,
1198 5467 1315 5520 Stemma
1328 5471 1359 5519 31
1376 5475 1399 5518 et
1411 5471 1450 5518 49.
1538 5463 1563 5529 b)
1582 5463 1700 5530 Scriptor
1717 5464 1807 5530 ᾳιιίὸιω
1823 5463 1905 5514 verbis
1922 5463 1961 5512 in·

311 5553 405 5620 ceperit
421 5553 514 5604 aalma
530 5561 574 5604 est.
656 5551 684 5619 ³)
701 5553 842 5621 intelliges:
864 5560 943 5620 quoto
960 5553 1018 5620 quis
1035 5554 1119 5620 modu
1135 5571 1156 5605 r.
1169 5555 1193 5605 d.
1207 5572 1223 5606 a
1238 5561 1278 5622 st,
1296 5561 1349 5606 toto
1366 5552 1444 5604 distat
1461 5559 1487 5604 et
1504 5568 1521 5604 a
1539 5551 1654 5618 quolibet
1670 5550 1695 5600 d.
1708 5568 1733 5618 p.
1745 5550 1793 5602 l.t.
1810 5551 1844 5602 ab
1861 5549 1962 5612 sodam3

314 5639 389 5705 (lorp.
406 5639 456 5690 iar.
475 5657 531 5690 con.
549 5641 599 5690 c.3
616 5648 639 5691 et
655 5644 671 5691 9
690 5657 732 5707 ap.
752 5640 827 5706 (hep.
850 5639 882 5691 dc
904 5656 1042 5706 coenanqn.
1061 5639 1113 5703 IV,
1131 5645 1175 5700 145
1198 5642 1233 5707 cs.
1249 5638 1449 5702 Richter-Doce,
1472 5637 1610 5690 Kircbenr.
1628 5641 1651 5688 6.
1665 5637 1735 5704 Ansl.
1752 5637 1769 5700 §
1787 5639 1847 5700 271,
1865 5653 1895 5702 p.
1909 5638 1961 5686 797.

312 5722 339 5792 d)
356 5725 388 5776 Β.
400 5723 488 5791 ‘(eic)',·
504 5725 649 5778 Brnnsvich
660 5725 692 5778 P.
780 5724 802 5791 ο)
827 5724 859 5778 Ut
875 5743 906 5778 ea
917 5724 951 5779 B.
969 5726 1148 5793 ccfflwsoimnc,
1164 5725 1193 5776 in
1203 5725 1237 5779 B.
1254 5744 1293 5794 ep.
1306 5724 1420 5793 pasalan
1433 5725 1539 5791 plenior
1556 5723 1621 5776 dan
1637 5731 1681 5776 ccl.

417 5816 481 5872 Res.
492 5817 575 5872 Ponr.
587 5817 622 5871 H.
1741 5813 1757 5868 7
