4328 6232
848 343 1049 399 EPISTOLAE
1067 343 1256 400 SELECTAE.
1294 348 1369 401 1245.

383 743 602 836 Innocentius
617 770 673 834 IV
684 791 774 850 papo
788 768 958 854 [Robcrto]
974 767 1180 848 oretriarotcce
1195 766 1491 849 Hierosotpmitano,
1513 771 1700 853 apostoticae
1722 774 1805 837 sedis
1827 775 1936 856 tepato,

278 879 307 940 et
327 876 469 956 episeopo
483 873 668 940 Sidoniensi
688 871 829 951 mandat,
852 877 887 936 nt
907 875 997 936 testes
1018 872 1054 935 in
1064 871 1214 955 portibus
1229 873 1456 936 transmarinis
1471 874 1645 952 aristentus,
1667 897 1743 956 qnos
1760 876 1937 942 Wittetmns

278 978 315 1042 de
343 977 523 1061 Dompetra
554 980 664 1042 contra
695 975 871 1041 Iohannem
901 975 939 1039 de
970 975 1107 1040 Aoesnis
1140 975 1175 1038 in
1209 995 1306 1039 cansa
1340 976 1562 1041 reataticiornm
1599 978 1734 1043 eirrsdem
1764 979 1937 1062 producere

279 1080 432 1159 intendat,
455 1080 546 1162 infra
567 1100 675 1145 nmen
696 1099 816 1143 menses
837 1079 1028 1144 examinent.
1602 1083 1696 1160 1245,
1718 1083 1801 1165 Ana.
1817 1086 1849 1149 8.

384 1199 450 1253 lnn.
464 1199 515 1254 IV
530 1200 594 1268 Ray.
613 1198 669 1253 Vot.
683 1199 708 1268 Ι,
727 1205 790 1267 2235
808 1198 868 1254 La.
881 1199 943 1267 III,
963 1207 1003 1273 69.
1040 1198 1187 1267 Eennrrtar
1204 1216 1223 1252 a
1237 1200 1335 1268 Berper
1351 1199 1452 1254 editum
1469 1217 1531 1254 enm
1544 1201 1661 1271 naara
1679 1205 1792 1258 contndt
1809 1211 1833 1258 ct
1851 1221 1883 1258 aa
1901 1204 1937 1257 cis

277 1286 405 1356 sument
423 1286 454 1340 V.
468 1284 508 1341 01.
521 1287 556 1340 A
569 1286 650 1341 Man.

384 1375 567 1442 meras.

435 1536 703 1611 Patriarche
729 1532 1118 1621 ierosolimitana,
1146 1533 1401 1625 apostolice
1428 1534 1573 1607 sedis‘
1605 1537 1775 1628 legata,

754 1659 797 1728 et
825 1710 864 1728 ..
893 1652 1109 1744 episeopo
1137 1649 1469 1728 Sindoniensib.

387 1809 540 1873 Dilectus
562 1807 649 1871 filius
673 1803 792 1869 nobilis
816 1804 866 1868 vir
881 1802 1068 1868 Willelmus
1091 1803 1132 1867 de
1155 1802 1337 1888 Dampetra
1359 1804 1454 1869 nobis
1479 1805 1645 1871 humiliter
1668 1807 1876 1893 supplicavit,
1900 1815 1937 1871 ut

277 1935 352 1978 cum
385 1913 525 1977 dilectus
560 1911 647 1975 filius
683 1909 802 1973 nobilis
837 1908 887 1972 vir
912 1907 1078 1971 Iohannes
1109 1905 1149 1970 de
1176 1904 1321 1971 Avesnis
1353 1907 1487 1992 petierit
1513 1932 1533 1974 a
1562 1910 1657 1974 nobie
1691 1911 1846 1975 natalicia
1877 1931 1937 1974 sua

276 2016 427 2101 legitima
448 2013 630 2080 declarari¹
654 2019 687 2077 et
709 2018 845 2099 propter
859 2012 921 2076 hoc
937 2010 1024 2075 idem
1040 2009 1240 2092 Willelmus,
1264 2032 1362 2097 quem
1378 2012 1564 2077 huiusmodi
1580 2014 1741 2099 contingit
1756 2014 1936 2099 negotium,

277 2119 501 2206 comparuerit
524 2139 632 2183 coram
656 2117 751 2182 nobis
775 2138 813 2181 ac
837 2121 941 2181 testes
964 2114 1124 2201 quosdam
1149 2120 1262 2179 contra
1285 2115 1427 2181 eundem
1441 2116 1470 2183 Ι.
1493 2118 1526 2181 in
1550 2118 1622 2203 ipso
1638 2118 1772 2202 negotio
1788 2117 1937 2183 intendat

278 2223 462 2310 producere
485 2222 518 2287 in
541 2221 606 2286 illis
630 2220 778 2308 partibus
801 2218 997 2299 existentes,
1029 2217 1163 2283 eosdem
1186 2218 1217 2282 in
1242 2219 1322 2303 ipsis
1347 2219 1497 2305 partibus
1521 2221 1624 2307 recipi
1646 2221 1840 2286 faceremus.
1884 2220 1936 2287 Ne

278 2329 380 2413 igitur
401 2328 525 2392 veritas
548 2327 742 2407 occultetur,
766 2323 969 2404 mandamus,
994 2323 1149 2409 quatinus
1172 2328 1276 2387 testes
1298 2324 1455 2408 ydoneos,
1479 2346 1560 2411 quos
1584 2325 1731 2410 prefatus
1747 2323 1936 2389 Willelmus

279 2432 332 2497 vel
354 2437 550 2516 procurator
572 2451 666 2510 suus,
694 2450 791 2515 quem
814 2427 892 2492 illuc
915 2434 1050 2513 propter
1072 2427 1133 2492 hoc
1156 2428 1382 2509 destinaverit,
1405 2450 1513 2494 coram
1536 2429 1630 2494 vobis
1654 2450 1754 2515 super
1777 2429 1935 2506 articulis,

278 2557 361 2622 quos
391 2531 591 2598 venerabilis
623 2533 725 2597 frater
747 2579 756 2596 .
778 2579 786 2595 .
809 2531 998 2595 Portucnsis
1027 2530 1249 2616 episcopus⁰²
1280 2538 1315 2596 et
1344 2531 1482 2596 dilectus
1511 2532 1597 2598 filius
1628 2539 1741 2598 noster
1769 2528 1934 2618 E[gidius]

279 2638 477 2703 Sanctorum
501 2634 620 2701 Oosme
644 2641 678 2700 et
698 2633 875 2699 Damiani‘¹
899 2633 1056 2698 diaconus
1081 2633 1257 2698 cardinalis
1280 2634 1373 2699 vobis
1398 2636 1459 2700 sub
1484 2636 1599 2720 sigillis
1622 2636 1690 2700 suis
1713 2635 1936 2700 transmittunt

279 2741 443 2820 inclusos,
475 2738 608 2804 duxerit
635 2737 880 2825 producendos,
910 2737 1089 2823 prudenter
1113 2737 1259 2823 recipere
1291 2737 1376 2802 infra
1405 2760 1523 2804 novem
1553 2761 1699 2818 menses,
1730 2739 1820 2805 sive⁰
1849 2738 1936 2802 idem

200 2873 227 2912 aa
279 2844 449 2910 Iohannes
479 2842 533 2908 rel
561 2842 647 2907 alius
677 2862 737 2928 pro
767 2863 806 2906 eo
837 2841 1018 2926 receptioni
1044 2839 1231 2905 huiusmodi
1260 2841 1446 2907 interfuerit
1478 2843 1546 2908 sive
1577 2864 1657 2922 non,
1692 2863 1731 2906 ac
1760 2841 1938 2927 diligenter

281 2949 473 3015 examinare
497 2952 660 3017 curantes,
683 2966 797 3009 eorum
820 2944 908 3009 dicta
930 2944 992 3009 sub
1012 2945 1130 3030 sigillis
1146 2945 1265 3010 vestris
1281 2944 1377 3009 nobis
1394 2944 1537 3012 fideliter
1552 2945 1783 3010 transmittatis
1798 2947 1939 3020 inclusa;

280 3057 385 3118 testes
408 3055 521 3114 autem
543 3055 605 3114 etc.
650 3048 747 3124 Quod
770 3049 799 3112 si
821 3070 887 3113 non
909 3049 1006 3113 ambo
1029 3087 1082 3130 -,
1106 3049 1191 3114 alter
1213 3055 1276 3114 etc.
1786 3044 1798 3076 ⁸

388 3170 469 3237 Dat.
491 3170 655 3258 Lugduni,
670 3170 721 3235 VI
742 3169 822 3236 Idus
845 3170 1000 3257 Augusti,
1020 3192 1106 3236 anno
1130 3171 1239 3237 tertio.

1073 3657 1156 3730 199.

387 3754 607 3846 Innocentius
620 3778 676 3843 IV
690 3801 781 3863 popa
809 3779 925 3844 eisdem
951 3779 1020 3846 otia
1048 3779 1201 3845 nmndata
1227 3781 1425 3845 adeundam
1454 3803 1582 3846 cansam
1600 3782 1796 3866 pertinentia
1817 3782 1938 3864 diripit.

201 3917 228 3956 ss
1583 3887 1676 3964 1245,
1698 3886 1782 3968 Any.
1800 3890 1850 3951 11.

388 4005 451 4058 nn.
463 4004 585 4072 rnna.
601 4003 690 4072 ran
703 4010 767 4068 sre-
784 4004 843 4059 aa.
854 4004 912 4073 nn
925 4013 960 4060 a.
988 4005 1136 4075 ampar
1147 4006 1273 4075 asopo
1285 4007 1385 4061 aean
1395 4007 1580 4075 annana
1591 4007 1704 4061 asaro
1720 4005 1749 4059 v.
1761 4006 1803 4061 er.
1812 4006 1848 4060 A.
1859 4007 1938 4060 nau.

390 4092 485 4161 Borea
503 4096 577 4147 1437.

450 4252 719 4328 Patriarche
744 4252 1137 4344 lerosolimitan0‚
1164 4254 1422 4346 apostolice
1449 4255 1572 4330 sedis
1598 4256 1767 4348 legata,

777 4379 820 4449 et
847 4429 886 4448 ..
915 4374 1131 4468 episcopo
1159 4374 1445 4468 Sydoniensi.

207 4557 233 4595 n
394 4523 477 4589 (lum
500 4545 605 4610 nuper
627 4524 669 4590 ad
692 4524 964 4610 supplicationem
987 4524 1097 4591 dilecti
1118 4522 1177 4590 filii
1200 4525 1319 4590 nobilis
1336 4524 1398 4589 viri
1412 4525 1573 4591 Willelmi
1591 4526 1632 4592 de
1648 4526 1830 4612 Dampetra
1846 4526 1938 4589 vobis

284 4627 471 4692 dederimus
499 4628 619 4692 nostris
648 4629 765 4693 litteris
793 4628 825 4692 in
858 4627 1037 4709 mandatis,
1069 4633 1105 4691 ut
1133 4633 1235 4693 testes
1265 4627 1425 4713 ydoneos,
1458 4650 1539 4714 quos
1570 4629 1657 4695 idem
1672 4628 1861 4695 Willelmus
1884 4630 1937 4694 vel

283 4738 477 4818 procurator
499 4753 576 4795 suus
598 4739 712 4797 contra
735 4731 890 4796 dilectum
913 4731 1015 4794 filium
1038 4731 1183 4797 nobilem
1206 4732 1311 4796 virum
1333 4730 1517 4797 Iohannem
1540 4731 1581 4798 de
1604 4732 1748 4798 Avesnis
1771 4734 1803 4796 in
1828 4755 1937 4813 causa,

283 4857 347 4922 que
376 4858 477 4922 super
504 4835 650 4901 eiusdem
674 4835 829 4901 Iohannis
861 4835 1025 4900 natalibus
1055 4857 1164 4900 coram
1193 4835 1287 4899 nobis
1317 4836 1464 4917 vertitur,
1496 4836 1692 4921 produceret
1715 4857 1815 4922 super
1839 4837 1937 4901 certis

282 4938 429 5004 articulis
460 4960 568 5004 coram
594 4939 706 5021 vobis,
736 4938 914 5025 prudenter
944 4939 1028 5003 infra
1056 4961 1174 5005 novem
1197 4960 1329 5004 menses
1352 4941 1499 5026 recipere
1523 4942 1698 5022 curaretis,
1731 4941 1939 5006 discretionis

206 5076 232 5114 2³
284 5049 395 5109 vestre
418 5050 533 5109 tenore
556 5045 757 5131 presentium
780 5042 981 5123 innoteseat,
1009 5042 1096 5128 quod
1118 5049 1231 5108 nostre
1254 5044 1445 5109 intentionis
1469 5046 1595 5125 existit,
1627 5051 1664 5108 ut
1686 5044 1785 5110 iidem
1809 5065 1937 5108 menses

387 5271 413 5336 ⁸)
431 5273 492 5324 sede
504 5271 535 5324 a.
625 5269 650 5337 ι))
668 5272 704 5323 ito
717 5271 749 5322 a.
837 5269 861 5336 ο)
879 5271 1015 5338 episeopus
1033 5269 1101 5320 deest
1112 5269 1147 5319 B.
1229 5267 1254 5335 d)
1273 5272 1396 5322 deinni
1408 5271 1441 5323 B.
1524 5271 1548 5335 θ)
1566 5272 1621 5322 siva
1634 5298 1666 5305 -
1679 5271 1734 5322 sive
1752 5288 1804 5322 non
1822 5271 1890 5321 deest
1903 5270 1936 5321 B.

285 5355 306 5422 s)
325 5358 360 5408 ito
373 5358 420 5421 B.,·
440 5358 594 5410 dnoendtnti
605 5357 757 5424 pariendum
773 5357 881 5408 videtin.
909 5356 1022 5422 cogitari
1038 5355 1140 5420 quidem
1152 5363 1237 5421 potest
1253 5357 1282 5407 in
1298 5357 1462 5423 irueriptione
1480 5358 1602 5423 epistolae
1619 5373 1713 5408 nonren
1730 5357 1804 5419 tertii,
1821 5357 1865 5422 qni
1883 5374 1937 5406 non

280 5445 364 5510 sterit
375 5445 516 5512 episcopus,
531 5461 563 5497 err
573 5461 662 5497 errore
673 5445 761 5511 ntimto
776 5445 911 5505 wadium
928 5443 974 5495 red
984 5443 1059 5510 infra
1072 5443 1176 5509 tepitin:
1193 5443 1268 5507 Quod
1285 5444 1307 5494 si
1316 5461 1368 5495 uon
1376 5445 1460 5495 ambo.
1479 5443 1599 5494 Eundem
1610 5459 1725 5494 errorem
1736 5442 1877 5509 reperiente
1888 5450 1905 5492 t.
1912 5442 1936 5506 I,

287 5549 313 5582 rs.
324 5533 378 5583 337.

207 5663 238 5709 θ
391 5648 677 5717 Diolindum.
716 5599 862 5718 -2)0tto.

383 5742 598 5819 ,meran
1698 5741 1732 5798 1³
