4734 6334
214 930 226 966 lt

203 1622 228 1661 10

847 400 1046 458 EPISTOLAE
1064 399 1258 456 SELEC'PAE.
1294 403 1370 458 1249.
1873 410 1935 474 487

279 569 472 624 ctDuoatnct
493 569 604 637 Tuscia,
630 569 740 638 densique
763 573 793 626 in
814 573 963 642 Campania
985 579 1008 626 ct
1026 573 1171 628 Maritima
1195 589 1343 629 concessam
1366 591 1434 641 cssc;
1457 583 1481 631 et
1503 577 1574 634 tnnc
1597 579 1770 632 codectionan
1793 579 1834 632 ito
1851 584 1936 633 mmor

279 661 412 724 putaueras,
430 663 462 710 nt
479 673 592 726 mopnae
606 659 728 726 potestati
738 661 817 716 Petro
835 660 1006 727 conserendae
1023 660 1110 728 atiani
1126 660 1201 728 opud
1218 660 1322 715 curiam
1333 661 1412 736 initio
1423 663 1545 716 reluctati
1555 664 1658 730 findat
1670 664 1718 735 [cf.
1730 665 1779 718 sub
1796 682 1823 720 u.
1840 665 1936 736 Vfflp,

279 757 394 810 qnorum
411 750 570 811 argumenta
587 745 630 800 ille
643 746 778 814 pardalica
796 747 932 814 refutarit,
957 751 980 800 ct
997 746 1042 800 nbi
1054 745 1174 814 penum
1191 746 1296 815 aliquid
1310 749 1449 816 potestatis
1467 749 1491 802 ei
1507 749 1628 804 adddurn
1646 757 1691 818 est,
1715 750 1889 804 incontinenti
1905 751 1937 805 de

281 845 314 882 ca
330 843 359 882 rc
377 827 489 898 epistota
512 831 612 900 scripto
634 833 682 900 sit,·
702 838 816 902 propter
836 831 907 900 quod
929 848 988 886 cum
1011 831 1089 886 initio
1111 834 1169 900 pro
1192 833 1293 902 amotio
1316 835 1393 903 repul
1413 834 1517 902 Sr'cilic',
1541 835 1651 904 deniqne
1675 836 1719 890 ‘ad
1738 841 1830 904 partes
1849 835 1937 890 Italic'

280 915 611 984 decimumnonum.
630 949 663 958 -
688 919 864 974 Restitninurs
882 935 941 988 erpo
959 935 1019 973 enm
1036 919 1155 974 ordinem
1172 919 1349 988 cpiswlarurn,
1368 921 1399 975 in
1417 938 1471 989 quo
1491 923 1588 977 Petrus
1606 940 1650 978 cas
1667 924 1821 992 nnpdruoit,
1844 939 1938 992 arsque

279 1017 368 1056 amires
385 1001 433 1056 sech
449 1002 498 1058 hoc
514 1020 572 1058 uno
589 1021 699 1060 numero
716 1005 915 1075 wmplmirnnr,
940 1006 1083 1074 atquibus
1100 1006 1132 1062 dc
1149 1007 1239 1062 canas
1256 1007 1287 1062 in
1304 1023 1332 1061 ca
1350 1008 1445 1063 ordine
1463 1024 1539 1076 pern
1556 1010 1715 1078 pracbemus
1732 1009 1801 1079 poni
1821 1007 1936 1077 ddmnt,

278 1089 389 1155 focilim
405 1095 584 1160 mprwscmm

1095 1267 1121 1334 1.

386 1363 605 1459 Innocentius
623 1394 649 1459 I
652 1395 681 1460 V
694 1415 784 1480 popo
803 1396 959 1477 mactatis
981 1401 1011 1462 et
1032 1397 1109 1462 aliis
1129 1399 1273 1480 personis
1300 1399 1515 1464 ecclesiasticis
1537 1398 1694 1464 manahim
1716 1399 1938 1464 Anconitonoe

282 1499 312 1559 ct
333 1495 466 1561 ducatus
481 1496 645 1578 spoletani
663 1503 771 1564 erctum
786 1498 870 1585 facit
886 1519 918 1564 sc
927 1520 990 1584 pro
1004 1519 1099 1584 capno
1114 1501 1245 1568 Siciliae
1259 1501 1463 1588 resumando
1478 1505 1507 1566 ct
1521 1523 1543 1567 a
1557 1501 1728 1588 tyrannide
1742 1501 1938 1586 Flriderics]

282 1599 440 1680 qnondam
461 1600 661 1682 imperatoris
682 1603 846 1669 liberando
866 1603 944 1669 illuc
965 1603 1131 1690 P[ctrnur]
1153 1605 1360 1683 cardinalem,
1391 1605 1527 1689 lepatum
1549 1605 1632 1670 sedis
1658 1604 1858 1686 apostolicae,
1887 1604 1938 1669 de-

281 1702 412 1781 stinare,
434 1705 485 1769 cui
498 1706 593 1770 etiam
607 1708 771 1772 rectoriam
793 1713 822 1774 et
837 1711 953 1791 plenae
974 1711 1140 1794 legationis
1161 1710 1302 1797 ospicium
1323 1711 1359 1775 in
1382 1710 1524 1776 nmrclia
1538 1711 1748 1776 Anconitann
1769 1712 1798 1774 et
1820 1709 1937 1774 ducatu

282 1805 454 1888 Spoletono
476 1809 679 1890 cmnmiserit;
702 1812 843 1890 maurim,
865 1818 901 1876 ut
922 1814 953 1877 ei
973 1813 1135 1878 lumiliter
1156 1815 1335 1880 intendant.
1603 1816 1696 1890 1249,
1718 1814 1801 1894 Apo.
1818 1817 1848 1879 7.

386 1926 450 1980 fun.
463 1928 511 1982 IV
525 1929 589 2000 Rea.
603 1929 663 1986 Leo.
677 1930 725 1998 VI,
741 1932 761 1998 s.
776 1940 815 2000 70,
830 1949 887 1988 crcr.
905 1951 932 1987 n.
946 1942 984 1988 27.
1015 1935 1172 2002 Exemplar,
1190 1934 1260 2004 qnod
1270 1935 1559 2002 Hnrllard-Bre'lrollcs,
1577 1935 1594 1988 l.
1607 1951 1628 1989 c.
1645 1940 1663 1990 t.
1679 1934 1727 2003 VI,
1742 1951 1771 2002 p.
1787 1941 1831 1987 714
1849 1931 1936 1998 edidit,

282 2029 342 2067 cum
362 2013 477 2083 flcpestb
493 2017 663 2072 cmdrdimus.

387 2101 515 2171 Pottlccst,
536 2103 708 2173 ltcp.13274;
727 2105 825 2174 Bcrpcr
844 2113 919 2162 4688.

514 2302 765 2395 episeopis,
793 2304 1052 2390 abbatibus,
1081 2304 1330 2397 prioribus,
1358 2304 1704 2392 archidiaconia,

330 2421 738 2516 archipresbyteris
766 2430 807 2498 et
836 2425 942 2499 aliis
970 2426 1266 2500 ecelesiarum
1293 2425 1499 2518 prelatis,
1531 2446 1705 2500 necnon
1732 2423 1895 2498 ceteris

284 2542 491 2632 personis
516 2544 854 2634 ecelesiasticis
882 2551 973 2620 tam
992 2547 1221 2639 religiosis
1240 2569 1372 2640 quam
1392 2547 1692 2634 secularibuS,
1721 2544 1937 2635 exemptis

387 2667 429 2738 et
456 2686 543 2739 non
571 2667 803 2760 exemptio,
831 2689 908 2759 per
934 2667 1258 2741 Anconitanam
1288 2667 1527 2742 marchiam
1555 2672 1597 2741 et
1624 2667 1834 2740 ducatum

809 2789 1102 2882 Spoletanum
1129 2788 1408 2862 constitutis.

392 2933 608 3002 Incumbente
632 2938 725 3003 nobis
748 2937 957 3004 multitudine
980 2941 1187 3023 negotiorum
1211 2939 1391 3016 innumera,
1416 2938 1650 3025 profundarum
1673 2938 1823 3002 nimirum
1847 2936 1936 3021 eogi-

283 3037 443 3102 tationum
460 3040 618 3106 varietate
634 3040 855 3122 distrahimur,
879 3048 912 3107 et
934 3063 998 3127 quo
1023 3042 1126 3127 magis
1149 3062 1208 3105 nos
1230 3041 1381 3106 omnibus
1405 3042 1594 3128 impositum
1618 3041 1713 3107 nobis
1736 3039 1937 3126 apostolatus

283 3140 426 3206 officium
455 3144 625 3210 constituit
651 3145 831 3226 debitores,
866 3167 905 3210 eo
933 3146 1092 3211 attentius
1117 3145 1204 3210 circa
1228 3145 1431 3231 emergentia
1454 3144 1598 3230 undique
1623 3143 1752 3230 agenda
1774 3164 1835 3207 nos
1859 3163 1937 3207 oon-

284 3246 373 3310 venit
405 3245 551 3332 vigilare.
603 3247 714 3329 Unde,
755 3249 831 3335 quia
865 3255 1009 3314 nostram
1044 3250 1140 3314 simul
1174 3250 1208 3312 in
1243 3248 1381 3314 diversis
1416 3248 1499 3314 loeis
1534 3249 1704 3333 nequimus
1738 3246 1936 3333 presentiam

204 3373 215 3411 a
285 3347 451 3430 exhrhere,
475 3350 517 3415 ad
539 3351 607 3430 illa,
630 3353 663 3416 in
686 3351 804 3437 quibus
828 3373 893 3417 non
917 3373 1066 3416 assumus
1091 3351 1319 3438 personaliter,
1343 3372 1386 3416 ne
1410 3352 1443 3415 in
1460 3351 1508 3415 eis
1525 3350 1697 3436 vigilantia
1713 3355 1825 3414 nostra
1840 3348 1937 3429 desit,

284 3471 441 3537 personas
465 3452 601 3520 idoneas
625 3461 784 3540 pensataa
806 3455 949 3521 discrete
972 3454 1153 3539 qualitateb
1176 3453 1378 3539 agendorum
1404 3453 1621 3534 destinamus,
1651 3474 1712 3539 per
1733 3473 1790 3517 eas
1817 3449 1937 3516 ibidem

285 3556 464 3641 apostolice
481 3559 647 3623 servitutis
663 3558 809 3623 debitum
827 3558 1031 3622 exolventes.
1064 3557 1187 3621 Verum
1205 3558 1281 3642 quia
1296 3559 1329 3621 in
1345 3558 1549 3642 negotiorum
1566 3557 1762 3622 executione
1778 3556 1936 3621 maiorum

285 3658 469 3724 sollicitudo
493 3663 597 3726 maior
619 3663 771 3747 exigitur,
801 3683 859 3747 pro
884 3660 1108 3740 arduioribus‚
1138 3682 1210 3725 cum
1234 3661 1328 3725 nobis
1352 3660 1574 3743 incumbunt0,
1606 3680 1761 3747 personas
1786 3659 1938 3745 eligimus

285 3763 443 3848 potiores,
469 3764 596 3850 aliquos
626 3765 667 3830 ad
696 3787 736 3829 ea
764 3762 910 3850 gerenda
934 3765 974 3828 de
999 3769 1110 3829 nostro
1135 3767 1239 3830 latere
1263 3763 1524 3830 transmittendo.
1572 3764 1658 3828 Sane
1682 3764 1768 3828 inter
1791 3763 1855 3829 alia
1878 3762 1936 3828 de·

207 3894 211 3904 ·
286 3865 476 3932 siderabilia
499 3868 604 3933 cordis
627 3869 731 3935 nostri
755 3867 919 3932 salubrem
943 3874 977 3932 et
999 3889 1192 3954 prosperum
1218 3869 1308 3952 regni
1333 3867 1443 3932 Sicilie
1466 3874 1588 3933 statum
1620 3867 1809 3954 specialiter
1838 3866 1937 3931 affec·

283 3974 403 4048 tentes,
426 3977 553 4036 attento
570 3972 687 4052 animo,
712 3978 821 4037 mente
839 3973 929 4057 vigili
946 3973 1172 4038 affectavimus
1189 3972 1359 4053 hactenus,
1383 3978 1420 4036 ut
1444 3970 1485 4037 de
1507 3971 1698 4058 multiplicis
1720 3969 1938 4035 tribulationis

284 4077 460 4161 angustiis,
491 4076 608 4162 quibus
638 4079 840 4142 incessanter
870 4077 1035 4162 affligitur,
1069 4077 1110 4140 ad
1140 4077 1252 4141 obtata
1281 4082 1396 4162 posset
1425 4075 1652 4162 prosperitatis
1683 4073 1806 4138 solacia
1828 4071 1938 4137 divina

283 4179 416 4244 favente
440 4181 558 4246 virtute
583 4181 703 4262 reduci,
728 4189 761 4247 et
785 4182 960 4248 dolendam
985 4181 1132 4246 eiusdem
1157 4182 1250 4266 regni
1273 4182 1399 4246 ruinam
1422 4202 1489 4246 una
1512 4201 1584 4244 cum
1608 4180 1677 4244 suis
1699 4177 1938 4244 habitatoribus

283 4283 373 4369 impii
400 4281 438 4348 F.
466 4284 595 4350 feritate
626 4286 792 4372 depressis
823 4287 893 4351 sine
926 4286 1167 4350 intermissione
1201 4284 1376 4366 deflentes,
1410 4283 1564 4349 continue
1595 4282 1766 4368 diligentie
1797 4281 1938 4346 studium

220 4433 224 4444 -
286 4386 495 4469 adhibemus,
526 4410 620 4475 opem
652 4398 686 4455 at
715 4411 848 4476 operam
878 4388 1103 4456 indesinenter
1132 4409 1214 4474 quas
1243 4409 1418 4475 possumus
1448 4385 1681 4474 impendendo,
1714 4393 1751 4451 ut
1780 4383 1848 4472 [ald
1872 4394 1938 4450 tam

206 5615 232 5651 ts

285 4491 464 4557 miserabili
498 4513 577 4558 casu
610 4514 785 4579 resurgere
821 4495 991 4581 ipsiusque
1026 4492 1132 4557 incole
1167 4492 1375 4578 pregravati⁰
1404 4490 1474 4554 dire
1504 4511 1602 4555 onere
1634 4489 1800 4554 servitutis
1828 4487 1938 4552 votive

284 4594 445 4659 libertatis
478 4597 637 4662 solamine
666 4597 799 4663 valeant
832 4595 982 4662 relevari.
1027 4593 1074 4659 Ut
1102 4594 1202 4679 igitur
1232 4593 1364 4659 fervens
1396 4599 1510 4658 noster
1538 4593 1676 4658 affectus
1708 4593 1794 4656 circa
1821 4590 1940 4676 prefati

285 4698 513 4764 liberationem
536 4700 627 4785 regni
651 4699 786 4786 perduci
809 4700 914 4786 possit
936 4698 1076 4764 feliciter
1092 4719 1130 4763 ac
1146 4696 1244 4762 facile
1262 4696 1303 4761 ad
1320 4697 1483 4776 effectum,
1507 4696 1663 4760 dilectum
1677 4695 1779 4759 filium
1795 4701 1939 4759 nostrum

286 4803 323 4867 P.
349 4801 461 4868 Sancti
484 4803 619 4889 Georgii
642 4803 682 4870 ad
700 4804 819 4869 Velum
836 4805 983 4868 Aureum
1007 4802 1181 4867 diaconum
1207 4801 1418 4880 cardinalem,
1442 4801 1546 4865 virum
1569 4800 1681 4884 utique
1705 4799 1841 4864 scientia
1863 4819 1938 4884 pre-

287 4906 404 4986 ditum,
436 4928 562 4972 morum
594 4907 766 4974 honestate
796 4908 966 4984 decorum,
999 4908 1033 4970 in
1061 4907 1208 4971 consiliis
1232 4907 1505 4992 circumspectum
1530 4911 1563 4970 et
1585 4904 1619 4967 in
1642 4903 1752 4967 multis
1776 4907 1810 4966 et
1830 4901 1939 4965 arduis

285 5010 408 5096 pluries
439 5011 504 5074 iarn
533 5011 722 5096 probatum,
757 5012 834 5076 illuc
865 5010 906 5076 de
934 5012 1070 5076 fratrum
1100 5017 1285 5076 nostrorum
1321 5009 1458 5075 oonsilio
1492 5008 1710 5085 destinamus,
1746 5005 1842 5092 plene
1877 5003 1940 5068 sibi

286 5112 462 5198 legationis
484 5114 603 5196 officio,
632 5119 669 5178 ut
692 5114 813 5180 evellat
836 5120 868 5178 et
890 5113 1047 5192 destruat,
1079 5113 1216 5200 dissipet
1240 5120 1274 5178 et
1296 5110 1475 5198 disperdat,
1504 5109 1634 5175 edificat
1657 5115 1691 5174 et
1713 5109 1849 5194 plantet,
1879 5128 1939 5172 neo

284 5238 350 5281 non
373 5217 480 5283 libera
501 5217 657 5284 facultate
681 5215 822 5282 faciendi
845 5216 953 5280 omnia
977 5217 1010 5280 in
1034 5237 1134 5302 regno
1160 5219 1232 5303 ipso
1256 5223 1323 5280 tam
1347 5215 1380 5278 in
1404 5213 1629 5300 spiritualibus
1652 5233 1750 5297 quam
1774 5216 1940 5296 tempora-

286 5321 381 5402 libus,
405 5341 468 5406 que
485 5320 617 5387 honorif
630 5321 693 5385 Dei
714 5328 747 5386 et
770 5321 909 5385 ecclesie
933 5341 972 5385 ac
994 5319 1081 5385 bono
1107 5321 1227 5385 statuis
1250 5317 1398 5385 eiusdem
1422 5317 1515 5402 regni
1530 5315 1648 5381 viderit
1669 5315 1837 5400 expedire,
1862 5335 1939 5380 con-

1153 5481 1180 5486 —
1189 5473 1830 5488 ψ--Μ-μ--ῆ

391 5601 414 5664 ¹)
432 5619 540 5669 pensare
558 5601 590 5653 It.
695 5600 719 5665 b)
738 5600 847 5652 discmte
864 5615 894 5650 ae
912 5597 1036 5665 qualitate
1054 5599 1086 5649 B.
1193 5597 1216 5661 ο)
1234 5598 1387 5650 incumbunt
1404 5613 1471 5649 corr.
1487 5595 1648 5648 incumbunt.
1754 5590 1778 5654 ¹¹)
1796 5611 1811 5644 a
1829 5590 1941 5644 deestB.

286 5687 310 5753 8)
328 5688 476 5755 pregravari
495 5687 526 5740 Il.
632 5683 651 5754 f)
670 5689 766 5742 honore
784 5704 851 5738 corr.
870 5667 968 5740 honori.
1072 5685 1098 5750 8)
1117 5692 1188 5736 statu
1205 5684 1238 5736 B.
