4790 6340
871 438 1069 496 EPISTOLAE
1086 435 1276 496 subucula.
1313 439 1387 496 1248.
1885 441 1946 504 357

302 615 408 680 cidem
443 653 484 664 —
519 637 583 679 non
618 613 768 678 obstante
806 615 832 678 si
871 615 1008 680 ecclesis
1041 620 1153 679 vestra
1184 622 1307 679 certum
1346 612 1468 677 habeat
1504 614 1733 676 canonicorum
1764 633 1947 688 numerum,

302 720 483 782 iuramento
508 739 566 782 seu
589 738 780 803 quacunque
808 717 958 780 firmitate
986 716 1158 792 uallatum,
1183 719 1252 782 sive
1285 718 1426 801 aliquam
1456 716 1706 800 indulgentiam,
1736 716 1777 779 de
1802 737 1866 800 qua
1889 737 1946 778 ex-

305 843 451 907 pressam
474 821 507 884 in
531 821 648 884 litteris
671 820 788 884 nostris
812 827 962 906 oporteat
983 820 1054 884 lieri
1085 822 1296 900 mentionem,
1329 822 1396 884 sive
1425 841 1484 906 per
1512 840 1607 904 quam
1632 819 1815 884 huiusmodi
1838 818 1946 904 gratia

305 925 413 990 valeat
435 923 598 1010 impediri,
627 931 683 988 aut
714 923 799 1008 quod
827 924 912 989 idem
939 925 1021 988 alias
1049 923 1264 990 beneficiatus
1289 925 1415 1004 existit,
1440 924 1491 987 vel
1518 925 1544 987 si
1573 944 1630 1008 pro
1654 924 1726 987 aliis
1750 925 1781 987 in
1807 923 1949 988 eeclesia

306 1030 378 1115 ipsa
406 1028 584 1092 direximus
614 1029 737 1113 scripta
763 1034 891 1108 nostra,
921 1028 1039 1114 quibus
1068 1029 1218 1092 nolumus
1242 1034 1303 1092 etc.
1329 1051 1385 1099 —;
1414 1047 1529 1114 preces
1553 1034 1680 1091 nostras
1704 1031 1737 1091 et
1759 1026 1946 1090 mandatum

305 1132 414 1196 taliter
436 1130 611 1216 impleturi,
634 1137 669 1194 ut
692 1138 825 1217 proptor
847 1131 909 1195 hoc
932 1132 1100 1218 oportunis
1124 1132 1326 1218 temporibus
1350 1131 1441 1193 vobis
1465 1151 1527 1214 quc
1556 1130 1622 1193 sint
1644 1130 1762 1194 favoris
1786 1135 1819 1192 et
1843 1128 1947 1212 gratie

306 1255 565 1322 compensemus.
619 1234 772 1319 Alioquin
811 1235 989 1299 venerabili
1023 1235 1114 1298 fratri
1143 1241 1256 1298 nostro
1281 1283 1289 1296 .
1314 1282 1320 1296 .
1345 1235 1500 1319 episeopo
1529 1232 1701 1297 Basiliensi
1736 1255 1795 1319 per
1823 1233 1949 1296 litteras

303 1347 430 1403 nostras
451 1338 659 1423 iniungimus,
682 1347 717 1402 ut
741 1339 921 1424 superbos
944 1339 1131 1402 mandatum
1156 1339 1369 1425 apostolicum
1386 1344 1580 1422 exequatum
1603 1337 1858 1401 contradictores
1883 1343 1946 1400 etc.

411 1459 488 1523 Dat.
511 1459 671 1544 Lugduni,
688 1458 737 1522 vl
758 1458 833 1524 Kal.
858 1458 976 1538 Martii,
999 1479 1083 1522 anno
1100 1459 1155 1523 V0.

925 1764 1334 1772 ——-—--—·——----—-----—

1089 2081 1175 2153 506.

231 2239 256 2276 ro
410 2193 628 2286 Innocentius
649 2218 670 2281 1
676 2217 704 2282 V
719 2240 808 2300 papo
836 2217 1022 2304 Plr[ilrppo]
1051 2220 1088 2284 do
1110 2221 1315 2284 Viecdominis
1336 2222 1484 2302 protestati
1506 2218 1674 2286 Parmensi
1696 2223 1858 2302 confirmat
1881 2239 1951 2284 sen-

306 2322 434 2385 tentiam
461 2321 644 2406 Glrcperr'i]
672 2321 709 2384 dc
738 2321 939 2406 Monteloupo
966 2323 1150 2387 subdiaconi
1176 2329 1205 2387 ct
1230 2325 1363 2401 recurrit,
1385 2325 1571 2404 apostolieae
1593 2325 1676 2388 sedis
1699 2325 1800 2406 lopati,
1823 2345 1885 2404 qun
1910 2325 1953 2386 nrt

308 2427 492 2490 instantium
515 2425 640 2488 consilii
662 2423 846 2490 Purmrnsis
868 2448 937 2490 eum
959 2426 999 2490 ab
1021 2428 1230 2491 obscuratione
1252 2431 1440 2492 stellatorum
1462 2429 1598 2492 civitatis
1619 2429 1792 2492 obsoluerit.

410 2545 474 2598 Inn.
492 2544 540 2598 IV
549 2543 612 2612 aeq.
630 2543 684 2598 Vol.
705 2544 729 2612 I,
747 2552 893 2614 err—5123
912 2546 972 2600 Lib.
991 2546 1022 2615 V,
1040 2553 1095 2600 638.
1598 2534 1690 2609 1248,
1714 2531 1814 2595 Mart.
1838 2535 1867 2593 7.

411 2631 507 2700 Berqer
522 2636 598 2686 3687.
847 2639 852 2648 ·

231 2843 256 2880 n
481 2810 629 2884 Nobili
655 2812 751 2885 viro
782 2811 855 2885 Ph.
885 2813 938 2885 de
957 2812 1256 2886 vicedominis
1283 2815 1498 2904 potestati
1524 2812 1782 2888 Parmense.

410 2961 502 3042 Hiis,
531 2982 594 3047 que
621 2983 680 3048 pro
709 2962 796 3027 bono
824 2969 912 3027 statu
941 2963 1079 3026 civitatis
1102 2962 1291 3028 Parmensis
1313 2963 1411 3039 fiunt,
1442 2963 1583 3028 libenter
1604 2964 1761 3027 adicimus
1785 2961 1955 3048 apostolici

307 3065 494 3129 muniminis
518 3064 715 3146 firmitatem,
739 3073 775 3130 ut
797 3067 992 3131 intemerata
1015 3067 1205 3145 consistant,
1230 3056 1302 3130 cuni
1326 3073 1437 3132 nostro
1454 3068 1575 3134 fuerint
1590 3069 1729 3154 presidio
1748 3067 1954 3134 communita.

309 3169 390 3234 Cum
425 3169 537 3254 igitur,
574 3170 657 3233 sicut
691 3192 732 3236 ex
767 3177 859 3256 parte
889 3178 946 3235 tua
977 3170 1037 3235 luit
1065 3171 1268 3257 propositum
1299 3191 1409 3234 coram
1438 3171 1547 3252 nobis,
1575 3172 1712 3237 dilectus
1742 3173 1826 3237 filius
1850 3171 1889 3236 G.
1914 3169 1954 3235 de

310 3272 522 3359 Montelongo
546 3273 764 3339 subdiaconus
789 3284 822 3340 et
844 3276 991 3339 notarius
1014 3281 1136 3354 noster,
1160 3275 1341 3360 apostolice
1365 3274 1451 3339 sedis
1475 3275 1622 3361 legatus,
1646 3275 1686 3341 ad
1710 3276 1898 3340 instantiam
1922 3281 1955 3338 et

232 3407 259 3446 m
310 3377 580 3463 supplicationem
611 3378 736 3441 consilii
767 3377 955 3442 Parmensis
983 3399 1041 3462 pro
1077 3377 1163 3441 bono
1193 3385 1279 3442 statu
1310 3378 1452 3444 civitatis
1481 3379 1628 3444 eiusdem
1656 3385 1688 3443 ts
1720 3379 1954 3452 aiuramento,

309 3479 396 3564 quod
424 3479 465 3545 de
496 3479 711 3544 observandis
747 3482 816 3545 eius
847 3480 977 3545 statutis
1012 3481 1196 3566 prestitisse
1232 3482 1427 3560 dinosceris,
1456 3482 1586 3547 duxerit
1608 3482 1861 3564 absolvendum,
1885 3503 1955 3556 nos,

309 3583 372 3646 tuis
410 3583 703 3670 supplicationibus
736 3584 897 3660 inclinati,
933 3583 1170 3650 absolutionem
1208 3585 1345 3650 eandem
1374 3592 1477 3650 ratam
1509 3594 1542 3650 et
1572 3592 1698 3672 gratam
1726 3586 1887 3650 habentes
1916 3605 1954 3648 ac

311 3685 504 3771 supplentes
529 3686 712 3767 desectum,
736 3689 761 3751 si
785 3688 857 3772 quis
880 3689 912 3751 in
937 3709 976 3752 ea
1000 3689 1161 3768 extiterit,
1185 3688 1226 3754 de
1250 3689 1453 3775 plenitudine
1477 3691 1663 3775 potestatis,
1688 3691 1792 3776 ipsam
1815 3690 1954 3753 auctori-

311 3796 380 3853 tato
408 3791 590 3874 apostolica
622 3791 849 3856 conlimramus
878 3797 911 3856 et
942 3793 1104 3878 presentis
1135 3793 1245 3878 scripti
1270 3793 1448 3878 patrocinio
1472 3795 1719 3858 communimus.
1764 3792 1852 3857 Nulli
1876 3814 1955 3876 ergo

234 3925 259 3964 u
313 3898 375 3957 etc.
400 3898 510 3956 nostre
534 3893 785 3959 confirmationis
810 3899 844 3958 ct
867 3894 1082 3980 suppletionis
1107 3901 1170 3959 etc.

416 4013 491 4079 Dat.
515 4013 680 4100 Lugduni,
703 4015 805 4080 Nonis
829 4014 949 4096 Martii,
971 4035 1056 4079 anno
1076 4013 1132 4081 V0.

939 4320 1348 4330 -—-———-—...—-—

1096 4631 1182 4708 507.

418 4747 636 4840 Innocentius
658 4771 713 4838 IV
728 4793 817 4857 popo
847 4775 998 4856 Gregorio
1030 4774 1067 4838 dc
1099 4773 1300 4856 Montelonpo
1333 4771 1521 4840 subdiacono
1553 4779 1582 4838 et
1608 4777 1745 4853 notario,
1774 4781 1959 4859 apostolieae

313 4879 396 4942 sedis
426 4879 540 4960 lenate,
576 4877 718 4956 mundat,
753 4883 787 4941 ut
818 4879 956 4959 publicet
984 4899 1016 4943 se
1045 4898 1150 4942 omnes
1175 4878 1259 4942 dotes
1286 4882 1315 4941 et
1335 4879 1559 4959 promissiones
1591 4879 1851 4962 matrimoniales,
1880 4903 1960 4964 quas

318 4982 549 5057 Cremonenses,
580 4981 745 5046 Friderico
773 4982 928 5062 quondum
957 4983 1140 5063 imperatori
1162 4987 1233 5066 post
1260 4983 1358 5046 latam
1387 4983 1421 5045 in
1450 5003 1519 5046 cum
1547 4983 1750 5064 depositionis
1776 4987 1960 5050 sententiam

236 5119 262 5158 ³0
309 5083 431 5169 fortius
452 5103 547 5165 qnam
568 5089 663 5148 antea
685 5083 896 5163 adlicerentes,
918 5085 954 5148 in
977 5087 1100 5151 civitate
1122 5105 1182 5150 suu
1203 5091 1232 5150 et
1253 5091 1343 5150 retra
1365 5085 1595 5171 confecerint,
1617 5088 1756 5154 irritare.

417 5203 480 5257 Iun.
500 5202 547 5256 IV
556 5201 620 5272 Rep.
640 5202 694 5256 Vol.
714 5202 739 5270 1,
756 5209 819 5272 5135
838 5201 897 5258 Inb.
916 5204 946 5273 V,
964 5212 1018 5259 654.
1603 5192 1696 5270 1248,
1719 5190 1820 5260 Mart.
1845 5195 1874 5256 9.

417 5289 513 5358 Bcrper
529 5295 602 5344 3703.

421 5533 447 5598 1)
470 5531 627 5585 Punnenscs
653 5533 847 5601 immutarem,
873 5537 920 5602 qui
944 5534 977 5586 ab
1003 5536 1197 5602 o.1247,1ul.
1218 5542 1234 5589 2
1252 5537 1381 5590 civitaten
1398 5551 1476 5588 aram
1493 5540 1703 5603 rppupnnrerut,
1721 5551 1821 5603 nuper,
1840 5553 1865 5590 a.
1886 5543 1961 5606 1248,

318 5617 397 5672 Febr.
419 5625 463 5685 18,
485 5619 595 5686 maine
621 5621 799 5688 supererant,-
824 5621 1072 5688 Rubrum-Fictor,
1097 5623 1114 5675 l.
1133 5639 1155 5676 e.
1172 5629 1268 5676 3666a.
1313 5621 1356 5674 De
1373 5621 1507 5674 obsidione
1530 5628 1554 5676 et
1576 5622 1685 5676 rium-iu
1702 5621 1814 5674 ciritatis
1835 5624 1868 5689 cs.
1885 5625 1962 5678 etium
2050 5645 2055 5654 ·

240 5721 264 5760 ns
319 5703 452 5772 Petiliam,
474 5704 538 5774 Rep.
558 5713 642 5773 12851,
663 5714 749 5774 Istrou,
769 5713 1128 5776 12882-12884;m1neep.
1146 5709 1177 5760 in
1196 5709 1259 5778 Περ.
1277 5724 1333 5761 non
1350 5713 1449 5763 artam.
