4328 6232
810 360 857 417 EX
876 360 1094 419 Innocnnrn
1113 362 1152 417 IV
1170 361 1350 419 nanneno

759 719 768 735 .
799 721 806 737 .
836 664 1023 765 illustri
1049 664 1152 756 regi
1180 665 1400 757 Ungarie.

363 812 455 889 Cum,
471 815 555 877 sieut
577 814 771 900 accepimus,
795 821 855 876 ete.
879 834 996 898 usque:
1020 813 1153 878 Austris
1176 815 1246 878 zelo
1269 813 1346 878 fidei
1368 821 1402 879 et
1425 813 1608 879 devotionis
1631 835 1775 878 accensa
1800 812 1913 875 inimi·

256 916 300 979 cis
324 917 461 980 ecclesie
485 938 648 1002 opponere
671 938 706 980 ss
729 916 886 996 intendat,
911 917 1122 981 serenitatem
1145 919 1269 1003 regiam
1294 938 1465 1002 rogamus,
1490 938 1658 982 monemus
1682 923 1718 980 et
1742 916 1914 980 hortamur

256 1025 397 1097 attente,
428 1020 580 1103 quatinus
615 1018 734 1083 dictam
771 1019 914 1084 nobilem
950 1020 1073 1084 habens
1108 1043 1167 1106 pro
1202 1029 1313 1086 nostra
1344 1028 1377 1086 et
1405 1020 1586 1107 apostolice
1610 1019 1698 1083 sedis
1723 1018 1914 1084 reverentia

255 1125 450 1210 propensius
483 1124 756 1201 commendatam,
784 1122 890 1187 eidem
926 1125 1131 1189 necessitatis
1166 1132 1328 1211 tempore,
1359 1145 1433 1187 cum
1462 1124 1502 1187 ab
1532 1144 1572 1187 aa
1595 1122 1771 1206 requisitus
1795 1122 1910 1196 fueris,

258 1238 323 1290 tam
347 1228 379 1290 in
403 1227 473 1292 iure
497 1249 556 1291 suo
581 1249 678 1313 quam
702 1235 813 1292 eontra
835 1229 922 1313 ipsos
945 1229 1093 1293 inimicos
1117 1231 1265 1307 assistas,
1289 1230 1335 1293 ita
1351 1227 1437 1313 quod
1460 1228 1532 1313 ipsa
1554 1247 1668 1312 preces
1692 1234 1825 1290 nostras
1849 1224 1911 1288 sibi

258 1330 343 1416 apud
367 1340 399 1395 te
424 1332 544 1395 sentiet
566 1331 728 1417 profuisse
751 1352 874 1416 nosque
898 1334 1095 1398 sinceritatis
1118 1339 1173 1396 tue
1197 1334 1300 1397 zelum
1325 1332 1443 1397 merito
1468 1329 1731 1422 commendemus
1743 1331 1763 1393 ¹.

361 1452 437 1516 Dat.
460 1451 623 1535 Lugduni,
645 1452 677 1514 V
699 1451 774 1517 Kal.
797 1452 979 1533 Februarii,
1002 1475 1088 1519 anno
1104 1453 1159 1519 V0.

362 1572 400 1637 Iu
424 1572 565 1637 eundem
589 1572 720 1638 modum
744 1622 777 1640 ..
801 1574 921 1639 illustri
945 1576 1013 1660 regi
1036 1574 1183 1642 Boemie.

1070 1805 1190 1812 ‚-„.,‚.„
1218 1805 1259 1811 ,ψ-
1292 1806 1295 1810 r

1042 2016 1129 2088 487.

366 2128 584 2220 Innocentius
608 2156 667 2220 IV
687 2179 777 2240 papo
810 2157 989 2223 Concedam
1026 2156 1163 2220 corrritcnr
1198 2156 1235 2220 de
1271 2155 1403 2220 Hordei*
1438 2154 1596 2230 lioriutnr,
1630 2158 1665 2216 nt
1696 2151 1912 2238 [Gertrndoe]
1955 2176 1959 2212 1

261 2258 404 2322 ducissae
432 2260 599 2337 Austrioe,
631 2261 712 2325 sient
739 2262 888 2325 hactenns
915 2259 1117 2325 landabiliter
1148 2260 1267 2339 lecerit,
1299 2261 1334 2322 in
1357 2259 1571 2340 prosecutione
1599 2259 1717 2321 iunium
1738 2259 1915 2320 suorumet

260 2363 445 2443 praesertim
470 2368 579 2427 contro
599 2365 739 2444 tentares
760 2365 955 2449 Fl'ridcricr]
977 2364 1133 2445 qnondrnn
1155 2364 1354 2444 imperatoris
1375 2365 1515 2428 assistat.
1560 2366 1654 2438 1248,
1677 2361 1752 2425 Iun.
1775 2363 1828 2423 28.

365 2483 429 2535 Inn.
450 2484 470 2536 Ι
474 2483 497 2535 V
513 2482 578 2551 Ray.
598 2482 652 2537 Vol.
667 2484 694 2551 Ι,
715 2492 778 2550 501;
796 2484 856 2538 Lib.
876 2484 904 2553 V,
922 2493 980 2540 523.
1028 2485 1128 2540 Pcrtcii
1154 2486 1286 2553 eemnrhtr
1311 2485 1474 2539 contudimus
1501 2501 1562 2538 enni
1588 2484 1740 2549 timaus,
1769 2483 1785 2534 1.
1804 2498 1825 2533 c.
1850 2479 1915 2545 tl',

281 2611 286 2622 .
304 2578 337 2623 34
363 2588 391 2624 n.
409 2576 448 2624 33.

258 2588 280 2637 Ρ
338 2611 346 2638 ⁷
366 2655 496 2723 Poenae,
517 2656 580 2725 Req.
594 2663 693 2723 1282&
714 2656 815 2725 Beryer
828 2663 902 2713 3579.

565 2836 716 2910 Nobili
743 2838 841 2910 viro
870 2837 1090 2912 Conrado
1119 2839 1285 2912 comiti
1313 2841 1367 2912 de
1394 2836 1611 2913 Handek‘t

375 2986 512 3051 Gratum
547 2987 690 3070 gerimus
725 2994 759 3053 et
794 2996 980 3074 acceptum,
1014 2989 1223 3053 devotionem
1258 2995 1347 3053 tuam
1382 2989 1488 3074 dignis
1522 2991 1555 3053 in
1589 2989 1730 3053 Domino
1764 2987 1920 3052 laudibus

266 3090 533 3156 commendantes
567 3113 605 3155 ao
638 3099 876 3178 prosequentes
911 3093 1094 3157 actionibus
1129 3095 1322 3178 gratiarum,
1346 3094 1449 3179 quod,
1478 3095 1562 3158 sieut
1585 3090 1708 3156 dilecta
1730 3091 1763 3154 in
1787 3089 1919 3154 Christo

267 3198 334 3261 lilia
366 3195 482 3260 nobilis
514 3195 631 3261 mulier
655 3244 686 3261 ..
710 3195 839 3260 ducisse
867 3194 1001 3260 Austris
1036 3197 1221 3281 accepimus
1250 3197 1436 3277 intimante,
1465 3197 1498 3260 in
1527 3195 1755 3283 prosecutione
1785 3214 1919 3257 suorum

266 3301 384 3366 iurium
408 3306 442 3364 et
464 3300 618 3385 precipue
645 3307 757 3364 eontra
779 3301 927 3364 inimicos
951 3301 1091 3364 ecclesie
1116 3301 1250 3364 astitisti
1280 3302 1310 3366 ei
1337 3302 1474 3365 viriliter
1500 3307 1533 3366 et
1560 3299 1696 3363 assistis.
1741 3296 1788 3360 Ut
1811 3297 1920 3381 igitur,

268 3403 355 3490 quod
379 3424 477 3488 super
500 3402 560 3466 hoc
584 3403 794 3468 laudabiliter
809 3403 927 3467 fecisse
945 3403 1123 3467 dinosceris
1146 3425 1205 3489 par
1227 3411 1260 3468 te
1282 3405 1399 3490 ipsum,
1416 3406 1537 3469 nostris
1554 3405 1719 3469 excitatus
1735 3400 1923 3465 monitioni-

267 3509 329 3572 bus
352 3506 549 3571 laudabilius
573 3507 791 3592 prosequaris,
814 3507 1019 3572 nobilitatem
1043 3515 1132 3571 tuam
1156 3527 1325 3573 monemus
1349 3515 1381 3572 et
1396 3508 1564 3572 hortamur
1587 3513 1724 3584 attente,
1748 3505 1783 3569 in
1805 3503 1923 3569 ramis·

270 3612 393 3676 sionem
416 3610 474 3674 tibi
498 3611 723 3696 peccaminum
747 3610 965 3696 iniungentes,
989 3611 1141 3695 quatinus
1165 3611 1273 3675 eidem
1296 3611 1427 3675 ducisse
1451 3612 1484 3675 in
1509 3612 1577 3675 suis
1592 3609 1718 3674 iuribus
1742 3615 1776 3673 et
1792 3628 1923 3694 preser-

269 3716 326 3779 tim
361 3722 472 3779 contra
500 3716 644 3779 fautores
673 3715 709 3778 F.
740 3715 901 3799 quondam
932 3715 1151 3801 imperatoris,
1175 3715 1294 3800 quibus
1323 3717 1394 3779 zelo
1418 3715 1493 3780 fidei
1519 3723 1553 3781 et
1575 3712 1759 3780 devotionis
1783 3731 1926 3775 accensa

270 3840 305 3882 se
330 3819 482 3904 proponit
505 3839 683 3904 opponere,
706 3819 843 3882 assistas
868 3826 901 3884 et
924 3819 1113 3883 auxilieris*
1128 3819 1263 3884 viriliter
1286 3824 1320 3884 et
1341 3826 1503 3905 potenter,
1526 3820 1572 3884 ita
1594 3817 1680 3904 quod
1703 3817 1777 3901 ipsa
1800 3821 1865 3880 ete.
1887 3822 1924 3879 nt

270 3943 369 4008 supra
392 3924 424 3985 in
447 3922 597 4006 proxima
620 3942 723 4006 usque
747 3921 780 3985 in
804 3922 913 3987 finem.

892 4117 899 4123 υ
913 4117 1017 4123 .--..-—
1031 4115 1232 4122 --——--.-
1246 4115 1302 4121 .-.-

1055 4341 1142 4414 488.

376 4456 595 4550 Innocentius
617 4482 674 4545 IV
685 4503 774 4563 papo
797 4482 926 4568 P[ctro]
949 4483 1060 4547 Sancti
1084 4483 1213 4564 Georqii
1234 4483 1278 4545 od
1305 4481 1413 4545 Veinrn
1435 4483 1579 4546 Aureum
1601 4481 1734 4545 dissono
1755 4479 1927 4555 cardinali,

273 4589 458 4668 apostolicae
489 4586 572 4650 sedis
603 4586 717 4668 tepente,
745 4587 891 4664 mandat,
921 4590 956 4649 nt
984 4587 1167 4667 meqistrnm
1198 4591 1227 4649 et
1252 4584 1377 4669 fratres
1405 4589 1433 4648 et
1457 4584 1593 4670 fratrem
1615 4584 1791 4649 Rosconenr
1818 4583 1928 4647 Musas

276 4692 513 4757 Tentonieornm
544 4691 580 4754 in
612 4691 748 4754 Anstrie
775 4690 952 4770 wrmeltot,
986 4693 1022 4752 nt
1047 4689 1263 4774 [Gertnsdoe]
1296 4688 1438 4753 dnnssae
1471 4689 1625 4753 ,lustriae
1660 4686 1874 4768 Sterkcnbery
1899 4688 1929 4748 et

277 4796 463 4863 Gntenstein
496 4798 525 4857 et
557 4793 625 4857 alia
660 4797 765 4858 castra
797 4797 826 4856 et
854 4793 947 4866 boreo,
975 4792 1072 4856 cidem
1104 4814 1125 4855 a
1152 4792 1336 4877 [Friderico
1358 4792 1418 4876 ΙΙ]
1443 4792 1519 4856 dinc
1543 4796 1663 4872 petrns
1684 4792 1753 4856 eins
1775 4808 1927 4865 wnoesaa,

275 4898 619 4978 restituentis-[alioquin
631 4895 889 4981 [Wenccslunnr]
904 4917 1004 4977 repom
1021 4896 1189 4960 Boberniue
1204 4901 1335 4975 tremeat,
1358 4901 1393 4960 nt
1416 4898 1514 4961 aliern
1538 4895 1665 4960 iriniem'
1685 4895 1725 4958 dc
1746 4892 1930 4968 redditibus,

274 5023 351 5084 qnos
372 5003 480 5067 donans
503 5002 620 5086 tinga
641 5020 735 5082 reqno
759 5020 815 5064 sno
836 4999 981 5076 obtineat,
1005 5000 1156 5081 satisfieri
1172 4998 1287 5083 sociat.
1575 5002 1669 5077 1248,
1692 4998 1766 5063 Iovi.
1790 4999 1843 5064 28.

380 5125 442 5178 Ina.
461 5121 508 5176 IV
524 5121 586 5190 Rey.
605 5121 659 5175 Vol.
673 5122 701 5189 1,
722 5129 786 5188 601;
807 5120 865 5174 Lrb.
889 5120 990 5188 K523.
1039 5119 1139 5173 Pertzii
1169 5120 1302 5187 amplae
1327 5120 1487 5174 contulimus
1515 5137 1575 5173 enim
1602 5118 1755 5184 Messenen,
1783 5117 1799 5171 1.
1816 5132 1839 5169 e,
1865 5114 1931 5182 Μ’,

296 5255 302 5267 .
320 5219 353 5266 32
379 5229 406 5264 n.
419 5218 459 5265 30.

273 5231 294 5281 p
352 5253 360 5279 ν
381 5298 513 5365 Pottbaat,
534 5297 597 5366 Rey.
617 5301 711 5358 1282&
730 5295 828 5362 Beryer
844 5299 919 5347 3573.

687 5440 704 5444 ..
716 5437 871 5444 ....—.-..
878 5429 1826 5442 —---—-———.-——-——-——-—-——

380 5545 405 5608 ι)
423 5544 558 5595 sunnine
576 5542 608 5594 n.

383 5663 409 5727 1)
428 5660 468 5728 Os.
487 5677 514 5714 n.
532 5667 589 5714 279.
692 5660 720 5727 2)
740 5656 780 5724 Os.
797 5675 825 5711 n.
844 5664 904 5712 434.
