4790 6340
886 425 1087 488 EPISTOLAE
1104 425 1294 488 SELEO'I'AE.
1330 427 1405 488 1247.

1064 784 1234 858 Eidem.

426 933 585 998 Volentes
609 933 778 998 carissimo
802 932 835 996 in
852 930 981 999 Christo
1006 936 1072 999 tilio
1096 941 1205 1000 nostro
1230 986 1261 1000 ..
1286 937 1356 1021 regi
1371 936 1592 1001 Romanorum
1616 937 1733 1002 illustri
1755 938 1796 1002 ab
1820 940 1968 1004 omnibus

322 1037 364 1103 de
387 1037 524 1124 imperio
546 1036 664 1102 devote
700 1057 739 1101 ac
773 1037 940 1102 humiliter
973 1038 1116 1118 obediri,
1149 1038 1357 1116 mandamus,
1385 1041 1538 1126 quatinus
1560 1041 1731 1106 universos
1755 1049 1788 1107 et
1812 1042 1968 1127 singulos,

323 1143 557 1227 cuiuscumque
580 1140 700 1206 ordinis
724 1140 775 1204 vel
798 1139 1012 1225 professionis
1034 1143 1219 1224 extiterint,
1243 1141 1329 1228 quod
1356 1143 1459 1229 ipsius
1489 1144 1576 1228 regis
1600 1143 1760 1208 mandatis
1784 1144 1968 1209 salubribus

258 1264 271 1302 ⁵
324 1246 459 1310 firmiter
481 1243 636 1309 obediant
659 1250 693 1308 et
714 1243 896 1324 intendant,
920 1244 1119 1310 districtione
1142 1267 1206 1332 qua
1230 1248 1382 1311 convenit
1398 1247 1618 1333 appellatione
1634 1249 1816 1335 postposita
1840 1287 1881 1296 -
1904 1270 1969 1312 non

324 1351 477 1415 obstante
500 1349 614 1434 quavis
638 1348 820 1433 apostolice
844 1347 931 1412 sedis
955 1347 1159 1433 indulgentia
1182 1386 1223 1396 —
1247 1351 1442 1436 compellere
1469 1371 1532 1415 non
1555 1357 1732 1437 postponas
1745 1354 1766 1417 ¹.

429 1470 506 1535 Dat.
530 1468 692 1556 Lugduni,
716 1467 784 1532 XII
807 1467 882 1534 Kal.
905 1467 1079 1534 Deoembr.
1103 1490 1188 1534 anno
1205 1468 1261 1535 V0.

945 1784 1354 1794 ψ

1104 2083 1191 2158 467.

427 2194 645 2291 Innocentius
664 2221 720 2289 IV
734 2244 827 2306 papa
841 2223 1004 2308 principes
1030 2226 1117 2308 apad
1137 2227 1377 2308 Aquisprannm
1399 2224 1435 2288 in
1458 2222 1610 2305 warina
1631 2223 1721 2288 caria
1742 2224 1970 2308 concrepandae

322 2330 474 2408 lentatur,
498 2333 533 2392 at
554 2328 762 2414 [Willrclmo]
780 2330 847 2410 cepi
862 2328 1077 2395 Romanorum
1098 2330 1234 2394 rn'rilr'ter
1256 2329 1417 2406 assistant,
1440 2329 1517 2410 qaia
1539 2348 1578 2390 aa
1599 2327 1667 2390 eins
1688 2327 1831 2393 electione
1847 2328 1970 2412 princi-

247 2461 273 2500 ro
319 2433 415 2514 abac
435 2432 653 2498 Alamanniae
674 2432 742 2496 sine
773 2431 866 2496 dnbio
887 2433 1069 2512 accreverit,
1100 2453 1169 2498 cnm
1201 2432 1361 2498 Friderici
1391 2431 1548 2513 eamdam
1581 2431 1780 2510 imperatoris
1804 2431 1970 2514 progemes

320 2537 486 2618 impar-iam
508 2535 601 2617 qnasi
622 2555 662 2598 aa
682 2534 871 2598 successione
893 2535 954 2599 sibi
976 2535 1136 2600 vindicare
1157 2537 1318 2599 niteretur.
1611 2535 1705 2610 1247,
1728 2533 1806 2599 Noc.
1829 2537 1882 2599 20.

426 2655 491 2709 Ian.
505 2655 553 2708 IV
568 2654 630 2722 Ray.
646 2653 701 2707 Vol.
719 2653 818 2721 Lat&-
840 2653 900 2706 La.
919 2654 1017 2721 V,cur.
1036 2661 1075 2708 23.
1121 2653 1223 2706 Pcrtsia'
1247 2653 1380 2720 campita
1395 2652 1555 2706 wntnlimna
1571 2669 1631 2706 acm
1651 2653 1803 2720 Mscrman,
1822 2653 1839 2706 l.
1858 2673 1879 2706 c.
1897 2658 1914 2708 t.
1938 2653 1968 2720 V,

317 2761 346 2813 μ
364 2751 404 2812 rr,
421 2749 556 2894 beiden,
577 2826 640 2896 aa.
660 2833 754 2894 aaa
772 2827 870 2896 near
888 2833 961 2882 cors.

246 3073 270 3112 a
418 3041 716 3132 PrincipibuS,
744 3040 951 3130 ducibus,
980 3041 1317 3114 marchionibus
1344 3046 1387 3114 et
1413 3041 1601 3114 aliorum
1630 3042 1876 3134 principum

537 3161 753 3262 nobilium
783 3161 956 3235 nunciis
983 3163 1099 3255 apud
1126 3163 1456 3254 Aquisgranum
1484 3164 1528 3236 in
1554 3164 1755 3256 proxima

898 3285 1020 3358 curia
1047 3281 1402 3377 congregandis².

426 3431 517 3496 Scire
539 3454 596 3496 vos
626 3432 805 3513 oredimus,
837 3432 923 3519 quod
947 3433 1133 3498 carissimus
1156 3432 1190 3497 in
1213 3432 1342 3498 Christo
1365 3432 1449 3496 iilius
1473 3440 1586 3497 noster
1609 3483 1642 3500 ..
1667 3455 1726 3498 rex
1748 3434 1969 3500 Romanorum

322 3535 474 3617 illustris,
498 3537 590 3601 cuius
623 3557 765 3623 persona
799 3559 863 3601 non
896 3544 963 3602 tam
992 3537 1090 3622 digna
1112 3557 1209 3622 quam
1233 3535 1425 3623 dignissima
1447 3535 1487 3600 ad
1511 3543 1636 3600 tantam
1658 3534 1852 3622 dignitatem
1876 3538 1968 3602 dino-

243 3661 270 3701 ro
323 3639 439 3719 scitur,
468 3661 533 3704 non
570 3641 775 3706 ministerio·
801 3643 940 3707 hominis
977 3641 1035 3708 scd
1073 3644 1179 3729 potius
1214 3642 1324 3706 divino
1354 3641 1501 3707 misterio
1533 3642 1624 3726 quasi
1664 3665 1707 3707 ex
1736 3643 1899 3729 insperato
1928 3644 1970 3709 ad

322 3743 450 3829 imperii
474 3743 639 3830 fastigium
663 3751 714 3808 est
736 3753 939 3832 assumptum
971 3767 1015 3812 ex
1044 3768 1108 3833 quo
1136 3752 1227 3811 tanto
1257 3747 1365 3833 potius
1397 3745 1519 3810 debent
1543 3767 1670 3827 omnes,
1693 3746 1836 3813 maxime
1860 3747 1970 3812 devoti

323 3848 467 3912 ecclesie
500 3854 534 3913 et
564 3846 680 3913 fideles
709 3849 852 3936 imperii,
884 3852 1033 3916 exultare
1061 3872 1099 3916 ao
1128 3851 1162 3915 in
1197 3849 1299 3937 ipsius
1335 3851 1491 3916 auxilium
1521 3855 1672 3936 prompta
1702 3851 1969 3938 magnanimitate

321 3969 535 4036 consurgere,
567 3957 688 4037 quanto
724 3952 757 4017 id
791 3954 1005 4041 inspiratione
1028 3957 1083 4021 vel
1110 3955 1217 4042 potius
1241 3954 1451 4042 dispositione
1474 3954 1583 4019 divina
1610 3975 1675 4020 non
1697 3955 1872 4043 ambigitur
1894 3977 1969 4022 esse

322 4053 454 4120 iactum.
511 4054 596 4129 Quia
619 4077 696 4122 vero
721 4077 764 4122 ex
786 4058 847 4122 hoc
869 4059 1072 4145 principibus
1094 4057 1323 4124 Alammannie
1356 4079 1419 4123 non
1443 4065 1493 4124 est
1515 4057 1648 4123 dubium
1671 4060 1868 4141 accrevisse,
1897 4081 1970 4124 oum

322 4155 359 4222 F.
384 4157 546 4243 quondam
568 4159 772 4244 imperatoris
788 4162 963 4248 reprobata
978 4164 1142 4250 prolenies
1158 4165 1318 4229 niteretur
1333 4162 1395 4228 sibi
1409 4162 1503 4248 qnasi
1519 4183 1561 4226 ex
1578 4164 1783 4229 successione
1798 4164 1969 4250 imperium

321 4260 495 4327 vendicare
504 4261 528 4344 ³,
563 4263 811 4330 universitatem
845 4271 987 4331 vestram
1023 4287 1190 4352 rogamus,
1226 4287 1394 4330 monemus
1432 4271 1465 4329 et
1499 4266 1666 4330 hortamur
1702 4273 1828 4332 attente
1866 4289 1904 4332 ao
1936 4269 1969 4331 in

320 4363 547 4430 remissionem
570 4367 662 4431 vobis
686 4368 884 4453 iniungimus
907 4376 1128 4455 peccatorum,
1151 4369 1303 4454 quatinus
1326 4367 1472 4454 predicto
1502 4369 1572 4452 regi
1604 4376 1756 4453 potenter
1779 4377 1812 4434 et
1833 4371 1970 4434 viriliter

321 4467 529 4549 assistentes,
566 4469 749 4536 exhibeatis
784 4471 891 4537 eidem
925 4480 1038 4538 contra
1071 4473 1233 4560 prefatum
1261 4473 1316 4552 F,
1339 4471 1402 4536 Dei
1427 4478 1460 4537 et
1488 4473 1629 4538 ecclesie
1653 4494 1690 4537 ao
1714 4473 1843 4559 imperii
1865 4473 1968 4537 mani-

321 4572 442 4638 festum
464 4572 696 4656 adversarium,
720 4576 892 4640 consilium
915 4582 948 4641 et
970 4577 1129 4641 auxilium
1153 4584 1322 4663 oportuna,
1346 4577 1390 4640 ita
1413 4575 1499 4661 quod
1522 4575 1609 4661 apud
1631 4575 1739 4641 Deum
1763 4583 1796 4639 et
1819 4575 1967 4640 homines

245 4703 271 4744 ro
322 4677 457 4762 possitis
485 4677 621 4764 proinde
650 4700 715 4744 non
749 4680 899 4745 inmerito
931 4680 1164 4762 commendari,
1195 4689 1228 4747 et
1255 4702 1330 4763 nos,
1355 4681 1409 4767 qui
1433 4681 1580 4746 eiusdem
1605 4679 1693 4765 regis
1716 4679 1968 4764 participamurb

321 4781 528 4846 successibus
563 4787 597 4847 et
630 4783 664 4846 in
696 4783 800 4868 ipsius
834 4784 1002 4870 prosperis
1035 4805 1280 4872 prosperamur,
1310 4782 1351 4848 ad
1375 4790 1485 4848 vestra
1514 4790 1547 4850 et
1577 4789 1757 4848 vestrorum
1786 4782 1970 4868 obligemur

323 4882 463 4948 comoda
484 4890 517 4949 et
539 4884 692 4954 honores.

426 5004 503 5074 Dat.
523 5005 686 5092 Lugduni,
709 5005 778 5072 XII
801 5006 876 5074 Kal.
899 5007 1075 5074 Decembr.
1099 5029 1183 5074 anno
1207 5009 1330 5094 quinto.

424 5267 447 5328 Ι)
465 5265 577 5318 misterio
596 5263 628 5342 B.
732 5263 758 5332 ¹³)
776 5266 813 5318 ita
832 5265 884 5332 M.,¹
901 5268 1062 5336 psrtioipinm
1081 5267 1111 5321 P.

244 5433 270 5474 as
428 5419 455 5486 1)
476 5417 516 5485 Of.
533 5435 560 5471 n.
580 5427 633 5474 456.
738 5421 765 5488 2)
785 5419 861 5474 Sicut
887 5419 951 5476 baec
976 5421 1157 5490 templana
1180 5422 1268 5488 formo
1294 5417 1411 5487 indicat,
1436 5421 1545 5488 minida
1571 5418 1683 5489 aspicias
1701 5417 1866 5490 pervasurus
1884 5425 1969 5474 trans-

322 5503 402 5558 misso
420 5521 476 5557 nen
493 5509 529 5558 cst
546 5506 592 5560 aad
609 5507 639 5567 in
657 5506 733 5560 caria
751 5508 798 5560 illa
816 5508 864 5576 lapi
881 5507 985 5572 ‹lelncit,·
1006 5527 1063 5562 carn
1085 5509 1162 5567 Petra
1179 5511 1263 5577 legale
1280 5508 1442 5562 mmrniaram
1461 5524 1514 5562 erac
1531 5513 1677 5576 putamus:
1702 5508 1735 5572 cf.
1750 5525 1778 5576 p.
1800 5517 1854 5575 121,
1873 5513 1927 5562 net.
1948 5517 1969 5566 1.

321 5592 349 5662 3)
368 5592 442 5645 Haec
459 5593 534 5646 rerba
552 5592 676 5646 notanda
694 5598 765 5648 arcad.
