4784 6332
1184 299 1202 346 Ι

874 417 1075 475 armachan
1092 419 1282 476 SELECTAE.
1319 419 1394 476 rats.
1901 424 1960 488 187

305 617 419 664 verum
450 597 551 662 etiarn
582 594 766 682 postposito
798 593 913 659 habitu
947 595 1091 680 regulari
1121 601 1326 660 recurrentes
1357 593 1398 660 ad
1428 615 1534 678 arma,
1571 596 1633 662 sibi
1665 603 1698 662 et
1729 598 1869 663 ecclesie
1901 617 1960 662 sue

305 700 448 788 dampna
471 700 585 785 gravia
608 700 789 764 intulerunt
812 718 871 785 per
893 696 1044 764 incendia
1068 705 1101 764 et
1124 699 1267 786 rapinas.
1303 699 1427 764 Verum
1451 721 1525 764 oum
1548 721 1608 764 noa
1624 701 1759 786 flagitiis
1775 698 1961 766 huiusmodi

305 806 481 870 intellectis
517 805 750 870 correctionem
781 809 815 868 et
850 801 1116 868 reformationem
1147 802 1285 889 predicti
1322 804 1510 868 monasterii
1544 802 1604 868 tibi
1637 802 1696 868 sub
1734 809 1825 870 oerta
1857 805 1962 868 lorura

305 909 497 975 duxerimus
531 905 812 986 committendam,
846 911 962 990 teque,
995 906 1070 990 quia
1098 906 1176 970 illue
1207 905 1365 972 accedere
1396 906 1521 991 absque
1550 907 1695 993 periculo
1727 929 1867 994 persone
1896 927 1960 972 non

234 1043 247 1080 a
307 1021 455 1101 poteras,
485 1011 664 1078 venerabili
692 1011 784 1074 fratri
812 1016 922 1074 nostro
946 1058 979 1074 ..
1004 1010 1158 1096 episeopo
1182 1008 1447 1094 Nuemburgensi
1479 1016 1513 1074 et
1545 1011 1617 1075 eius
1647 1011 1799 1096 collegis,
1831 1031 1905 1076 cunr
1928 1009 1959 1074 id

302 1119 365 1184 tibi
392 1139 435 1184 ex
461 1116 658 1183 directarum
686 1113 727 1182 sd
756 1121 789 1179 te
812 1116 996 1180 litterarum
1020 1123 1203 1179 nostramm
1228 1121 1343 1180 tenore
1368 1121 1587 1201 competeret,
1615 1116 1839 1181 committente
1863 1135 1962 1201 super

303 1223 367 1289 boc
395 1223 540 1286 totaliter
565 1222 654 1286 vices
684 1225 773 1298 tuas,
805 1217 920 1294 iidem,
957 1217 998 1282 ad
1027 1216 1216 1283 iamdictam
1244 1219 1478 1282 monasterium
1506 1219 1726 1304 personaliter
1754 1217 1961 1300 aecedentes,

303 1327 391 1390 inter
412 1332 522 1390 cetere
543 1345 638 1389 usum
662 1323 807 1388 carnium
830 1322 863 1386 in
891 1321 1066 1387 refectorio
1094 1321 1324 1387 interdixerint
1351 1323 1518 1388 monachis
1549 1322 1759 1409 supradictis:
1791 1323 1869 1409 ipsi,
1900 1322 1960 1386 hoc

304 1431 354 1494 eia
381 1429 479 1494 licere
508 1427 550 1494 de
573 1428 679 1513 gratia
710 1425 797 1492 sedis
826 1425 1005 1512 apostolice
1032 1433 1233 1506 asserentes,
1266 1425 1423 1510 quasdem
1450 1425 1551 1490 falsas
1578 1427 1722 1508 litteras,
1751 1432 1864 1512 utpote
1887 1445 1960 1512 que,

306 1533 384 1598 licet
417 1534 450 1597 in
484 1532 532 1597 eis
563 1551 639 1597 vere
671 1530 760 1595 bullc
793 1529 884 1594 filum
919 1535 1008 1594 esset
1042 1529 1239 1609 immissum,
1274 1529 1448 1594 nonnullas
1478 1535 1588 1595 tamen
1624 1551 1755 1595 rasuras
1791 1535 1961 1615 suspectas

306 1637 486 1716 habebant,
515 1638 548 1701 in
575 1656 633 1700 sue
661 1634 853 1700 assertionis
882 1631 1106 1698 testimonium
1134 1629 1370 1718 produxerunt.
1416 1631 1459 1696 Et
1487 1633 1565 1698 licet
1593 1634 1801 1719 inquisitores
1830 1641 1863 1698 et
1892 1633 1960 1719 epi-

305 1761 423 1826 scopus
445 1741 615 1806 memorati
637 1747 773 1827 propter
795 1739 857 1802 hoc
886 1737 979 1802 iuxta
1002 1735 1267 1802 constitutionem
1291 1737 1505 1822 apostolicam
1530 1745 1644 1804 contre
1666 1739 1815 1804 falsarios
1839 1737 1961 1803 editam

303 1845 426 1910 vellent
451 1843 632 1930 procedere
660 1849 774 1908 eontra
804 1863 875 1922 eos,
906 1841 967 1928 ipsi
997 1848 1121 1917 tamen,
1152 1848 1189 1905 ut
1219 1862 1338 1926 penem
1361 1841 1567 1908 falsariorum
1591 1843 1792 1928 effugerent,
1827 1840 1961 1906 easdem

303 1948 429 2014 litteras
456 1949 658 2026 lacerantes,
691 1967 807 2010 earnes
835 1946 868 2008 in
896 1944 1071 2009 refectorio
1101 1944 1232 2031 publice
1262 1944 1466 2010 commedere
1496 1965 1560 2009 nou
1587 1951 1751 2024 verentur,
1784 1950 1818 2010 et
1846 1966 1866 2009 a
1894 1944 1961 2008 auis

236 2085 248 2120 a
305 2053 488 2118 insolentiis
512 2052 643 2116 minime
666 2049 876 2124 desistentes,
900 2048 1054 2114 abbatem
1078 2048 1233 2134 ipsorum,
1257 2067 1314 2112 eos
1337 2047 1378 2112 ab
1403 2049 1490 2113 invio
1513 2048 1555 2113 sd
1577 2049 1663 2114 viem
1679 2047 1794 2113 salutis
1810 2046 1959 2132 redigere

304 2157 526 2236 affectantem,
550 2155 718 2241 capientes
741 2173 807 2218 uon
823 2152 948 2238 absque
964 2151 1139 2217 iniectione
1156 2173 1308 2216 manuum
1324 2151 1479 2231 violenta,
1503 2151 1643 2218 eundem
1657 2153 1766 2217 vivum
1781 2151 1958 2215 inhumane

304 2261 480 2325 voluerunt
502 2259 633 2325 tradere
657 2259 835 2344 sepulture.
881 2255 963 2320 (lum
987 2255 1086 2340 igitur
1110 2257 1204 2342 culpe
1227 2257 1302 2336 sint,
1326 2256 1358 2320 in
1382 2257 1498 2342 quibus
1521 2258 1617 2344 culpa
1639 2264 1691 2322 est
1713 2255 1863 2322 relaxare
1887 2252 1958 2318 vin·

305 2363 440 2444 dictam,
473 2371 506 2428 et
534 2363 613 2428 mali
641 2362 785 2428 debeant
814 2361 900 2425 male
926 2359 1019 2446 perdi
1047 2380 1086 2424 ac
1115 2360 1212 2425 vinee
1239 2359 1371 2426 Domini
1405 2362 1505 2427 locari
1536 2361 1703 2448 agricolis,
1734 2360 1788 2446 qui
1818 2360 2114 2424 truetumuanuean.

304 2467 507 2552 temporibus
536 2467 604 2532 suis
632 2465 785 2545 reddent,
814 2463 1021 2543 mandamus,
1049 2464 1201 2550 quatinus
1230 2485 1289 2550 per
1318 2471 1351 2529 te
1376 2466 1427 2530 vel
1458 2465 1556 2546 alios,
1588 2464 1748 2530 habentes
1776 2484 1834 2550 pre
1858 2461 1962 2527 oeulis

308 2570 414 2634 solum
428 2547 557 2652 ‘Deum
580 2569 797 2654 personaliter
820 2567 861 2632 ad
885 2567 1121 2632 monasterium
1144 2567 1250 2652 ipsum
1273 2568 1445 2650 accedens,
1475 2570 1501 2633 si
1526 2589 1594 2633 rem
1618 2567 1784 2632 inveneris
1807 2565 1853 2632 ita
1877 2585 1962 2642 esse,

306 2674 423 2737 amotis
446 2673 566 2738 exinde
590 2671 822 2760 pestilentibus
847 2669 1027 2756 sepedictis
1051 2679 1084 2735 et
1107 2670 1139 2734 iu
1163 2671 1236 2736 aliis
1264 2673 1472 2738 monasteriis
1503 2671 1650 2737 eiusdem
1674 2669 1795 2736 ordinis
1825 2668 1958 2734 intrusis

306 2776 347 2840 sd
370 2782 564 2862 perpetuam
589 2777 620 2839 in
645 2775 693 2840 eis
717 2775 933 2861 penitentiam
957 2773 1199 2859 peragendam,
1229 2775 1310 2840 alios
1335 2777 1488 2841 instituas
1511 2779 1543 2841 in
1573 2776 1704 2856 eodem,
1734 2775 1789 2861 qui
1818 2774 1879 2838 sibi
1903 2793 1963 2858 per

305 2880 372 2944 uite
395 2879 548 2944 meritum
574 2883 607 2942 et
630 2877 703 2942 aliis
727 2876 899 2964 proficient
920 2897 980 2963 per
1003 2878 1200 2963 exemplum,
1226 2877 1376 2944 invocato
1400 2879 1441 2943 ad
1465 2880 1536 2953 hoe,
1563 2881 1590 2944 si
1608 2901 1689 2966 opus
1705 2879 1815 2960 tuerit,
1838 2877 1961 2941 auxilie

307 2982 433 3047 brachii
455 2982 629 3058 secularis;
654 2979 911 3046 contradictores
935 2985 997 3044 etc.

414 3103 490 3170 Det.
514 3103 677 3190 Lugduni,
699 3103 812 3168 Idibus
833 3101 996 3182 Octobris,
1019 3122 1105 3168 anno
1129 3101 1187 3168 IV.

926 3362 1336 3373 *au—n—

1092 3627 1179 3704 250.

411 3744 629 3842 Innocentius
643 3768 701 3838 IV
706 3794 795 3858 popu
811 3768 928 3838 dccorw
939 3767 1052 3838 Sancti
1062 3771 1212 3838 Andreae
1224 3765 1470 3836 Hitdcsenrensis
1485 3771 1513 3834 ct
1523 3764 1705 3850 praeposito
1715 3763 1839 3832 Montis
1851 3761 1962 3832 Sancti

306 3882 397 3948 Petri
421 3878 636 3948 &coloniensis
656 3876 700 3940 od
715 3894 824 3956 preces
847 3875 1001 3960 [chrici
1022 3875 1081 3959 Il]
1103 3877 1223 3942 concitis
1243 3875 1432 3954 Arctantur,
1460 3873 1581 3953 nepotis
1601 3870 1771 3956 [chricc]
1793 3870 1876 3952 repis
1897 3869 1962 3934 Ra

306 4005 481 4063 menorans,
503 3981 642 4058 mandat,
671 3984 705 4044 nt
727 3980 885 4046 ecclesium
907 3981 1009 4045 sancti
1031 3979 1187 4060 Stcplcnni
1206 3977 1482 4054 Helmestadensia
1505 3975 1542 4040 a
1564 3975 1653 4040 cnins
1676 3975 1746 4040 inrc
1769 3977 1962 4054 potronatus

306 4089 405 4155 abbas
421 4085 638 4154 Wcrdincnsis
651 4087 681 4148 et
695 4084 821 4148 ecclcna
836 4086 963 4146 sanctae
977 4081 1108 4147 Mariae
1123 4082 1159 4145 dc
1170 4081 1281 4146 Monte
1295 4081 1382 4162 npncd
1393 4078 1577 4144 Helmestod
1591 4077 1790 4154 contendant,
1811 4077 1962 4160 mnqistro

308 4190 447 4256 Iohanni
469 4188 619 4254 connaico
641 4187 753 4254 Sancti
774 4186 941 4271 Bonifatii
961 4185 1112 4270 conferat.
1623 4183 1716 4259 1246,
1742 4179 1806 4248 Oct.
1823 4183 1874 4248 18.

412 4311 476 4364 Inn.
489 4308 537 4363 IV
552 4307 615 4377 aaa.
634 4306 689 4362 Vol.
702 4307 725 4369 Ι,
739 4313 802 4372 337;
820 4305 881 4361 La.
894 4305 914 4358 I
918 4304 947 4374 V,
967 4311 1023 4360 198.

412 4397 510 4464 Berper
526 4401 597 4449 2194.

517 4613 556 4631 ..
585 4557 764 4630 decano
793 4553 996 4628 ecclesie
1024 4551 1177 4626 saneti
1204 4551 1392 4624 Andree
1420 4547 1760 4623 lldesemensis

366 4684 410 4751 ot
438 4733 475 4754 ..
505 4676 753 4769 preposito
782 4675 988 4749 ecclesie
1015 4671 1187 4746 Montis
1213 4671 1375 4744 Sancti
1402 4669 1529 4744 Petri
1557 4665 1905 4741 Goslariensis⁸

844 4793 1182 4868 lldesemensis
1209 4791 1430 4866 diocesin.

417 4937 578 5014 Voleuies
600 4945 830 5032 indempnitati
854 4945 994 5010 ecclesie
1019 4942 1124 5008 saneti
1140 4939 1301 5028 Stephani
1317 4937 1615 5018 Helmestadensis,
1638 4957 1701 5023 que
1723 4935 1808 5001 sicut
1828 4933 1958 5022 aceepi-

308 5074 380 5118 mus
402 5059 537 5139 propter
560 5051 809 5117 altercationem
831 5050 916 5114 inter
939 5047 1093 5114 abbatem
1109 5043 1385 5111 Werdinensem²
1409 5063 1451 5108 ex
1467 5048 1561 5128 parte
1577 5061 1643 5105 una
1659 5045 1693 5106 et
1709 5089 1716 5104 .
1732 5087 1740 5104 .
1757 5039 1960 5126 prepositum

308 5164 343 5222 et
369 5163 564 5222 conuentum
595 5155 735 5222 ecclesie
767 5161 880 5220 sancte
902 5153 1005 5218 Marie
1035 5152 1076 5217 de
1099 5150 1212 5216 Monte
1235 5147 1322 5235 apud
1345 5147 1534 5212 Helmestat
1560 5165 1603 5209 ex
1633 5145 1737 5209 altere
1769 5143 1960 5229 superiore

307 5267 501 5348 patronatus
524 5259 627 5347 ipsius
650 5259 791 5326 ecclesie
810 5258 931 5324 diutius
947 5257 1115 5344 agitatam,
1139 5261 1277 5339 utraque
1294 5257 1387 5338 parte
1405 5249 1446 5316 ad
1462 5272 1498 5315 ae
1514 5249 1564 5313 ius
1579 5245 1765 5312 huiusmodi
1781 5249 1960 5326 asserente,

224 5397 252 5436 ro
308 5366 342 5430 iu
366 5363 590 5450 spiritualibus
614 5369 647 5429 et
669 5363 905 5451 temporalibus
922 5383 985 5426 uon
1001 5360 1163 5426 modicum
1180 5347 1303 5446 patitur
1318 5356 1562 5434 detrimentum,
1586 5358 1724 5439 paterna
1741 5348 1960 5416 sollicitudine

897 5521 1020 5527 —ae-u
1084 5517 1336 5525 —...——--.-.-—.—-.
1367 5515 1442 5522 .--—-
1475 5513 1594 5520 ...κ-
1796 5507 1858 5516 -·-·

414 5625 437 5688 ⁵)
456 5625 623 5678 Coelaricnsis
635 5625 667 5678 B.

414 5744 439 5810 l)
460 5741 689 5808 Gerbnrdnnncf.
709 5739 859 5806 atdrrcnlcen
878 5739 967 5794 Gesclr.
986 5737 1012 5793 ri.
1034 5737 1195 5792 Reiclcccbtci
1213 5735 1327 5790 Werrten
1344 5731 1701 5800 o.d.Rnler,p.101-103.

1697 5821 1753 5878 24·
