4752 6338
843 440 1046 497 uplsronun
1065 439 1260 496 SELEO'PAE.
1297 441 1371 495 1249.

1066 741 1153 814 753.

384 854 604 947 Innocentius
632 880 690 945 IV
707 900 797 964 papa
826 879 1052 964 [Hermanno]
1087 877 1227 959 episcopo
1260 876 1482 958 Hertipolcnsi
1519 876 1667 955 mandat,
1710 880 1746 940 at
1783 877 1935 959 quosdam

279 986 444 1051 canonicos
458 985 708 1065 Herbipotcnses,
731 983 787 1064 qni
809 1004 830 1047 a
846 981 1028 1063 praeposito
1049 1001 1115 1058 ereo,
1138 1001 1329 1063 quamquam
1351 980 1434 1045 bona
1452 982 1693 1062 maepontarm
1708 1001 1771 1060 per
1791 981 1936 1046 inimicos

279 1089 422 1154 eccesiae
443 1089 585 1170 aliosque
610 1087 701 1152 calda
731 1086 890 1151 diminuta
917 1086 994 1166 sint,
1018 1090 1192 1166 proventae
1220 1104 1294 1149 snos
1320 1085 1458 1167 intepros
1485 1085 1627 1166 esmant,
1657 1083 1830 1166 compellat,
1858 1088 1894 1148 at
1915 1105 1936 1148 a

281 1192 495 1257 molestatione
513 1190 687 1272 praepositi
709 1189 870 1254 desistam.
1588 1188 1682 1265 1249,
1705 1186 1780 1251 Inn.
1796 1189 1847 1252 22.
1891 1227 1893 1234 ·

241 1337 253 1374 ς,
384 1312 448 1365 Inn.
462 1310 511 1365 IV
521 1310 584 1379 lta.
603 1308 664 1365 La.
680 1308 727 1378 VI,
744 1308 817 1377 tot,
835 1325 864 1362 n.
877 1316 932 1364 610.
968 1307 1127 1376 amatur,
1145 1307 1219 1376 qnod
1235 1307 1343 1374 delcr,
1361 1305 1422 1361 An.
1440 1322 1463 1361 c.
1481 1305 1544 1362 Bate.
1560 1321 1588 1374 p.
1601 1313 1652 1362 200
1669 1304 1759 1374 mma,
1775 1307 1937 1360 contalimne

280 1415 342 1453 mm
360 1399 517 1555 Reriffeaze,
537 1480 856 1554 nerisiensem
875 1479 944 1536 aas.
957 1485 1004 1549 ea·
1021 1481 1122 1550 eece
1137 1487 1215 1538 noo.

748 1635 751 1642 ⁴
784 1715 826 1734 ..
854 1659 1075 1754 episcopo
1102 1657 1464 1752 Herpipolensi².

393 1809 446 1874 Ex
473 1817 567 1896 parte
597 1810 710 1876 dilecti
737 1810 796 1874 filii
819 1858 851 1875 ..
874 1809 1035 1897 prepositi
1062 1809 1202 1875 eeclesia
1224 1808 1477 1896 Herbipolensis
1506 1811 1569 1876 init
1596 1813 1799 1898 propositum
1829 1831 1938 1876 eorem

231 1949 256 1987 10
283 1913 389 1994 nobis,
413 1913 501 1999 quud
525 1962 557 1981 ..
581 1914 736 1995 decenus,
754 1913 900 2000 Yringus
922 1913 963 1980 de
986 1913 1248 1994 Huimburehb¹‚
1270 1912 1460 2004 Eberardus
1483 1914 1524 1980 de
1546 1915 1726 1980 Mesbach⁰
1750 1921 1783 1981 et
1806 1914 1935 2001 quidem

282 2017 338 2082 alii
362 2017 507 2081 eiusdem
531 2018 673 2083 ecclesie
704 2018 867 2098 canonici,
898 2038 962 2082 non
990 2018 1199 2084 attendentes
1229 2017 1316 2103 quod
1343 2019 1551 2104 prepositure
1579 2040 1637 2084 sua
1665 2020 1753 2084 bone
1781 2025 1857 2084 sunt
1878 2041 1939 2105 per

281 2121 430 2186 inimicos
455 2121 594 2186 eoelesie
617 2142 655 2185 ee
679 2121 759 2185 alios
782 2120 973 2207 perditionis
993 2121 1077 2185 filios
1093 2143 1158 2185 non
1174 2120 1338 2185 modicum
1354 2119 1524 2203 diminute,
1548 2122 1789 2209 prebendarum
1807 2142 1938 2185 suarum

282 2231 460 2310 proventus
483 2247 521 2289 ae
542 2222 794 2289 distributiones,
811 2223 991 2289 cotidianas
1015 2245 1089 2289 cum
1113 2245 1153 2289 aa
1175 2223 1374 2310 integritate,
1398 2245 1463 2308 que
1485 2225 1566 2311 ipsis
1589 2231 1666 2290 ante
1689 2225 1939 2290 diminutionem

282 2327 441 2392 bonorum
465 2328 610 2412 ipsorum
634 2333 874 2392 consueverunt
897 2327 1047 2394 exhiberi
1070 2325 1110 2391 ab
1134 2348 1185 2407 eo,
1207 2348 1265 2413 pro
1289 2347 1349 2391 sua
1371 2327 1540 2394 voluntate
1565 2377 1746 2395 .........
1752 2327 1777 2410 ⁶,
1806 2335 1839 2394 et
1860 2350 1938 2415 pro-

231 2463 258 2501 15
285 2431 370 2495 tinus
393 2451 517 2515 organa
541 2452 600 2495 sna
622 2431 837 2518 suspendunt,
861 2432 890 2495 si
913 2452 1025 2497 eorum
1049 2433 1081 2496 in
1104 2431 1167 2496 hae
1190 2436 1284 2517 parte
1301 2451 1366 2495 non
1383 2431 1606 2497 satisfaciunt⁰
1621 2433 1793 2498 voluntati.
1830 2431 1938 2506 Quare

283 2535 376 2599 nobis
393 2535 560 2599 humiliter
576 2535 780 2620 supplicavit,
802 2541 839 2599 ut
853 2534 1028 2621 providere
1049 2534 1111 2599 sibi
1134 2554 1233 2620 super
1254 2533 1315 2599 hoc
1338 2540 1477 2619 paterna
1498 2535 1718 2601 sollicitudine
1741 2557 1940 2602 curaremus.

284 2637 369 2712 Quia
390 2659 468 2703 raro
492 2644 529 2703 tu
552 2638 592 2704 de
615 2637 677 2702 hiis
701 2637 824 2703 habere
846 2639 971 2723 poteris
993 2637 1141 2702 notitiam
1170 2636 1361 2724 pleniorem,
1390 2636 1593 2719 mandemus,
1622 2640 1787 2725 quatinus,
1814 2641 1842 2704 si
1864 2660 1939 2726 pre·

283 2741 392 2806 missis
420 2743 541 2808 veritos
572 2743 779 2825 suffragatur,
811 2741 916 2806 dictos
946 2742 1105 2808 decanum
1135 2746 1169 2805 et
1195 2740 1278 2806 alios
1307 2741 1497 2820 canonicus,
1528 2746 1564 2806 ut
1591 2741 1672 2822 hiis,
1703 2764 1766 2828 que
1794 2743 1874 2829 ipsis
1897 2743 1939 2808 ab

285 2844 401 2910 eodem
423 2847 590 2932 preposito
614 2846 782 2913 commode
806 2854 945 2934 possunt
967 2847 1161 2927 ministrari,
1190 2845 1352 2925 contenti,
1381 2845 1422 2909 ab
1447 2845 1519 2911 eius
1543 2866 1642 2936 super
1664 2846 1743 2928 hoa,
1766 2845 1940 2912 dummodo

231 2979 258 3018 ao
286 2949 333 3014 eis
357 2950 450 3015 iuxta
471 2950 646 3015 facultates
667 2949 848 3037 provideat,
871 2951 1100 3016 molestatione
1118 2947 1304 3029 desistens,
1327 2949 1503 3013 monitione
1518 2950 1679 3034 premissa
1694 2971 1753 3037 per
1768 2969 1939 3015 censuram

285 3053 544 3119 ecelesiasticam
573 3055 793 3141 appellatione
825 3061 952 3120 remote
975 3054 1152 3141 compelles
1173 3091 1217 3101 -
1238 3073 1304 3117 non
1327 3051 1479 3116 obstante
1503 3053 1532 3116 si
1554 3053 1742 3138 aliquibus⁸
1764 3074 1875 3118 eorum
1898 3053 1940 3117 ab

284 3159 466 3244 apostoliea
488 3158 567 3224 sede
598 3159 640 3223 sit
670 3159 848 3240 indultum,
878 3159 966 3246 quod
993 3181 1053 3247 par
1079 3160 1207 3225 litteras
1236 3156 1434 3243 apostolicas
1464 3156 1752 3238 excommunicari,
1785 3155 1940 3241 suspendi

284 3269 341 3327 aut
362 3267 529 3348 nequeant
550 3261 711 3330 interdici.

391 3382 469 3448 Dat.
492 3383 656 3469 Lugduni,
678 3382 712 3447 X
734 3381 810 3449 Kal.
834 3383 921 3460 Iulii,
944 3404 1029 3448 enno
1046 3382 1120 3448 vr.

233 3668 259 3708 25
390 3643 415 3713 Ι)
432 3646 470 3698 ita
486 3645 515 3696 in
532 3661 624 3711 mae-9„
645 3643 827 3711 Herbipolansi
847 3644 875 3695 in
895 3644 984 3694 rutro.
1095 3639 1354 3708 b)r1unuburehB.
1464 3637 1488 3706 ο)
1505 3640 1546 3690 nal
1562 3637 1693 3690 Murbach.
1800 3635 1826 3704 ⁰¹)
1843 3637 1942 3704 atiqraot
2007 3643 2009 3646 ’

284 3733 363 3784 certa
379 3732 502 3784 caeduae
518 3731 651 3792 videntem
667 3731 730 3796 qam
745 3730 838 3782 ididem
856 3731 978 3797 comptem
989 3729 1084 3797 flacit,
1101 3729 1207 3795 collique
1224 3745 1255 3780 aa
1271 3727 1396 3779 munidato
1409 3742 1499 3792 papae
1510 3725 1585 3792 aifre
1597 3731 1720 3790 sequane.
1816 3725 1840 3789 ο)
1857 3724 1894 3775 ita
1905 3723 1938 3775 R.

283 3815 304 3883 s)
323 3817 428 3870 desistat
445 3817 477 3868 Β.
582 3813 609 3881 8)
627 3816 702 3868 obst'.
720 3817 753 3899 up
770 3817 901 3883 aliquibus
919 3815 952 3868 n.

388 3953 415 4022 1)
434 3951 545 4021 Iliacas
561 3952 593 4006 de
609 3951 773 4020 Hohentnry
790 3967 886 4006 canon.
903 3949 1039 4018 Hertipol.
1055 3948 1104 4003 leae
1121 3953 1232 4018 termera
1252 3947 1361 4018 saepiae
1383 3947 1511 4014 occant·
1532 3945 1609 4000 Mon.
1630 3944 1714 3999 Boica
1736 3947 1759 3997 t.-
1773 3942 1867 3997 XXX
1872 3942 1938 4013 VH,

280 4044 609 4110 nmmmm
