4784 6334
843 415 1045 476 EPISTOLAE
1064 417 1260 478 SELEOTAE.
1296 419 1374 480 1248.

1069 773 1156 847 590.

387 883 606 978 Innocentius
627 912 653 977 I
655 911 684 976 V
697 932 787 994 popo
807 911 1032 999 [Enpelborto]
1058 915 1198 998 episcopo
1221 912 1457 996 Oenabnryensi
1483 915 1657 994 committit,
1686 919 1722 978 nt
1753 935 1822 980 cnm
1841 937 1939 997 prae·

278 1017 382 1098 posito
398 1015 642 1098 Oenabnrqenei,
663 1035 811 1098 normano
829 1034 894 1094 sno,
917 1021 945 1081 et
967 1017 1087 1082 dnobus
1107 1017 1184 1082 otiis
1205 1017 1326 1082 ennete
1347 1017 1408 1081 siti
1429 1019 1665 1100 obsequentibus
1686 1037 1781 1102 snper
1797 1019 1939 1100 pinnati·

284 1124 347 1186 tate
370 1119 587 1202 beneficiorum
608 1118 775 1200 dispenset.
1580 1123 1674 1200 1248,
1696 1121 1782 1204 Sept.
1796 1124 1850 1191 22.

389 1239 453 1293 Inn
466 1237 517 1293 IV
531 1237 596 1308 Rep.
614 1237 675 1294 Lab.
691 1237 741 1307 VI,
758 1237 816 1308 119,
834 1245 927 1294 nmo.

217 1337 230 1376 r
388 1325 518 1393 Pattbaet,
539 1323 602 1394 nn.
618 1331 713 1394 19929,·
731 1325 829 1395 Berqer
844 1333 918 1383 4188.

758 1574 798 1594 ..
826 1518 1061 1612 episcopo
1090 1517 1471 1613 Osnaburgensi.

392 1669 499 1734 Tuam
515 1669 663 1734 volentes
680 1667 839 1733 honorare
856 1689 1030 1757 personam
1054 1675 1087 1733 et
1110 1689 1170 1756 per
1191 1669 1350 1734 honorem
1373 1669 1432 1733 tibi
1456 1669 1639 1734 exhibitum
1662 1671 1734 1736 aliis
1757 1672 1937 1759 providere,

283 1772 482 1837 fraternitati
504 1779 559 1837 tue
583 1772 786 1858 presentium
810 1773 1005 1836 auctoritate
1029 1773 1278 1852 committimus,
1308 1778 1346 1837 ut
1373 1793 1445 1836 eum
1475 1772 1597 1838 dilecto
1627 1775 1692 1839 filio
1716 1825 1723 1839 .
1743 1825 1750 1839 .
1774 1777 1937 1862 preposito

285 1877 425 1942 ecclesie
442 1875 718 1960 osnaburgensis,
743 1897 898 1960 gennano
914 1883 972 1941 tuo
984 1877 1006 1958 ¹,
1028 1881 1062 1940 et
1076 1875 1204 1940 duobus
1227 1877 1300 1942 aliis
1325 1877 1450 1942 clericis
1474 1878 1534 1942 tibi
1556 1879 1827 1964 obsequentibus,
1851 1881 1938 1966 quod

206 2000 233 2038 ro
285 1986 398 2067 preter
419 1978 578 2044 beneficia
593 1979 828 2057 ecclesiastiea,
851 2000 916 2064 que
933 1980 1094 2058 obtinent,
1117 1981 1183 2043 alia
1199 2000 1340 2066 quoque,
1364 1981 1442 2045 licet
1458 2003 1569 2046 euram
1586 1982 1733 2048 habeant
1747 1986 1938 2066 animarum,

284 2085 388 2149 libere
411 2084 539 2170 possint
560 2082 726 2168 recipere,
757 2084 784 2148 si
807 2083 878 2148 eis·
900 2084 1058 2148 canonice
1081 2083 1270 2160 offerantur,
1302 2082 1431 2148 etcum
1454 2085 1597 2150 obtentis
1620 2087 1709 2153 licite
1733 2089 1873 2153 retinere
1895 2125 1938 2136 -

285 2207 351 2252 non
374 2188 527 2252 obstante
551 2186 783 2251 constitutione
807 2186 934 2252 concilii
957 2187 1123 2272 generalis
1140 2223 1191 2267 -,
1215 2205 1319 2272 usque
1342 2186 1383 2251 ad
1404 2187 1493 2252 illam
1510 2189 1726 2274 quantitatem
1743 2192 1938 2256 auctoritate

285 2297 398 2355 nostra
426 2289 614 2376 dispenses,
651 2289 692 2354 de
728 2309 793 2374 qua
824 2291 972 2375 pensatis
1001 2291 1145 2376 ipsorum
1173 2291 1297 2356 meritis
1326 2291 1423 2356 saluti
1451 2293 1630 2357 animarum
1658 2315 1789 2359 suarum
1818 2295 1939 2360 videris

285 2395 458 2482 expedire;
480 2396 612 2483 proviso
635 2395 722 2480 quod
745 2393 905 2460 beneficia
926 2396 1000 2482 ipsa
1023 2394 1143 2461 debitis
1166 2403 1228 2461 etc.
1252 2416 1372 2482 usque:
1396 2397 1590 2482 negligatur.

394 2516 471 2583 Dat.
494 2516 657 2602 Lugduni,
679 2517 712 2580 X
735 2514 810 2584 Kal.
833 2515 996 2600 Octobris,
1020 2538 1105 2583 anno
1125 2515 1247 2583 v10b2.

1069 3110 1156 3186 591.

389 3223 608 3318 lacaenas
629 3251 685 3317 JV
701 3269 790 3333 papa
814 3251 994 3336 pronoen
1020 3255 1050 3315 o
1076 3250 1214 3332 mpsim
1235 3249 1519 3334 eneponenena
1545 3251 1677 3330 aaaron,
1705 3271 1745 3316 a
1773 3253 1841 3318 ene
1869 3272 1941 3318 eon-

284 3376 380 3423 sensn
400 3355 562 3442 [Attente]
583 3356 718 3436 episcopi
739 3356 791 3420 sni
811 3358 931 3419 statuta
948 3352 1087 3439 faciant.
1581 3357 1675 3436 1248,
1699 3354 1785 3436 Sept.
1799 3357 1853 3420 23.

390 3476 454 3530 Inn.
466 3474 516 3528 IV
529 3473 595 3544 Rea.
614 3473 674 3530 uo.
690 3473 738 3542 VI,
756 3474 831 3541 nro,
848 3480 945 3529 11205.

388 3561 520 3628 Pottboet,
540 3560 604 3630 Ra.
618 3565 696 3617 13031
700 3579 710 3628 ,·
728 3561 828 3629 Beroen
845 3567 916 3614 4197.

562 3814 602 3832 ..
628 3756 874 3850 preposito
903 3761 949 3830 et
975 3757 1185 3848 capitulo
1213 3755 1662 3848 Ratisponensibus

393 3908 447 3973 Ex
475 3913 569 3995 parte
598 3907 797 3972 venerabilis
826 3906 936 3970 fratris
965 3906 1069 3970 nostri
1097 3955 1105 3970 .
1130 3955 1136 3969 .
1166 3906 1313 3992 episcopi
1340 3905 1592 3991 Rotisponensis
1622 3905 1718 3970 nobis
1747 3913 1798 3971 est
1830 3907 1942 3972 oblata

286 4012 430 4098 querele,
461 4010 547 4098 quod
570 4032 628 4076 vos
658 4032 697 4076 eo
721 4011 824 4074 inscio
849 4017 883 4075 et
904 4009 1087 4094 irrequisito
1112 4015 1235 4075 statuta
1258 4009 1371 4091 edere,
1400 4008 1621 4074 institutiones
1649 4031 1687 4074 ao
1710 4008 1941 4074 destitutiones

285 4137 347 4181 nec
375 4135 442 4180 non
471 4121 505 4180 et
534 4115 599 4179 alia
630 4113 672 4178 ad
699 4115 805 4200 ipsum
837 4121 870 4179 et
898 4135 955 4179 vos
984 4115 1201 4179 communiter
1229 4114 1269 4180 de
1297 4115 1368 4178 iure
1397 4113 1579 4201 spectantia
1605 4113 1714 4177 facere
1745 4135 1803 4199 pro
1833 4119 1943 4178 vestra
2024 4133 2027 4140 ’

286 4219 455 4284 voluntate
482 4218 687 4306 presumitis,
719 4218 753 4282 in
781 4217 852 4282 eius
882 4237 948 4282 non
978 4217 1141 4282 modicum
1170 4217 1386 4304 preiudioium
1416 4222 1449 4282 et
1476 4237 1654 4302 gravamen
1663 4215 1686 4279 ³.
1733 4215 1816 4280 Oum
1842 4217 1942 4301 igitur

287 4343 345 4388 vos
368 4329 533 4407 tamquam
555 4321 788 4387 membraneo
810 4321 928 4385 deceat
951 4319 1121 4386 discedere
1152 4321 1194 4384 ab
1222 4322 1293 4408 ipso
1325 4321 1494 4406 episeopo,
1525 4320 1581 4404 qui
1610 4324 1661 4383 est
1690 4319 1803 4404 utique
1836 4317 1942 4405 capud

285 4432 442 4506 vestrum,
464 4423 666 4506 mandamus,
691 4425 844 4509 quatinus
867 4424 1031 4510 premissa
1054 4429 1187 4502 statute,
1211 4424 1436 4488 institutiones
1460 4428 1495 4486 et
1516 4421 1745 4486 destitutiones
1769 4422 1840 4485 sine
1863 4442 1941 4486 con-

285 4549 384 4594 sensu
407 4527 485 4593 dieti
509 4528 655 4614 episcopi
676 4527 864 4593 nullatenus
888 4527 1027 4593 iacietis.
1070 4528 1227 4613 Alioquin
1251 4549 1308 4592 eas
1331 4526 1537 4591 decernimus
1560 4525 1667 4589 irritas
1691 4531 1725 4590 et
1747 4525 1862 4590 inanes
1871 4525 1895 4592 ⁴.

392 4647 469 4715 Dat.
490 4647 654 4734 Lugduni,
670 4645 772 4713 VIIII
795 4645 870 4756 Kal.
894 4647 1059 4731 Octobris,
1084 4669 1169 4713 anno
1185 4647 1259 4712 VI⁰.

390 4943 416 5012 ⁸)
433 4961 477 4998 eos
495 4961 562 4998 corr.
580 4947 625 4998 sis.
729 4943 755 5010 b)
771 4952 834 4996 noto
853 4943 968 4996 obsonant.
986 4945 1043 4996 alia
1060 4961 1142 4996 monn
1159 4961 1253 4997 concon
1270 4951 1294 4995 et
1311 4943 1367 4994 alia
1385 4943 1497 4995 ductore
1514 4941 1612 5008 sarepta
1627 4951 1673 4995 est.

209 5107 235 5146 ao
391 5099 419 5166 1)
437 5098 582 5165 Rumone,
607 5097 655 5165 qni
677 5095 837 5165 Esuelbnto
858 5114 884 5152 a.
902 5105 965 5153 1250
986 5099 1118 5153 neoeoeffl.
1211 5099 1239 5166 2)
1264 5097 1321 5153 Sao
1342 5096 1410 5152 Noa.
1429 5103 1463 5151 2ο
1480 5111 1558 5165 popa
1580 5094 1715 5149 aeotastioo
1737 5093 1879 5149 Mindensi
1904 5091 1943 5148 ad

281 5199 371 5254 procer
388 5184 489 5238 wardia
505 5183 539 5237 de
555 5183 728 5252 Hotdenbsny
746 5182 936 5254 [Otdcnbnrq],
958 5184 1041 5238 dwati
1057 5184 1181 5252 eoekaiae,
1204 5183 1351 5251 nsandaoit,
1373 5189 1406 5236 nt
1425 5181 1580 5251 [mensu]
1598 5182 1725 5236 canonico
1744 5179 1943 5250 Osnabnrponsi

281 5269 461 5338 praebendam
478 5275 615 5324 vacantem
632 5269 768 5338 annonari
781 5270 893 5337 faceret·
911 5269 1231 5341 Pottbaet,1toa.13079;
1248 5287 1318 5339 quac
1331 5287 1371 5338 cp.
1382 5270 1415 5322 in
1428 5269 1490 5337 Rea.
1504 5285 1560 5321 non
1575 5273 1654 5321 artat
1735 5267 1764 5334 3)
1777 5265 1816 5333 ‘d'-
1827 5267 1941 5335 Jonner,

288 5355 378 5411 ouen.
394 5354 421 5410 d.
438 5355 528 5410 Bieot.
546 5373 569 5410 o.
589 5355 768 5426 Roqnubnrq,
787 5361 805 5411 t.
817 5357 858 5424 IL
872 5373 902 5424 p.
918 5364 977 5412 424.
1063 5358 1091 5422 4)
1111 5356 1170 5412 Sub
1186 5364 1297 5424 111249,
1318 5357 1379 5410 Ian.
1395 5361 1430 5410 30
1446 5371 1524 5423 papa
1540 5353 1667 5407 namna
1683 5352 1821 5421 noapiutto
1837 5357 1943 5406 amidae

289 5440 446 5496 Oatberim
457 5447 480 5495 et
491 5442 608 5496 noctem
619 5441 707 5496 mani
719 5441 819 5512 Maqm'
832 5441 1072 5511 Ratieponensnnn
1082 5444 1256 5512 oanfinnaoit,
1273 5457 1356 5512 qnam
1367 5443 1503 5511 episcopas
1511 5440 1608 5507 fecerat
1620 5455 1682 5493 eam
1692 5455 1821 5494 cometen
1831 5439 1944 5508 capitati

209 5535 234 5576 n
286 5528 344 5588 ars,-
361 5527 457 5597 Beroer
468 5535 549 5596 sera·
565 5528 693 5596 Pannan,
713 5527 776 5597 Rea.
788 5535 879 5584 reoee.
891 5559 925 5570 -
943 5527 1000 5584 suso
1011 5547 1037 5584 a.
1051 5536 1123 5598 rese,
1144 5529 1253 5585 Fatua
1270 5529 1388 5598 pampo
1405 5533 1429 5582 c
1445 5527 1612 5581 ammana
1625 5525 1731 5593 Ranae.
1749 5525 1894 5594 madano,
1912 5531 1944 5579 ao

286 5613 412 5682 hospitati
429 5620 539 5668 eundae
552 5614 710 5668 Oatbnr'nae
728 5614 837 5684 Ratisp.
856 5621 952 5670 contra
968 5615 1123 5670 inoaoomm
1141 5615 1284 5670 andaciam
1300 5615 1464 5679 aminneam
1481 5613 1609 5680 Parnon,
1629 5612 1695 5682 Rq.
1712 5617 1804 5680 13202·
1819 5627 1887 5681 qnae
1904 5627 1943 5681 tp.

287 5701 318 5758 in
337 5699 402 5772 na.
418 5717 475 5754 non
492 5706 573 5760 Mat.

1682 5793 1737 5848 530
