4328 6232
698 359 898 414 EPISTOLAE
916 360 1106 416 sabuchus.
1145 362 1219 415 1245.
1749 366 1791 427 89

131 527 196 592 Ι)οἰ
219 551 259 592 ac
281 531 483 614 generaliter
505 540 622 596 cuncto
638 535 761 618 populo
777 534 992 614 Christiano⁸,
1016 533 1057 598 ad
1073 535 1263 620 precipuum
1281 535 1460 620 principem
1478 534 1670 615 secularem,
1695 536 1790 601 huius

131 632 345 699 dissentionis
369 641 402 699 ct
425 636 644 701 tribulationis
669 645 824 718 actorem,
848 639 987 702 afelicis
1011 638 1247 703 recordationis
1264 638 1426 724 Gregorio
1449 660 1535 724 papa
1558 640 1789 724 predecessore

132 742 245 800 nostro
272 759 332 824 pro
355 739 425 802 suis
448 740 642 804 excessibus
665 742 885 807 anathematis
909 742 1039 806 vinculo
1064 742 1271 822 innodatum,
1303 742 1464 827 speciales
1494 743 1640 821 nuntios,
1671 766 1789 829 magno

133 841 337 907 auctoritatis
371 844 472 924 viros,
508 844 663 910 videlicet
696 846 900 911 venerabiles
936 849 1055 912 fratres
1088 854 1217 912 nostros
1245 844 1408 934 P[etrum]
1439 846 1678 916 Albancnsem,
1713 853 1790 910 tunc

66 964 78 997 τ·
133 944 435 1032 Rothomagonsem
467 948 765 1036 archiepiscopum,
796 956 831 1015 ct
858 949 1098 1037 Gluillelmum]
1130 951 1364 1032 Sabineusem,
1395 957 1473 1014 tunc
1503 948 1667 1033 quondam
1690 949 1789 1014 Muti·

133 1070 282 1130 oensem,
307 1051 504 1137 episcoposb
527 1074 565 1118 ac
589 1052 744 1119 dilectum
766 1055 868 1119 filium
891 1061 1037 1119 nostrum
1054 1053 1266 1120 Guillelmum
1288 1054 1429 1117 Basilice
1445 1051 1629 1117 Duodecim
1645 1053 1789 1139 Aposto-

132 1153 238 1218 lorum
263 1154 492 1241 presbyterum
516 1156 724 1238 cardinalem,
749 1165 825 1223 tunc
848 1159 1005 1224 abbatem
1030 1158 1140 1224 Sancti
1167 1157 1326 1239 Facundi,
1355 1158 1409 1243 qui
1434 1158 1576 1221 salutem
1599 1157 1792 1221 zelabantur

132 1258 252 1344 ipsius,
285 1257 438 1324 duximus
466 1259 676 1326 destinandos
687 1263 709 1343 ¹,
736 1263 896 1329 iacientes
927 1263 990 1328 sibi
1018 1265 1156 1349 proponi
1184 1285 1243 1349 per
1269 1264 1374 1349 ipsos,
1404 1259 1490 1347 quod
1521 1283 1581 1325 nos
1612 1266 1645 1325 et
1672 1261 1790 1325 fratres

134 1362 245 1439 nostri,
269 1364 481 1447 quantumin
506 1365 599 1429 nobis
623 1373 704 1435 erat,
734 1388 846 1451 pacem
870 1389 930 1453 ρον
953 1368 1063 1432 omnia
1086 1388 1198 1431 secum
1222 1367 1345 1432 habere
1368 1388 1430 1432 nec
1454 1388 1519 1429 non
1544 1387 1616 1429 eum
1640 1365 1790 1429 omnibus

134 1466 322 1556 hominibus
345 1467 551 1553 optabamus,
579 1470 684 1554 parati
708 1470 769 1534 sibi
792 1492 908 1556 pacem
932 1478 967 1536 et
990 1471 1260 1556 tranquillitatem
1284 1470 1363 1536 darc
1388 1492 1426 1535 ac
1449 1469 1570 1534 mundo
1595 1469 1692 1532 etiarn
1717 1468 1790 1532 uni·

135 1589 240 1633 verso.
285 1569 330 1634 Et
357 1571 434 1656 quia
460 1572 676 1658 prelatorum,
709 1574 898 1638 elericorum
922 1576 1130 1660 omniumque
1154 1575 1308 1655 aliorum,
1339 1596 1420 1660 quos
1443 1573 1613 1639 detinebat
1635 1574 1791 1657 captivos,

134 1680 169 1736 ct
190 1674 333 1738 omnium
365 1682 431 1739 tam
461 1677 653 1741 clericorum
678 1699 774 1762 quam
798 1679 972 1758 laieorum,
1003 1700 1084 1764 quos
1109 1686 1243 1764 ceperat
1266 1680 1299 1745 in
1321 1680 1442 1765 galcis,
1475 1677 1639 1743 restitutio
1663 1683 1792 1762 poterat

134 1799 210 1842 csse
242 1778 331 1864 pacis
355 1779 529 1866 plurimum
552 1779 736 1860 inductiva,
765 1802 857 1860 eum,
886 1787 922 1846 ut
944 1782 1018 1846 illos
1042 1784 1249 1862 restitueret,
1280 1804 1353 1847 cum
1376 1782 1485 1848 idcm⁰
1509 1787 1574 1845 tam
1598 1780 1669 1866 ipse
1693 1800 1789 1864 quam

132 1881 184 1944 sui
207 1881 328 1960 nuntii,
357 1888 534 1969 antequam
566 1883 607 1948 ad
630 1884 837 1970 apostolatus
860 1886 968 1949 vocati
993 1906 1140 1950 essemus
1164 1886 1322 1963 officium,
1353 1885 1594 1970 promisissent,
1626 1883 1735 1967 rogari
1758 1888 1792 1948 et

133 1985 204 2070 peti
232 1984 276 2048 ab
303 1985 376 2071 ipso
406 1986 544 2053 fecimus
573 2010 632 2074 por
661 1988 811 2068 eosdem,
842 2011 881 2054 ac
910 1991 1048 2077 proponi
1078 1992 1222 2075 insuper,
1253 1990 1339 2075 quod
1362 1988 1462 2054 iidem
1485 1988 1591 2073 parati
1615 1995 1710 2051 erant
1732 2009 1790 2071 pro

132 2087 228 2151 nobis
259 2087 372 2154 audire
405 2095 439 2154 et
468 2095 610 2156 tractare
641 2114 757 2178 pacem
785 2114 824 2157 ac
854 2093 953 2158 etiam
983 2093 1097 2158 audire
1126 2093 1398 2170 satisfactionem,
1431 2112 1528 2176 quam
1557 2090 1666 2156 lacere
1690 2089 1791 2153 vellet

131 2191 297 2277 princeps,
320 2191 362 2256 de
386 2194 548 2275 omnibus,
571 2216 630 2280 pro
653 2196 795 2281 quibusd
817 2198 947 2263 vinculo
972 2203 1042 2262 erat
1064 2196 1413 2262 excommunicationis
1439 2195 1602 2275 astrictus,
1627 2201 1660 2259 et
1682 2194 1790 2258 offerri

132 2301 301 2380 preterca,
332 2296 420 2380 quod
448 2298 476 2361 si
505 2299 647 2364 ecelesia
668 2320 742 2364 oum
766 2301 798 2364 in
823 2301 931 2385 aliquo
955 2306 1067 2364 contra
1091 2299 1237 2365 debitum
1261 2301 1395 2377 leserat,
1428 2299 1514 2385 quod
1536 2321 1599 2363 non
1625 2297 1791 2376 credebat,

132 2405 250 2482 parata
279 2404 350 2463 erat
380 2401 547 2486 corrigere
575 2423 613 2467 ae
640 2403 673 2466 in
706 2409 827 2468 statum
858 2402 1006 2468 debitum
1031 2404 1219 2471 reformare.
1264 2403 1308 2469 Et
1331 2404 1359 2468 si
1382 2402 1510 2470 diceret
1531 2405 1618 2489 ipse,
1648 2400 1734 2487 quod
1758 2401 1790 2464 in

51 2516 63 2549 '-
132 2502 225 2566 nullo
249 2508 364 2569 contra
387 2502 544 2570 iustitiam
567 2507 687 2572 leserat
711 2508 885 2574 ecclesiam
903 2509 955 2573 vel
978 2508 1063 2592 quod
1087 2530 1147 2573 nos
1171 2530 1246 2574 cum
1271 2514 1384 2573 contra
1408 2507 1566 2573 iustitiam
1589 2507 1790 2582 lesissomus,

133 2605 241 2690 parati
266 2627 395 2672 eramus
418 2630 537 2675 vocare
561 2630 674 2694 reges,
702 2612 847 2696 prelatos
871 2618 904 2676 et
927 2613 1108 2699 principes,
1132 2619 1199 2676 tam
1223 2611 1468 2677 ecclesiasticos
1492 2630 1588 2694 quarn
1613 2609 1791 2687 seculares,

132 2707 174 2773 ad
197 2709 340 2795 aliquem
364 2718 469 2778 tutum
491 2714 609 2792 locum,
633 2715 689 2779 ubi
705 2736 765 2800 ρον
781 2736 817 2779 se
833 2716 886 2780 vel
902 2717 1101 2801 sollempnes
1118 2717 1251 2780 nuntios
1269 2715 1500 2785 convenirent;
1524 2718 1659 2797 eratque
1676 2718 1792 2796 parata

132 2808 277 2877 ecclesia
300 2812 341 2879 de
371 2816 508 2881 consilio
537 2817 665 2882 concilii
697 2818 760 2882 sibi
792 2818 997 2899 satisfacere,
1031 2820 1057 2883 si
1087 2840 1161 2884 eum
1191 2818 1324 2883 lesisset
1353 2817 1385 2881 in
1413 2818 1536 2901 aliquo,
1568 2837 1606 2879 ac
1636 2835 1791 2878 revocare

133 2919 347 2999 sententiam,
382 2921 410 2984 si
442 2942 539 3006 quam
568 2912 686 2986 'contra
715 2923 822 3007 ipsum
852 2923 973 2987 iniuste
1006 2923 1151 3003 tulisset,
1187 2929 1221 2986 et
1251 2942 1325 2985 cum
1356 2921 1443 2985 omui
1474 2918 1722 2984 mansuetudine
1753 2940 1791 2983 ac

56 3028 69 3067 ²
134 3021 375 3103 misericordia,
406 3030 562 3109 quantum
589 3046 662 3090 curn
687 3024 759 3090 Deo
787 3033 820 3091 et
848 3026 972 3091 honore
1001 3048 1059 3092 suo
1087 3027 1159 3091 fiori
1188 3030 1331 3112 poterat,
1363 3024 1510 3110 recipere
1540 3023 1580 3087 de
1608 3023 1735 3087 iniuriis
1759 3027 1792 3086 ct

132 3125 269 3189 eliensis
298 3126 361 3213 ipsi
384 3128 523 3193 ecclesie
546 3120 678 3214 suisque
701 3151 761 3216 per
783 3151 857 3194 eum
881 3131 1032 3216 irrogatis
1055 3130 1315 3196 satisfactionem
1338 3127 1380 3192 ab
1403 3128 1484 3213 ipso.
1523 3125 1666 3191 Volebat
1690 3127 1790 3191 ctiam

133 3228 276 3293 ccclesia
306 3251 419 3296 omnes
449 3232 574 3298 amicos
604 3254 682 3299 suos
714 3234 842 3320 sibique
872 3234 1070 3300 adherentes
1099 3235 1131 3298 in
1161 3254 1243 3320 pace
1273 3253 1397 3319 ponere
1426 3232 1589 3317 plenaque
1614 3230 1789 3294 securitate

133 3333 295 3419 gaudere,
324 3343 360 3400 ut
386 3358 553 3423 nunquam
581 3339 643 3404 hae
671 3341 845 3405 occasione
868 3346 1002 3426 posset⁰
1026 3338 1158 3425 aliquod
1183 3337 1294 3402 subire
1317 3335 1506 3401 discrimen.
1553 3333 1619 3399 Sed
1642 3333 1722 3397 licet
1744 3333 1790 3395 sic

134 3437 221 3525 apud
250 3460 326 3504 eum
354 3462 412 3526 pro
440 3463 522 3527 paee
551 3444 699 3528 paternis
724 3444 855 3508 monitis
879 3450 913 3508 et
935 3464 1070 3528 precum
1093 3444 1245 3508 insistere
1269 3441 1491 3506 curaverimus
1519 3439 1672 3516 lenitate,
1704 3436 1789 3501 idem

135 3550 261 3622 tamen,
289 3544 472 3611 Pharaonis
502 3547 648 3612 imitatus
676 3546 830 3613 duritiam
861 3554 895 3612 ct
924 3547 1079 3611 obturans
1102 3568 1193 3612 more
1216 3544 1339 3631 aspidis
1362 3565 1459 3609 aures
1483 3563 1573 3620 suas,
1606 3539 1790 3606 huiusmodi
1806 3558 1842 3600 rs.
1858 3561 1891 3608 a,
1905 3561 1925 3600 s.

134 3667 251 3730 preces
281 3654 316 3713 ct
338 3650 462 3714 monita
484 3651 573 3716 elata
595 3651 813 3716 obstinatione
837 3673 875 3715 ac
898 3651 1064 3716 obstinata
1088 3651 1232 3716 elatione
1256 3649 1422 3735 despexit.
1468 3647 1512 3711 Ilt
1533 3647 1611 3710 licct
1633 3665 1792 3731 processu

135 3753 292 3839 temporis
328 3753 361 3818 in
393 3753 446 3819 die
481 3777 562 3821 cene
588 3755 723 3821 Domini
758 3756 908 3842 proximo
945 3776 1049 3842 nuper
1078 3756 1237 3840 preterita
1265 3752 1464 3840 precedente
1495 3771 1604 3814 coram
1634 3749 1729 3813 nobis
1760 3754 1793 3813 et

134 3855 291 3921 tratribus
324 3858 470 3939 nostrisf,
509 3860 717 3945 presentibus
752 3859 926 3925 karissimo
958 3860 992 3923 in
1023 3858 1154 3923 Christo
1186 3859 1253 3923 filio
1286 3865 1396 3922 nostro
1427 3853 1792 3938 Constantinopolitano

137 3960 335 4046 imperatore
351 3960 471 4027 illustri
480 3964 504 4041 ²,
527 3969 602 4030 cetu
619 3984 748 4048 quoque
764 3984 828 4028 non
844 3961 971 4027 modico
989 3964 1202 4048 prelatorum,
1220 3961 1428 4027 senatoribus
1444 3959 1632 4046 populoque
1646 3956 1792 4020 Romano

75 4073 93 4108 *ὃ
136 4070 169 4128 et
191 4064 337 4128 maxima
360 4065 568 4131 multitudine
584 4066 733 4144 aliorum,
758 4066 813 4152 qui
830 4065 947 4131 eodem
963 4064 1016 4130 die
1033 4074 1168 4151 propter
1184 4064 1459 4151 sollempnitatem
1477 4063 1580 4149 ipsius
1596 4060 1637 4126 de
1653 4060 1792 4125 diversis

135 4168 246 4234 mundi
280 4169 429 4256 partibus
457 4170 498 4234 ad
530 4172 744 4257 apostolicam
779 4169 892 4236 sedem
921 4176 1155 4246 convenerant,
1191 4168 1278 4254 quod
1307 4175 1410 4233 staret
1438 4167 1558 4231 nostris
1586 4171 1620 4230 et
1650 4163 1791 4229 ecclesie

135 4271 306 4354 mandatis,
330 4274 555 4361 pernobilem
578 4275 682 4339 virum
705 4275 861 4339 comitem
884 4273 1105 4338 Tholosanum
1129 4295 1167 4338 ae
1190 4272 1366 4358 magistros
1388 4270 1424 4336 P.
1449 4270 1490 4335 de
1507 4269 1613 4335 Vinea
1637 4276 1671 4333 ct
1687 4267 1725 4332 Τ.
1749 4267 1790 4332 dc

135 4376 283 4457 Sueliass,
319 4378 408 4444 curie
443 4400 502 4444 sue
538 4377 678 4459 iudices,
714 4379 846 4444 nuntios
881 4385 915 4444 et
950 4384 1180 4465 procuratores
1219 4376 1317 4442 suos¹¹
1353 4373 1496 4462 speciale
1525 4392 1625 4458 super
1657 4371 1719 4436 hoc
1750 4370 1791 4435 ab

137 4483 208 4567 ipso
238 4481 429 4547 mandatum
456 4483 635 4564 habentes,
663 4483 846 4570 prostiterit
874 4483 1108 4547 iuramentum:
1145 4478 1352 4566 postmodum
1382 4485 1493 4542 tamen
1516 4475 1602 4561 quod
1626 4476 1792 4539 iuraverat

77 4597 97 4633 ⁴⁰
139 4608 204 4651 uon
228 4587 388 4672 implevit.
432 4586 619 4662 Quinimmo
648 4608 687 4653 ea
716 4587 899 4652 intentione
928 4587 1035 4671 ipsum
1063 4583 1262 4670 prestitisse¹
1285 4580 1502 4669 probabiliter
1523 4577 1676 4658 creditur,
1708 4578 1792 4642 sicut

137 4711 179 4754 ex
205 4691 302 4755 saetis
330 4693 545 4776 sequentibus
575 4692 741 4777 colligitur
764 4691 943 4771 evidenter,
974 4698 1010 4755 ut
1032 4688 1141 4754 eidem
1165 4688 1304 4754 ecclesie
1328 4708 1365 4752 ac
1389 4685 1482 4750 uobis
1505 4683 1659 4749 illuderet
1681 4683 1791 4768 potius

137 4815 235 4880 quarn
269 4800 416 4880 pareret,
450 4816 525 4861 cum
561 4816 646 4862 anno
679 4801 713 4860 ct
742 4796 882 4880 amplius
918 4794 982 4860 iam
1015 4794 1128 4878 elapso
1159 4814 1220 4857 nec
1251 4790 1293 4855 ad
1323 4791 1428 4876 ipsius
1458 4787 1598 4854 ecclesie
1631 4785 1790 4871 gremium

137 4896 306 4964 revocari*
330 4901 486 4984 potuerit,
508 4921 569 4966 neo
593 4899 656 4964 sibi
679 4897 720 4963 de
743 4898 842 4963 illatis
865 4899 896 4963 ei
920 4897 1070 4983 dampnis
1095 4904 1128 4962 et
1150 4895 1278 4961 iniuriis
1303 4894 1467 4960 curaverit
1490 4893 1690 4971 satisfacere,
1715 4891 1793 4954 licet

137 5023 237 5089 super
258 5002 319 5067 hoc
343 5005 490 5069 extiterit
513 5004 690 5090 requisitus
702 5003 725 5068 ³.
761 5002 902 5087 Propter
925 5001 1011 5087 quod
1033 5023 1096 5066 non
1112 5001 1260 5065 valentes
1279 5000 1404 5086 absque
1421 4998 1512 5084 gravi
1528 4994 1649 5060 Christi
1666 4995 1793 5058 oflensa

1484 5153 1684 5163 —...—--—-

69 5264 90 5301 ὓ
239 5266 264 5325 ⁸)
283 5267 418 5318 restituere
435 5283 465 5317 sc
483 5266 604 5318 reducere
622 5265 684 5315 cdd.
700 5264 748 5315 On.
761 5263 847 5330 Rapa.
923 5262 949 5329 b)
967 5264 1115 5330 episcopum
1129 5261 1161 5313 R.
1175 5263 1199 5312 A
1214 5267 1271 5327 1,2,
1284 5265 1308 5313 3.
1380 5262 1403 5324 ο)
1423 5262 1470 5312 bec
1489 5260 1565 5310 iidem
1578 5257 1601 5306 sl
1614 5263 1640 5316 1;
1657 5257 1706 5306 hoc
1725 5254 1792 5304 idem

140 5359 164 5408 Α
180 5364 205 5422 2,
219 5362 245 5422 3,
267 5360 315 5410 Ch.
328 5360 415 5427 Roga.
502 5357 527 5424 d)
545 5334 664 5411 clunibus
677 5359 708 5410 R.
798 5360 820 5423 ⁰)
839 5354 943 5426 possent
958 5360 982 5409 A
993 5366 1015 5409 1.
1103 5356 1317 5422 Occrdinalibus
1335 5357 1397 5408 add.
1419 5356 1467 5406 ch.
1481 5354 1566 5420 Ilayu.
1653 5349 1678 5413 s)
1697 5350 1734 5399 ito
1749 5349 1793 5409 lt.,·

137 5446 185 5511 ley-
196 5447 297 5499 flumas.
385 5445 411 5515 h)
430 5429 772 5511 summasunmna
791 5453 817 5498 et
834 5462 903 5513 proc
923 5461 943 5497 s.
962 5444 1070 5508 13.th
1089 5445 1141 5495 iud.
1160 5452 1185 5495 et
1202 5458 1271 5510 proc.
1290 5459 1310 5495 s.
1324 5443 1349 5492 A
1362 5448 1384 5507 1,
1403 5440 1488 5506 Rapa.
1583 5436 1600 5502 i)
1620 5437 1791 5488 iuramentum

138 5531 201 5584 aaa
220 5533 265 5585 ca.
278 5532 364 5601 Baga
448 5530 476 5600 k)
494 5549 615 5586 revocare
626 5531 659 5583 ll.
1134 5545 1137 5550 ’

242 5668 545 5739 llos-sacam.
614 5666 1016 5738 2)Bardatn011;cs.asa
1086 5665 1394 5737 monstrosus.

242 5762 449 5823 Bramll.
1552 5758 1586 5812 12
