4734 6334
838 385 1039 442 nelsrouan
1058 385 1251 443 subactam.
1287 389 1364 442 1949.
1858 394 1921 458 533

266 561 485 640 incrementis,
509 561 677 626 devotioni
690 565 801 624 vestre
824 560 857 623 in
880 559 1000 624 virtute
1024 557 1212 624 obedientie
1236 577 1275 624 ac
1299 559 1360 623 snb
1384 581 1469 646 pena
1492 562 1839 628 excommunicationis
1863 585 1923 650 per

266 666 449 752 apostolica
471 666 595 751 scripta
616 663 819 742 mandamus,
844 663 997 749 quatinus
1022 663 1187 729 ferventer
1209 668 1242 728 et
1267 663 1397 730 assidue
1415 671 1528 730 contra
1543 665 1581 729 F.
1598 665 1762 750 quondam
1779 667 1921 753 impera-

267 774 372 834 torem
401 769 537 854 eiusque
564 769 712 833 fautores
739 766 915 852 predicetis
939 768 1076 832 verbum
1106 769 1213 832 erucis
1243 768 1276 831 in
1304 768 1484 833 subsidium
1508 769 1648 834 ecclesie
1670 790 1708 834 ae
1732 769 1811 834 dicti
1834 772 1921 856 regis

268 893 328 958 par
354 871 508 936 universa
536 871 608 936 loca
637 871 732 955 regni
748 871 964 958 Alamannis,
996 870 1029 933 in
1059 870 1177 957 quibus
1206 869 1353 935 videritis
1381 870 1538 957 expedire
1551 872 1573 954 ¹,
1604 873 1756 958 quotiens
1784 874 1922 938 verbum

204 997 216 1032 s
270 973 507 1040 exhortationis
530 973 572 1037 ad
600 974 758 1064 populum
789 973 869 1036 alias
901 971 1062 1036 duxeritis
1090 974 1353 1059 proponendum,
1386 980 1422 1038 ut
1449 976 1556 1040 zelum
1586 975 1709 1040 habere
1736 977 1920 1062 probemini

268 1079 430 1143 catholice
453 1077 617 1142 ecclesie·
639 1077 811 1142 libertatis.

376 1198 454 1264 Dat.
477 1204 513 1262 ut
536 1217 646 1284 supra.
722 1219 736 1272 s

885 1287 1297 1296 Ἣ

1053 1565 1139 1640 791.

373 1676 593 1771 mnsam
615 1704 671 1770 rr
684 1725 775 1786 papa
791 1703 898 1791 frans
917 1705 1113 1792 maram]
1133 1705 1170 1770 a
1191 1705 1286 1790 mna
1308 1706 1431 1772 oraim
1447 1707 1706 1772 marsanam
1728 1707 1868 1785 manaae
1889 1713 1925 1772 a

269 1809 492 1892 redemptiones
512 1813 651 1873 notorum
670 1808 954 1891 maeesipnatoram
972 1811 1010 1873 in
1029 1809 1204 1876 subsidium
1222 1809 1339 1876 Terrae
1359 1811 1495 1877 Sanctae
1514 1811 1555 1876 ab
1578 1811 1643 1892 ipsso
1663 1810 1804 1876 collectas
1818 1810 1922 1895 [Wit-

194 1934 219 1973 ιο
271 1914 380 1999 latmo]
399 1915 467 1996 rapi
487 1912 704 1978 Rornanornm
725 1912 844 1995 intrare
865 1914 1011 1996 asmpnet.
1390 1963 1395 1972 .
1566 1915 1661 1992 1249,
1682 1913 1768 1980 Mai.
1785 1917 1835 1978 14.

364 2032 436 2129 urm.
450 2030 499 2085 rr
515 2031 579 2100 aa.
591 2031 653 2086 nu.
668 2031 716 2101 vr,
732 2031 806 2100 aa,
824 2047 852 2086 a.
864 2039 921 2088 sao.
952 2032 1110 2102 amaus,
1128 2032 1202 2102 aaa
1213 2033 1319 2102 none,
1338 2034 1399 2122 an.
1410 2050 1433 2089 υ.
1447 2033 1510 2088 aa.
1519 2049 1547 2102 p.
1559 2040 1608 2088 nn
1625 2031 1713 2100 aaa,
1731 2047 1792 2086 aa
1805 2032 1925 2102 nasas

268 2119 504 2273 mnbbdaaa,
524 2201 587 2272 Ra.
601 2179 691 2269 raasr,·
709 2205 809 2275 Berua
825 2212 898 2260 asro.

306 2402 449 2477 Fratri
476 2402 534 2476 W.
563 2403 615 2476 de
642 2395 809 2496 Cybea'³
837 2355 1018 2476 ordinis
1035 2403 1370 2478 Predicatorum
1397 2401 1661 2476 Leodiensis
1688 2401 1897 2476 diocesia.

194 2577 219 2616 a
378 2551 579 2618 Discretioni
594 2557 649 2617 tue
665 2552 870 2638 presentium
886 2551 1082 2618 auctoritate
1097 2552 1300 2631 mandamns,
1324 2552 1478 2637 quatinus
1496 2550 1759 2637 redemptiones⁰
1773 2557 1925 2617 votorum

272 2657 571 2742 crucesignatorum
602 2657 635 2720 in
664 2655 844 2721 subsidium
874 2656 977 2723 Terre
1005 2655 1142 2738 Sancte,
1177 2677 1258 2742 quas
1288 2676 1349 2743 per
1380 2662 1414 2721 te
1445 2654 1670 2719 mandavimus
1701 2651 1861 2742 [colligi]‘¹
1892 2662 1926 2720 et

270 2781 375 2845 usque
404 2759 445 2824 ad
474 2765 621 2824 nostrum
645 2760 888 2846 beneplacitum
911 2762 1115 2840 conservari,
1145 2781 1299 2825 cumeae
1323 2759 1515 2845 collegeris,
1544 2759 1713 2824 carissimo
1737 2759 1770 2822 in
1794 2757 1925 2824 Christo

208 2909 211 2914 -
271 2862 337 2927 tilio
360 2870 473 2927 nostro
498 2864 625 2949 ..regi
649 2863 871 2927 Romanorum
896 2863 1015 2928 illustri
1038 2863 1167 2949 integre
1191 2863 1360 2948 assignare
1383 2883 1549 2949 procures.

379 2983 457 3051 Dat.
481 2989 517 3048 nt
540 2981 670 3069 supra².

895 3175 1305 3184 ------ι.-

1060 3452 1147 3527 799.

197 3609 222 3649 e
378 3563 596 3659 Ismenias
615 3591 673 3658 IV
685 3612 777 3676 papa
798 3591 984 3678 [marma]
1004 3591 1233 3674 crassam
1258 3590 1437 3658 colatae·
1455 3591 1572 3672 panae
1599 3590 1764 3674 naama
1785 3588 1927 3676 osanam

273 3696 308 3759 in
324 3696 475 3778 partibrss
496 3696 717 3763 Alamanniae
738 3695 908 3761 committit.
1229 3707 1235 3718 '
1531 3693 1645 3778 [1249,
1668 3693 1752 3759 Mai.
1770 3694 1842 3779 14]

377 3815 440 3870 na.
454 3815 580 3886 nerra.
596 3815 658 3872 aa.
670 3815 716 3884 rr
730 3815 751 3882 s.
763 3822 808 3885 a,
823 3831 853 3870 a.
864 3821 918 3869 sn.
951 3813 1097 3884 mensae
1108 3811 1225 3881 naama
1243 3811 1322 3869 nrm.
1335 3817 1353 3868 r.
1365 3812 1430 3882 νη,
1445 3829 1474 3882 p.
1487 3820 1537 3868 scs
1555 3813 1714 3868 ammana
1731 3829 1791 3868 aa
1803 3812 1927 3884 name.

377 3900 508 3970 Panae,
526 3901 592 3971 Ray:
604 3909 700 3970 rama·
718 3901 816 3971 acrys
833 3907 909 3957 asor.

430 4151 474 4171 ..
502 4096 854 4188 archiepiscopo
882 4095 1161 4186 Coloniensi,
1188 4097 1440 4190 apostolice
1467 4095 1589 4171 sedis
1616 4096 1774 4188 legate.

196 4271 221 4311 n
382 4244 474 4310 Illius
496 4244 576 4310 licet
597 4245 751 4310 immeriti
766 4245 878 4310 vicarii
901 4246 1081 4328 constituti,
1104 4247 1159 4333 qui
1182 4267 1241 4333 pro
1266 4248 1372 4312 salute
1387 4247 1521 4312 humani
1537 4248 1668 4332 generis
1685 4245 1726 4311 de
1743 4244 1927 4332 suppremis

273 4349 417 4414 celorum
452 4349 494 4414 ad
526 4349 592 4413 ima
625 4347 736 4413 mundi
770 4348 990 4432 descendens,
1025 4349 1205 4437 discipulos
1240 4371 1320 4437 quos
1356 4350 1457 4435 elegit
1486 4352 1520 4416 in
1551 4351 1740 4414 universum
1771 4348 1928 4414 mundum

274 4451 454 4518 transmisit
470 4453 558 4516 omni
575 4457 722 4518 creature
742 4454 950 4538 evangelium
965 4453 1147 4541 predicare,
1170 4474 1415 4540 nonnumquam
1434 4454 1523 4519 viros
1539 4451 1692 4539 providos
1709 4457 1742 4517 et
1757 4451 1928 4532 discretos,

275 4575 349 4620 cum
372 4575 574 4642 nequeamus
596 4556 679 4621 locis
704 4556 841 4641 singulis
865 4557 1027 4644 corporali
1050 4556 1219 4644 presentia
1240 4557 1421 4639 imminere,
1453 4557 1603 4621 instructi
1626 4557 1696 4620 eius
1720 4555 1873 4641 exemplo
1895 4555 1929 4618 in

274 4665 403 4745 partem
426 4659 657 4725 sollicitudinis
681 4680 856 4725 evocamus
872 4682 932 4748 pro
948 4662 1154 4748 negotiorum
1171 4661 1358 4747 urgentium
1374 4661 1542 4747 qualitate,
1566 4661 1621 4747 qui
1637 4681 1739 4746 prava
1754 4660 1787 4726 iu
1804 4657 1930 4724 directa

197 4787 223 4827 so
275 4769 309 4828 et
330 4784 449 4848 aspera
471 4768 701 4829 convertentes
724 4764 757 4828 in
779 4765 887 4850 plana,
912 4771 1019 4831 rectas
1042 4765 1165 4830 iaciant
1188 4767 1319 4831 semitas
1342 4765 1395 4830 dei
1417 4765 1521 4830 nostri
1537 4765 1758 4850 populumque
1774 4769 1928 4849 accepta·

275 4866 376 4932 bilem
399 4866 463 4930 sibi
486 4864 635 4934 reddant.
681 4865 789 4932 Sane⁰
810 4867 896 4933 inter
918 4875 1029 4935 cetera
1052 4869 1287 4935 desiderabilia
1310 4867 1418 4932 cordis
1441 4867 1545 4932 nostri
1569 4866 1752 4932 animarum
1779 4865 1928 4946 salutem,

275 4970 437 5036 libertatis
477 4969 701 5036 ecclesiastice
742 4971 981 5037 incrementum
1019 4979 1053 5038 et
1091 4993 1207 5059 pacem
1247 4972 1373 5037 cunctis
1407 4970 1529 5036 Christi
1566 4969 1722 5035 fidelibus
1759 4967 1929 5055 potissime

380 5256 404 5321 Ιν)
421 5219 467 5310 οἷο
485 5277 518 5300 --
535 5257 708 5310 saracena
726 5257 760 5310 a.
871 5257 896 5324 s)
918 5258 1050 5326 nempe
1072 5259 1102 5312 ss
1123 5276 1207 5326 may.
1228 5267 1357 5319 rasam·
1380 5259 1427 5324 aq.
1445 5258 1534 5324 ayss,
1559 5257 1659 5308 aneas
1683 5257 1714 5308 ns
1736 5264 1760 5307 a
1782 5256 1801 5307 k
1822 5256 1850 5306 a
1869 5255 1930 5320 aa.

277 5343 380 5410 samin
396 5350 508 5394 amoma
526 5351 598 5404 mnu
616 5345 689 5410 cs.p.
703 5347 745 5406 63,
757 5352 810 5396 not.
824 5348 841 5395 9
857 5353 923 5412 etp.
938 5348 999 5410 294,
1015 5353 1067 5398 not.
1079 5349 1103 5399 d.
1191 5345 1214 5407 ⁰)
1232 5347 1419 5413 redemptiones
1431 5361 1541 5410 —qnae
1559 5360 1605 5410 per
1622 5351 1648 5394 te
1665 5343 1771 5394 manin
1789 5342 1931 5392 incoram,

199 5438 224 5478 aa
279 5425 303 5494 d)
321 5429 410 5496 colligi
427 5429 495 5480 deest
510 5428 542 5480 It.
648 5429 671 5494 ο)
692 5429 764 5492 Quas
782 5439 921 5496 seminarem
939 5448 996 5482 enm
1012 5433 1095 5484 verbm
1112 5449 1152 5500 ep.
1168 5450 1195 5484 n.
1207 5437 1256 5485 665
1275 5441 1298 5484 et
1317 5435 1366 5484 704
1383 5431 1487 5482 mamae
1505 5430 1636 5481 mutandis
1653 5428 1819 5482 amaror-dont.

382 5581 408 5643 l)
429 5579 468 5647 bl‘.
481 5597 510 5649 p.
522 5588 579 5649 449,
598 5585 653 5636 not.
665 5589 685 5636 1.
779 5582 807 5650 9)
826 5581 951 5652 apaan
967 5588 1064 5640 marato
1078 5584 1148 5653 fnit5
1169 5584 1246 5652 ofin.
1261 5592 1312 5640 719.
1342 5584 1380 5638 In
1401 5582 1514 5638 arcadem
1535 5580 1641 5637 modam
1661 5579 1744 5648 fratri
1761 5578 1881 5633 leimam
1901 5577 1933 5634 de

277 5665 342 5721 Dist
359 5665 486 5734 mam
499 5672 646 5735 palamne·
663 5667 695 5735 cs.
712 5685 741 5721 a.
756 5674 807 5724 719.
