4734 6334
854 424 1056 483 EPIS'POLAE
1074 427 1266 487 SELECTAE.
1304 431 1380 488 1249.
1881 443 1942 506 485

289 595 411 663 habere
434 599 592 680 uolentes,
616 599 818 681 mandamus,
845 603 997 688 quatinus
1021 605 1048 669 si
1072 604 1177 670 dietus
1202 613 1315 672 cantor
1337 628 1402 672 non
1426 608 1487 674 fuit
1508 611 1541 696 in
1565 611 1638 697 ipsa
1660 611 1867 700 prepositura
1890 614 1938 678 in-

289 702 491 768 stitutionem
509 704 696 770 canonicam
714 713 895 788 assecutus,
920 708 1041 773 dictum
1058 709 1251 775 Anselmnm
1267 712 1301 775 in
1317 714 1520 799 corporalem
1536 717 1778 800 possessionem
1795 717 1941 782 eiusdem

289 806 497 891 prepositure
520 809 713 874 auctoritato
736 817 848 875 nostra
871 812 1032 878 inducatis
1056 821 1089 878 at
1112 813 1295 880 defendatis
1319 816 1496 896 inductum,
1521 826 1630 885 amoto
1647 819 1688 884 ab
1705 821 1777 907 ipsa
1793 822 1942 906 quolibet

288 910 403 974 illicito
426 910 614 983 detentore:
639 915 898 981 contradictores
923 923 985 983 ete.
1031 917 1126 992 Quod
1150 919 1177 984 si
1201 942 1265 986 non
1289 942 1402 986 omnes
1427 929 1489 987 etc.

397 1032 473 1097 Dat.
497 1033 662 1122 Lugduni,
686 1034 739 1100 ΙΙΙ
762 1035 837 1101 Kal.
862 1037 995 1122 Aprilis,
1020 1059 1104 1103 anno
1121 1038 1195 1104 Vl⁰.

1069 1738 1157 1814 679.

388 1850 606 1946 Innocentius
624 1875 778 1963 IVpnpa
797 1876 996 1945 Mattiacorum
1017 1879 1053 1945 dc
1069 1881 1241 1961 Amiterno,
1263 1886 1374 1948 nutum
1393 1881 1591 1969 illegitimum
1613 1883 1770 1968 quondam
1796 1885 1936 1953 Gratilla

284 1979 322 2046 de
344 1981 521 2060 Amiterno,
543 1983 780 2066 legitimationis
802 1985 893 2049 titulo
914 1984 1050 2064 deamat,
1074 1986 1161 2068 cique
1182 1988 1332 2066 concedit,
1363 1992 1399 2053 nt
1420 1991 1456 2054 in
1479 1991 1567 2055 bonis
1589 1995 1618 2055 et
1639 1991 1763 2056 utribus
1781 1991 1888 2074 putris
1910 1996 1938 2056 ct

282 2086 439 2168 quondm
468 2086 621 2153 Theodins'
651 2087 689 2152 dc
718 2089 883 2156 Amiterno
911 2089 1023 2170 patrui
1050 2108 1192 2168 amena,
1225 2091 1339 2173 quidus
1365 2093 1425 2156 olii
1456 2112 1642 2160 successores
1670 2094 1800 2178 lapillosi
1826 2096 1952 2176 dcaint,

282 2191 440 2255 succedere
462 2193 576 2258 calcat.
1558 2200 1652 2276 1249,
1675 2198 1778 2264 Mart.
1798 2201 1850 2265 31.

387 2310 452 2364 Iun.
467 2311 515 2365 IV
529 2311 592 2378 Ray.
611 2311 672 2366 Isib.
692 2311 737 2380 VL
754 2312 827 2379 fi39‚
848 2329 876 2366 n.
889 2319 943 2366 lut.

385 2397 513 2465 Paulas,
533 2399 597 2468 Rep.
614 2405 703 2467 136015
721 2401 820 2470 Beuper
837 2407 910 2453 4457.

375 2595 555 2669 Matheo
584 2597 634 2669 de
661 2594 925 2685 Amiterno¹,
953 2599 1054 2668 nato
1084 2597 1314 2687 quondam
1341 2599 1509 2673 nobilis
1537 2600 1620 2673 viri
1647 2599 1842 2673 Gentilis

716 2716 767 2789 de
795 2715 1045 2805 Amiterna,
1073 2716 1266 2791 Reatine
1293 2717 1504 2794 diocesia.

387 2865 578 2951 Apostolica
607 2865 719 2946 sedes,
756 2886 819 2950 que
851 2867 1047 2952 disponente
1077 2865 1218 2931 Domino
1253 2873 1442 2933 cunctorum
1475 2876 1527 2934 est
1560 2876 1667 2935 mater
1698 2877 1732 2935 et
1765 2871 1932 2956 magistra,

212 2991 224 3026 r
279 2968 458 3053 prudenter
485 2968 657 3034 attendens
684 2968 770 3053 quod
800 2971 897 3055 culpa
926 2975 1097 3056 parentum
1121 2990 1187 3034 non
1210 2975 1261 3033 est
1283 2970 1359 3034 filiis
1383 2971 1587 3058 imputanda,
1619 2994 1660 3038 ne
1685 2980 1799 3038 contra
1821 2973 1931 3038 divine

277 3072 359 3157 legis
392 3073 535 3138 edictum
571 3073 774 3158 iniquitatem
807 3073 909 3159 patris
942 3079 1074 3159 portare
1106 3073 1163 3136 filii
1192 3072 1365 3140 rideantur
1395 3083 1430 3139 et
1460 3075 1577 3142 dentes
1609 3077 1749 3143 filiorum
1783 3077 1931 3164 patribus
1958 3067 2039 3172 {5⁹33

276 3197 372 3240 uvam
396 3176 551 3242 acerbam
580 3176 827 3244 comedentibus
856 3176 1107 3262 obstupescant,
1140 3175 1410 3262 predecessorum
1438 3185 1624 3245 nostrorum
1652 3180 1852 3268 temporibus
1882 3180 1931 3244 dis

276 3281 379 3345 versis
403 3281 510 3346 causis
534 3281 691 3368 inspectis
715 3301 787 3344 cum
811 3278 1027 3365 quibusdam·
1050 3281 1157 3344 minus
1189 3281 1335 3366 legitime
1362 3284 1483 3368 genitis
1512 3283 1730 3370 dispensavit,
1762 3284 1860 3349 etiam
1888 3305 1931 3348 ex

276 3383 436 3450 adulterio
466 3385 663 3471 procreatis,
693 3403 775 3468 quos
804 3383 962 3449 adactus
990 3384 1178 3471 spirituales
1206 3385 1391 3470 legitimans
1419 3388 1580 3452 concessit
1601 3387 1634 3450 in
1658 3387 1833 3472 pontifices
1857 3408 1931 3473 pro-

276 3489 409 3554 moveri.
455 3488 537 3552 Onm
565 3488 666 3574 igitur
693 3488 797 3552 maior
825 3487 988 3553 idoneitas
1016 3489 1048 3552 in
1079 3488 1304 3574 spiritualibus
1332 3511 1429 3575 quam
1451 3491 1483 3554 in
1508 3491 1711 3556 secularibus
1735 3491 1930 3576 requiratur,

275 3589 409 3656 dubium
434 3612 498 3656 non
523 3591 648 3670 existit,
680 3591 758 3676 quin
787 3591 860 3677 ipsa
889 3592 971 3656 tales
1000 3591 1042 3656 ad
1071 3601 1164 3656 actus
1193 3592 1377 3677 legitimare
1401 3593 1511 3657 valeat
1542 3595 1723 3674 seculares,
1755 3595 1929 3680 presertim

275 3695 349 3759 illos
373 3694 414 3760 de
437 3716 539 3780 regno
565 3693 678 3760 Sicilie
703 3716 789 3760 nnnc
811 3717 891 3780 rege
916 3702 1060 3777 carente,
1089 3697 1144 3780 qui
1167 3703 1278 3782 preter
1300 3695 1484 3761 Romanum
1506 3698 1694 3783 pontificem
1718 3719 1781 3762 non
1805 3697 1929 3762 habent

274 3799 373 3864 alium
396 3797 437 3862 ad
460 3819 598 3885 presens
622 3799 825 3865 obtinentem
849 3798 1034 3865 huiusmodi
1058 3806 1270 3885 potestatem.
1315 3799 1403 3864 Hinc
1427 3808 1489 3882 est,
1520 3801 1714 3886 quodcum,
1746 3801 1831 3866 sicut
1853 3822 1928 3887 pro-

274 3903 410 3988 posuisti
431 3902 465 3966 in
487 3910 599 3968 nostra
622 3904 789 3989 presentia
813 3903 1042 3986 constitutns2,
1066 3910 1161 3991 pater
1184 3912 1259 3969 tuus
1284 3906 1411 3970 solutus
1435 3913 1468 3971 te
1492 3906 1645 3991 genuerit
1660 3927 1702 3970 ex
1719 3905 1834 3986 soluta,
1858 3927 1928 3985 nos,

197 4027 222 4060 a.
276 4005 483 4072 attendentes
507 4004 592 4090 qnod
615 4006 780 4072 defectum
804 4009 962 4072 natalium
980 4009 1133 4095 suppleas
1149 4009 1266 4073 merito
1282 4009 1467 4095 probitatis,
1492 4009 1657 4075 redimens
1674 4009 1784 4073 farore
1802 4010 1928 4074 virtutis

274 4108 360 4194 quod
383 4115 473 4174 ortus
496 4108 629 4174 odiosus
653 4110 790 4191 ademit,
819 4111 1003 4177 devotionis
1027 4120 1083 4178 tue
1106 4112 1401 4199 supplicationibus
1432 4113 1594 4193 inclinati,
1622 4118 1655 4178 te
1682 4113 1928 4198 legitimationis

273 4213 366 4277 titulo
390 4211 598 4291 decorantes,
631 4213 833 4298 presentium
856 4215 916 4280 tibi
940 4217 1136 4281 auctoritate
1161 4215 1401 4296 concedimusb,
1433 4222 1470 4280 ut
1492 4217 1552 4281 tibi
1576 4215 1725 4280 deiectus
1749 4225 1811 4280 ex⁰
1834 4223 1927 4280 nata-

272 4316 356 4381 libus
391 4315 491 4381 nichil
525 4316 625 4394 obsit,
661 4318 834 4402 quominus
868 4319 901 4381 in
936 4319 1089 4383 omnibus
1123 4319 1217 4382 bonis
1247 4325 1280 4384 et
1310 4319 1434 4383 iuribus
1465 4319 1541 4383 dicti
1571 4319 1672 4405 patris
1701 4324 1734 4382 et
1764 4319 1926 4404 qnondam

272 4418 434 4485 Theodini
461 4418 500 4482 de
529 4419 701 4485 Amiterno
736 4421 843 4508 patrui
878 4421 940 4493 tui,
975 4422 1092 4507 quibus
1126 4428 1162 4486 ut
1200 4423 1319 4487 asseris
1355 4422 1408 4486 alii
1444 4443 1654 4487 successores
1689 4423 1826 4506 legitimi
1861 4443 1925 4486 non

193 4541 204 4578 e
273 4523 430 4605 existunt,
463 4522 640 4588 succedere
664 4525 775 4589 valeas
800 4530 833 4589 et
855 4523 897 4588 ad
920 4524 1084 4610 legitimos
1107 4533 1200 4590 actus
1224 4526 1361 4590 admitti.
1407 4525 1497 4589 Nulli
1521 4545 1600 4611 ergo
1624 4535 1688 4592 etc.
1712 4533 1823 4590 nostre
1848 4525 1924 4589 don-

270 4628 429 4693 cessionis
453 4634 515 4693 etc.

378 4748 455 4814 Dat.
478 4747 641 4836 Lugduni,
665 4749 700 4814 ΙΙ
724 4749 799 4815 Kal.
823 4751 958 4836 Aprilis,
982 4749 1156 4816 annoV10.

651 4925 1102 4932 --—-—-.-„-—-—-—-.
1138 4926 1810 4934 —————.....—————-.

373 5043 398 5109 ¹)
416 5045 512 5111 quibus
531 5043 576 5106 a.,·
593 5047 627 5112 as.
644 5049 739 5098 η.314.
845 5043 869 5110 l³)
889 5047 1034 5099 accedimus
1053 5046 1085 5098 R.
1191 5045 1214 5110 e)
1234 5063 1266 5096 ax
1284 5061 1410 5112 unimam.

374 5199 739 5267 1)Htca.1248,Noa12
759 5199 867 5254 mua
889 5198 979 5253 andane
999 5198 1105 5265 suerat,¹
1128 5198 1204 5265 ctu.
1220 5205 1276 5253 60⁶.
1314 5199 1424 5252 Interim
1447 5213 1506 5267 erpo
1525 5213 1603 5267 papo
1627 5213 1686 5251 unm
1704 5215 1723 5250 n
1739 5203 1798 5252 roto
1821 5195 1924 5252 ordinis

190 5301 216 5338 .5
268 5285 395 5339 eludendis
417 5285 575 5351 ubsolcnm
601 5285 677 5351 iufra
701 5285 751 5339 sub
774 5285 845 5340 Mai.
864 5291 895 5340 18
915 5301 973 5339 arnt
996 5284 1113 5338 ‘nobilem
1130 5285 1225 5338 nurum'
1244 5285 1367 5354 annullat.
1455 5286 1483 5354 2)
1502 5285 1580 5360 Papa
1597 5283 1759 5354 Sltepluruo]
1773 5285 1924 5354 praesbytero

268 5371 415 5440 cardinali,
441 5373 540 5426 ricardo
564 5388 613 5426 suo
634 5372 665 5425 in
689 5371 768 5439 Urbe,
791 5371 941 5439 inundarit,
967 5376 999 5424 ut
1016 5369 1097 5425 aidau
1117 5371 1265 5438 Mattiaco,
1288 5372 1327 5424 ‘in
1349 5377 1440 5426 namra
1454 5372 1606 5441 promenda
1624 5373 1780 5439 conditutn’,
1804 5390 1822 5424 u
1839 5371 1924 5424 turbes

269 5459 383 5512 ecclesiis
405 5457 482 5512 Urbis
500 5459 530 5512 iu
547 5475 577 5512 ea
598 5458 738 5526 munina,
759 5459 886 5524 frumenti
909 5463 932 5512 et
954 5458 1011 5511 atui
1032 5457 1195 5526 qumntitnte,
1219 5473 1275 5526 quta
1296 5457 1320 5510 ei
1342 5457 1446 5512 dimum
1467 5459 1603 5526 montaum
1625 5465 1687 5513 asset
1707 5475 1758 5527 prr
1782 5458 1870 5525 ipsum
1892 5456 1924 5509 cle

268 5545 395 5598 umuduto
412 5545 565 5614 apostolico,
585 5545 681 5611 summat
694 5544 841 5612 pror-tueri,
860 5544 941 5599 dorice
958 5544 994 5596 nd
1008 5545 1120 5613 pragma
1137 5543 1226 5597 redire
1239 5549 1338 5611 pressam
1361 5561 1431 5612 mnne
1449 5561 1489 5613 ep.
1506 5545 1587 5599 ‘IIII
1601 5545 1634 5599 Id
1635 5587 1726 5614 ......
1745 5563 1770 5598 u.
1787 5545 1847 5598 Vlv’
1863 5543 1922 5596 ano

267 5633 375 5702 cinnatu
392 5631 429 5686 ud
445 5632 491 5686 lroc
509 5637 610 5702 teupru
623 5632 754 5701 pertinere
772 5631 881 5700 ramnus,
895 5632 1050 5702 praetentu
1067 5647 1126 5686 nrm
1140 5629 1356 5684 secundinarum
1369 5630 1524 5684 Marttboeue
1542 5631 1625 5684 laicus
1642 5633 1698 5686 ian
1713 5632 1806 5699 sarem
1825 5632 1923 5700 Rupe

191 5735 215 5776 to
268 5728 347 5783 4502,-
367 5718 497 5787 Potllutst,
518 5718 684 5788 uenustas.
