4328 6232
203 334 266 397 466
758 327 805 382 EX
823 326 1042 384 INNOCENTII
1059 326 1098 382 IV
1116 327 1297 384 ammana

199 511 235 568 ut
257 503 495 590 preposituram
519 502 658 567 ecclesio
674 500 950 582 Constantiensis,
975 524 1072 589 quam
1095 502 1235 589 primum
1252 523 1324 568 eam
1342 522 1458 566 vacare
1476 502 1652 587 contigerit
1665 501 1686 579 ¹,
1711 499 1859 565 conferre

199 608 310 671 valcas
333 606 431 670 alicui
454 603 573 670 devoto
597 607 747 684 ecclesio,
773 607 824 672 oui
847 606 969 676 videris
992 604 1160 693 expedire,
1178 643 1217 654 -
1235 627 1301 672 nou
1324 604 1533 670 obstantibus
1555 603 1722 689 aliquibus
1744 603 1860 668 litteris

199 731 298 796 super
319 709 505 796 provisione
529 710 689 781 consimili
714 710 755 775 ab
779 711 961 796 apostolica
984 709 1063 775 sede
1088 709 1245 790 obtentis,
1277 708 1452 774 dummodo
1477 708 1518 774 de
1550 710 1624 796 ipsa
1651 707 1862 794 prepositura

199 812 352 900 specialis
375 834 439 877 nou
463 813 520 878 fiat
542 813 664 878 mentio
687 813 720 879 iu
738 812 873 896 eisdem,
898 814 951 879 vel
967 812 1170 899 quibuslibet
1186 812 1270 890 aliis,
1295 835 1354 899 per
1369 833 1451 897 ques
1468 810 1670 898 generaliter
1684 809 1862 874 mandatur

198 916 240 982 de
263 916 495 1002 dignitatibus,
527 917 757 1002 personatibus
780 924 837 982 aut
859 918 933 983 aliis
957 915 1124 982 beneficiis
1148 917 1383 982 ecclesiasticis
1407 913 1572 1000 aliquibus
1595 912 1781 1001 provideri,
1810 915 1861 979 vel

199 1021 285 1106 quod
314 1018 420 1099 idem,
452 1020 504 1084 cui
533 1041 606 1084 eam
640 1022 832 1101 contuleris,
863 1021 945 1085 alias
975 1020 1190 1085 beneficiatus
1214 1021 1342 1101 existit,
1374 1020 1426 1084 vel
1451 1015 1538 1104 quod
1560 1018 1642 1083 alias
1668 1018 1862 1104 scripsimus

199 1145 259 1210 pro
283 1123 408 1205 eodem,
433 1143 493 1188 seu
515 1125 630 1209 quavis
653 1123 755 1209 ipsius
780 1122 865 1188 sedis
888 1123 1102 1208 indulgentia,
1126 1143 1186 1209 per
1208 1144 1306 1208 quam
1321 1121 1473 1209 impediri
1489 1120 1523 1185 id
1538 1123 1650 1187 valeat
1664 1122 1720 1186 vel
1737 1120 1863 1188 differri

200 1226 297 1292 etde
322 1247 386 1312 qua
410 1226 619 1312 specialitera
641 1232 791 1312 oporteat
814 1229 886 1293 fieri
909 1228 942 1292 in
965 1225 1175 1313 presentibus
1198 1227 1407 1305 mentionem,
1432 1249 1490 1300 —;
1514 1223 1788 1290 contradictores.

292 1331 386 1414 ‘Dat
407 1345 571 1432 Lugduni,
594 1347 646 1412 III
669 1347 751 1413 Non.
775 1348 959 1430 Februarii,
982 1368 1068 1413 anno
1085 1346 1148 1412 VI⁰
1158 1344 1181 1410 ².

984 1853 1072 1926 652.

305 1970 522 2063 Blnoceatins
538 1992 559 2056 1
565 1992 595 2057 V
601 2013 691 2073 papa
707 1992 820 2058 Sancti
834 1993 1061 2058 Emmeranrmi
1074 1996 1104 2058 et
1118 1993 1155 2057 de
1176 1992 1383 2059 Walderlaell
1405 1992 1571 2059 albatrbirs
1591 1996 1621 2057 et
1643 1992 1750 2075 fratri
1767 1990 1858 2057 nna
1897 2051 1902 2059 .

199 2099 304 2163 dorico
327 2097 449 2162 ordinis
470 2095 731 2161 Praedicatcrnm
753 2097 790 2159 ia
811 2097 934 2161 Vienna
956 2095 1097 2174 mandat,
1119 2101 1154 2160 nt
1175 2097 1410 2182 [Rndiperam]
1431 2097 1607 2181 episcopam
1630 2097 1859 2177 Pateoreasem,

200 2203 256 2284 qni
278 2202 360 2267 bana
381 2201 525 2266 corbeiae
547 2219 623 2263 snae
645 2198 854 2279 dilapidasse,
884 2203 988 2265 eastra
1017 2199 1086 2264 eins
1106 2198 1235 2284 [Ottoni
1257 2198 1319 2285 II]
1339 2199 1413 2264 daci
1434 2200 1600 2265 Bavarrae
1623 2199 1809 2278 tradidisse,
1835 2202 1861 2263 ct

201 2306 314 2370 liceto
335 2303 466 2390 P[etro]
487 2303 602 2371 Sancti
626 2302 757 2384 Georgii
777 2303 822 2367 ad
841 2302 951 2367 Velnm
973 2303 1116 2367 Auream
1138 2302 1269 2367 diacono
1291 2302 1465 2380 cardinali,
1492 2303 1653 2385 quasdam
1675 2303 1862 2385 apostolicae

200 2408 282 2473 sedis
304 2409 413 2491 lepatc,
435 2407 719 2473 eaeommanicatas
737 2407 850 2492 faerit,
877 2407 989 2472 divina
1011 2406 1178 2472 celebrasse
1199 2405 1334 2484 dicatur,
1365 2406 1522 2488 inquisita
1543 2407 1675 2472 veritate
1697 2406 1743 2470 nd
1763 2406 1862 2472 sedas

201 2512 402 2593 apostolicam
425 2511 529 2577 citent.
1511 2512 1606 2589 1249,
1629 2511 1726 2576 Febr.
1743 2514 1775 2574 1.

306 2630 370 2685 Ian.
385 2630 406 2683 Ι
408 2630 433 2685 V
449 2631 512 2700 Rea.
531 2630 591 2685 Ld).
608 2630 657 2698 VI,
673 2631 746 2699 f.25,
765 2647 792 2682 n.
806 2637 865 2685 340.
902 2630 1059 2699 Exemplar,
1080 2629 1152 2698 qaod
1168 2629 1273 2697 Hister,
1293 2629 1353 2683 Alo.
1372 2645 1394 2683 o.
1408 2629 1469 2683 Ba.
1484 2647 1513 2698 p.
1527 2638 1575 2685 176
1591 2629 1684 2698 edidit,
1702 2630 1864 2685 wanliam

200 2734 260 2771 cam
280 2717 403 2786 Regesne.

306 2803 436 2872 Parnase,
456 2803 627 2873 Ra.1319s,·
645 2803 742 2874 Rapa
757 2809 833 2858 raes.

299 3059 338 3077 ..
366 2997 534 3078 Sanctib
560 3001 826 3076 Emesammi
853 2999 1206 3092 Ratispouensis
1234 3006 1276 3075 et
1303 3057 1343 3075 ..
1371 3002 1422 3075 de
1440 3000 1769 3077 Walerbarch⁰³

203 3123 445 3198 abbatibus
472 3129 513 3197 et
538 3123 672 3197 fratri
690 3121 970 3196 Theoderico
998 3121 1051 3195 de
1078 3120 1237 3194 ordine
1260 3121 1601 3196 Predicatorum
1629 3122 1672 3196 in
1691 3121 1866 3198 Vienna

539 3243 884 3336 Ratisponensis
911 3247 954 3315 et
979 3241 1262 3315 Pataviensis
1288 3241 1531 3316 diocesum.

311 3393 470 3459 Delemna
494 3393 668 3479 plurimum
691 3412 757 3457 non
781 3392 944 3457 immerito
969 3397 1004 3456 ct
1026 3410 1205 3469 movemur,
1240 3412 1314 3455 cum
1339 3390 1487 3455 audimus
1515 3392 1675 3477 prelatos,
1706 3394 1762 3478 qui
1791 3415 1865 3479 per-

204 3504 389 3562 secutorum
404 3497 563 3576 flammes,
587 3497 704 3582 quibus
721 3495 862 3560 ecclesia
878 3494 1073 3559 universalis
1091 3494 1247 3573 exuritur,
1269 3494 1430 3559 deberent
1445 3496 1651 3581 extinguere,
1675 3517 1741 3560 uon
1759 3497 1865 3561 solum

203 3602 290 3666 nolle
314 3600 512 3666 defensionis
536 3621 668 3666 manum
691 3600 955 3686 persecutionum
985 3597 1116 3682 ignibus
1143 3597 1318 3676 adhibere,
1349 3620 1461 3663 verum
1492 3599 1591 3663 etiam
1622 3598 1866 3684 quodammodo

205 3703 318 3788 ignesd
349 3703 530 3769 accendere
560 3703 708 3788 ignibus,
741 3703 846 3788 ipsam
877 3701 1051 3766 ecclesiam
1084 3701 1310 3786 multiplieiter
1338 3701 1580 3787 persequendo.
1627 3700 1710 3767 Cum
1741 3712 1865 3784 autem,

139 3856 145 3867 .
205 3807 290 3871 sicut
319 3808 519 3892 accepimus,
549 3805 757 3871 Patavieusis
789 3805 931 3869 ecelesia
957 3804 1073 3869 florere
1105 3804 1313 3869 consueverit
1345 3803 1387 3866 ab
1418 3803 1550 3888 antiquo
1582 3805 1802 3890 spiritualium
1834 3815 1868 3872 et

204 3910 432 3996 temporalium
455 3909 606 3975 ubertate
630 3909 801 3987 bonorum,
824 3927 910 3972 nunc
934 3927 994 3993 per
1015 3907 1175 3971 malitiam
1198 3907 1400 3993 prelatorum
1425 3906 1507 3987 eius,
1531 3913 1565 3971 et
1586 3908 1762 3993 presertim
1780 3910 1867 3974 illius

205 4013 260 4098 qui
288 4018 401 4099 preest
429 4011 550 4092 eidem,
579 4013 612 4076 in
639 4014 788 4096 utrisque
818 4010 1076 4096 irreparabiliter
1104 4016 1156 4076 est
1184 4011 1342 4096 collapsa.
1387 4008 1479 4075 Idem
1504 4010 1607 4089 enim,
1640 4011 1753 4096 quiin
1777 4018 1866 4078 etate

205 4118 301 4182 senili
325 4137 423 4182 sensu
446 4136 527 4204 puer
551 4116 686 4183 effectus
712 4112 822 4202 [est]⁰,
855 4121 966 4201 preter
988 4114 1020 4178 id
1045 4112 1130 4200 quod
1154 4113 1241 4178 lame
1264 4134 1323 4179 sue
1354 4113 1512 4200 prodigus
1542 4122 1576 4178 et
1604 4115 1720 4180 salutis
1744 4116 1866 4181 oblitus

205 4221 293 4286 bona
313 4221 414 4306 ipsius
439 4221 579 4286 ecclesie
603 4218 796 4305 dilapidavit
819 4218 999 4283 enormiter
1022 4225 1055 4281 et
1078 4217 1315 4302 consumpsit⁴,
1345 4216 1410 4282 Dei
1433 4223 1467 4282 et
1490 4217 1632 4283 ecclesio
1656 4217 1808 4285 Romane
1830 4240 1864 4284 sa

206 4324 372 4411 publicum
404 4324 572 4388 constituit
607 4325 787 4403 inimicum,
824 4323 900 4387 dum
931 4327 1039 4386 castra
1067 4329 1101 4385 ct
1128 4321 1325 4386 munitiones
1353 4320 1560 4386 Pataviensis
1592 4322 1735 4386 ecclesie
1764 4321 1865 4386 nobili

206 4429 273 4492 viro
297 4476 328 4491 ..
353 4426 426 4491 duci
442 4426 594 4491 Bawarie
617 4426 746 4492 tradere
770 4447 835 4490 non
858 4424 1050 4504 formidans,
1075 4425 1106 4490 ei
1129 4431 1162 4488 et
1186 4424 1259 4488 eliis
1275 4423 1458 4488 fautoribus
1475 4425 1543 4489 suis
1559 4432 1674 4489 contra
1690 4425 1864 4491 ecclesiam

206 4532 322 4617 prebet
350 4530 536 4610 consilium,
574 4532 731 4595 auxilium
761 4537 794 4594 et
823 4529 985 4607 favorem,
1022 4529 1170 4614 aliasque
1198 4529 1232 4592 in
1262 4526 1414 4613 gerendis
1443 4528 1568 4592 utiliter
1596 4529 1773 4593 commisse
1804 4528 1865 4592 sibi

310 4792 335 4858 ⁸)
354 4794 390 4844 ita
402 4793 435 4845 R.
531 4792 555 4858 b)
573 4794 610 4844 edi
627 4793 656 4843 in
673 4808 772 4858 marg&
790 4788 825 4843 fri
844 4793 871 4843 in
882 4794 971 4845 rubra.
1068 4791 1307 4858 0)Wslsrbteh1l.
1405 4790 1431 4857 d)
1450 4793 1518 4860 iguis
1530 4792 1563 4842 Β.
1655 4794 1678 4855 0)
1696 4800 1737 4844 est
1755 4789 1864 4844 dactili.

310 4933 335 4996 1)
353 4929 395 4983 De
412 4929 556 4997 Perennae
575 4929 728 4997 praeposita
751 4928 827 4996 etp.
844 4935 906 4996 366,
929 4934 983 4983 not.
1001 4938 1024 4984 5.
1055 4930 1111 4983 &aa
1129 4929 1216 4985 Mart.
1234 4939 1262 4984 11
1283 4943 1359 4997 papa
1381 4926 1464 4981 eldaa
1482 4927 1635 4994 maerente
1656 4926 1818 4995 signficant
1837 4942 1865 4979 se

205 5018 296 5071 albati
308 5015 605 5085 Anpierrsa'dndalsisse,
624 5020 654 5067 nt
662 5031 714 5083 per
725 5016 826 5069 litteras
844 5015 999 5083 apostolicas
1016 5021 1092 5070 entra
1109 5016 1262 5070 ammalarii
1278 5015 1322 5069 sai
1341 5014 1460 5068 irasnlam
1478 5013 1509 5067 de
1528 5018 1610 5067 cetera
1627 5029 1684 5066 nara
1698 5018 1789 5082 posset
1806 5029 1867 5067 aaa·

206 5103 298 5170 reaia,
317 5101 451 5156 nmndans
468 5118 503 5155 ae
520 5118 580 5155 eura
596 5119 675 5171 supa·
692 5103 739 5156 lrac
756 5102 889 5156 solean
901 5103 1079 5171 praesiderem
1098 5103 1229 5170 Pottlraat,
1249 5103 1313 5171 Rea.
1327 5108 1446 5168 13246a3
1462 5117 1532 5169 artae
1542 5117 1579 5167 cp.
1591 5099 1623 5152 ia
1636 5099 1702 5168 Rep.
1714 5117 1774 5154 non
1789 5104 1867 5154 edat

206 5190 366 5258 Peregrinus
383 5207 409 5244 a.
426 5195 489 5244 1253
510 5189 599 5243 adlrne
615 5189 727 5256 einaim
747 5189 780 5255 cf.
800 5188 928 5257 Ncnpart.
948 5189 1003 5257 Ep.
1019 5188 1157 5243 Cemtant.
1176 5195 1194 5243 t.
1208 5189 1231 5256 I,
1246 5206 1280 5257 11,
1295 5205 1324 5256 p.
1337 5194 1397 5242 442.
1491 5188 1519 5254 2)
1539 5185 1598 5240 sac
1614 5203 1642 5240 a.
1655 5192 1732 5253 1248,
1751 5185 1820 5254 Sept.
1833 5190 1868 5240 3⁰

201 5294 279 5345 papa
296 5277 372 5330 decta
389 5281 413 5330 et
429 5276 548 5344 capitulo
567 5275 703 5330 Oonatam
721 5275 885 5344 indulserat,
908 5280 941 5329 nt
958 5276 990 5328 in
1007 5291 1050 5329 eos
1074 5280 1196 5330 aeaetor
1219 5275 1257 5328 nd
1277 5272 1456 5341 subdelegatus
1478 5272 1512 5326 ab
1528 5269 1698 5340 pandendae
1717 5270 1865 5341 dumea

205 5363 323 5418 durande
341 5363 476 5431 manati
496 5361 632 5418 discordia
646 5362 778 5432 generali,
801 5361 1092 5431 acemrmsnsicaticais,
1115 5360 1299 5431 aespcrniarns
1318 5359 1359 5414 eal
1380 5357 1515 5413 ilderdicti
1535 5357 1682 5413 cernendas
1702 5373 1762 5412 aas
1782 5360 1867 5427 pani

201 5448 836 5520 prmnlpnre,·Patdvast,ch.13032b;quae
852 5463 891 5517 ep.
909 5448 942 5502 ia
955 5447 1018 5516 Ray.
1037 5465 1094 5503 non
1111 5453 1190 5504 artat.
1221 5447 1264 5501 De
1280 5444 1438 5500 incatitnra
1457 5444 1531 5500 deas
1546 5444 1583 5512 cf.
1600 5459 1640 5514 ap.
1656 5442 1865 5512 Willelniw'

204 5551 248 5604 ap.
272 5534 505 5604 Rama-alcea,
532 5535 550 5591 l.
572 5550 594 5590 a.
620 5541 693 5590 eser.
816 5534 844 5602 3)
872 5533 1046 5590 waldemar
1072 5533 1110 5588 aa
1137 5534 1226 5603 nepa
1247 5533 1276 5602 a.
1303 5547 1337 5587 aa
1360 5537 1429 5600 apr.
1454 5535 1480 5585 n
1508 5545 1548 5587 ar.
1573 5529 1622 5586 aa.
1649 5526 1865 5600 mnata

204 5621 411 5690 mmmm
