4328 6232
198 346 239 408 26
753 340 1295 399 nx1nnmnmrn1vrnnmrno
1358 301 1364 313 ¹

198 517 240 582 de
269 538 370 592 unco,
401 524 435 581 et
464 517 598 601 insuper
626 517 774 580 sexcenti
805 519 910 581 mansi
938 518 980 583 de
1010 524 1098 582 terra
1124 520 1156 582 in
1188 519 1389 602 competenti
1412 519 1465 582 vel
1488 517 1752 603 competentibus
1777 512 1860 580 locis

199 622 301 707 ipsius
324 627 412 685 terre
429 618 624 685 Oulmensis.
671 618 854 683 Secundam
877 642 956 686 vcro
973 620 1132 686 diocesim
1148 621 1368 701 limitavimus,
1392 621 1476 685 sicut
1492 619 1614 685 claudit
1629 618 1727 700 Ossa,
1742 618 1862 683 Wixla

200 730 233 788 et
248 729 401 808 stagnum
417 723 561 787 Drusnie
575 725 595 801 ¹,
619 721 830 787 ascendendo
853 744 912 809 per
934 725 1055 789 flumen
1079 724 1120 789 de
1135 724 1319 804 Passaluc²,
1343 725 1389 787 ita
1404 724 1490 809 quod
1514 724 1620 787 insule
1636 722 1679 787 de
1695 719 1860 796 Quidiuo³

200 835 233 893 et
257 827 423 892 Santerii⁴
449 827 482 890 in
511 825 625 890 eadem
649 825 772 891 diocesi
800 827 993 893 habeantur.
1039 828 1184 893 Tertiam
1213 848 1342 914 quoque
1366 828 1593 906 limitavimus‚
1621 827 1707 891 sicut
1736 824 1862 890 claudit

199 930 330 996 Recens
354 929 469 995 Mare⁵
499 931 541 995 ab
569 928 738 994 occidente
770 937 805 993 et
835 932 955 994 flumen
985 930 1070 1015 quod
1096 930 1213 994 dieitur
1234 930 1380 1016 Pregora
1403 930 1472 995 sive
1496 928 1619 1015 Lipea⁸
1641 928 1683 993 ab
1706 928 1864 1013 aquilone
1922 952 1933 989 s

201 1040 235 1100 et
267 1040 420 1118 stagnum
449 1031 631 1118 predictum
660 1031 804 1098 Dmsnie
832 1033 1027 1115 ameridie‚
1059 1033 1269 1099 ascendendo
1299 1056 1359 1120 per
1386 1033 1569 1120 predictum
1595 1032 1863 1098 Passalucense·

201 1138 321 1202 flumen
346 1144 460 1201 contra
483 1137 644 1201 orientem
666 1157 772 1222 usque
795 1136 836 1201 ed
860 1138 1017 1201 terminos
1032 1137 1255 1202 Letuinorum.
1300 1136 1352 1202 De
1375 1160 1438 1202 non
1462 1157 1621 1202 conversa
1643 1143 1755 1200 eutem
1770 1141 1861 1200 terra

201 1241 324 1304 diocesi
354 1239 507 1304 iamdicta
535 1239 709 1304 coniuncta
738 1241 949 1304 limitavimus
973 1247 1121 1325 quartam
1144 1240 1314 1316 diocesim,
1353 1242 1437 1304 sicut
1467 1239 1589 1304 claudit
1615 1259 1706 1304 mare
1736 1239 1862 1303 salsum

202 1344 244 1408 ab
277 1344 448 1407 occidente
478 1349 511 1407 et
539 1344 659 1407 flumen
687 1342 829 1408 hiemale
857 1344 898 1408 ab
930 1345 1081 1428 aquilone
1118 1352 1151 1409 et
1180 1367 1199 1409 a
1226 1343 1364 1408 meridie
1398 1344 1518 1408 flumen
1547 1342 1707 1428 Pregore‚
1742 1362 1861 1406 versus

203 1447 363 1511 orientem
384 1468 488 1532 usque
505 1445 546 1509 ad
563 1447 719 1510 terminos
736 1446 960 1526 Letuinorum,
984 1447 1029 1511 ita
1047 1445 1133 1532 quod
1150 1447 1297 1533 predicta
1314 1448 1422 1511 omnia
1438 1448 1570 1511 flumina
1586 1447 1773 1513 communia
1796 1446 1863 1510 sint
1915 1472 1938 1510 m

204 1550 406 1631 diocesibus,
438 1571 500 1636 que
528 1551 607 1637 ipsis
637 1551 823 1614 fluminibus
852 1552 1078 1615 terminantur.
1124 1551 1297 1632 Preterea,
1329 1552 1405 1635 quia
1434 1552 1553 1614 fratres
1587 1550 1725 1636 predicti
1756 1555 1862 1613 totum

204 1653 332 1740 pondus
357 1675 575 1740 expensarum
600 1661 633 1718 et
656 1655 833 1740 preliorum
856 1656 1018 1719 sustinent
1041 1661 1074 1719 ct
1097 1654 1174 1739 quia
1197 1655 1307 1718 multis
1331 1660 1459 1741 oportet
1481 1675 1537 1717 cos
1558 1652 1728 1719 infeudare
1745 1659 1864 1731 terras,

204 1757 250 1820 sic
274 1756 441 1821 divisimus
465 1764 569 1821 terras
591 1757 740 1838 Pruscio,
770 1765 822 1837 ut,
855 1759 924 1822 eive
956 1779 1039 1821 unus
1064 1757 1161 1822 fuerit
1185 1759 1357 1844 episcopus
1389 1759 1458 1823 sive
1482 1759 1608 1844 plures,
1637 1757 1755 1822 fratres
1779 1756 1863 1821 duas

204 1866 314 1946 partes
338 1860 466 1946 integre
491 1881 563 1924 cum
587 1860 675 1924 omni
697 1867 858 1948 proventu
880 1861 1024 1925 habeant
1054 1867 1088 1924 et
1111 1861 1283 1946 episcopus
1304 1861 1377 1949 pive
1402 1861 1547 1948 episcopi
1575 1861 1705 1925 tertiam
1733 1859 1863 1944 integre

205 1965 386 2028 cumomni
410 1963 634 2029 iurisdictione
659 1971 692 2029 et
715 1965 800 2039 iure;
825 1966 924 2028 salvis
947 1971 1056 2029 tamen
1082 1965 1235 2050 episcopo
1260 1964 1293 2028 in
1319 1963 1444 2030 duabus
1467 1964 1616 2051 partibus
1635 1964 1773 2029 fratrum
1795 1963 1863 2028 illis
1915 1988 1939 2028 a

205 2067 373 2148 omnibus,
409 2090 471 2154 que
508 2091 573 2132 non
604 2075 740 2155 possunt
771 2069 835 2133 nisi
862 2089 922 2153 per
950 2067 1139 2153 episcopum
1171 2069 1331 2132 exerceri.
1377 2067 1516 2146 Verum,
1547 2075 1584 2132 ut
1612 2067 1672 2132 hec
1702 2074 1864 2131 terrarum

206 2170 320 2235 divisio
352 2172 504 2236 effectum
528 2170 674 2236 debitum
697 2173 801 2237 libere
825 2177 1060 2256 consequatur,
1090 2172 1160 2257 ipsa
1189 2173 1222 2235 in
1251 2171 1384 2237 nomine
1407 2171 1528 2237 Christi
1556 2172 1614 2236 fiat
1643 2170 1747 2257 primo
1771 2170 1866 2234 iuxta

205 2276 409 2339 voluntatem
439 2282 473 2338 et
502 2295 699 2338 consensum
728 2273 875 2360 episcopi
906 2295 944 2338 ao
977 2273 1114 2338 fratrum
1149 2274 1320 2359 hospitalis
1350 2275 1505 2342 eiusdem.
1561 2274 1605 2339 nt
1634 2274 1662 2338 si
1691 2273 1866 2339 concordia

206 2379 404 2443 intervenire
426 2398 490 2441 non
514 2379 644 2463 poterit,
668 2384 744 2441 tunc
768 2379 831 2463 ipsi
857 2378 981 2462 eligant
1005 2399 1194 2441 communes
1212 2379 1346 2457 amicos,
1369 2401 1429 2466 per
1450 2402 1529 2466 quos
1546 2377 1731 2445 huiusmodi
1746 2377 1864 2443 divisio

207 2483 274 2562 fiat,
298 2489 330 2545 et
354 2483 381 2544 si
404 2481 514 2546 taliter
537 2481 635 2546 etiam
659 2481 859 2546 concordare
883 2503 948 2545 non
971 2487 1135 2566 poterunt,
1159 2488 1236 2544 tunc
1268 2481 1332 2566 ipsi
1347 2481 1475 2561 fratres,
1499 2483 1574 2568 quia
1590 2491 1677 2547 terra
1693 2483 1741 2547 eis
1758 2482 1866 2545 notior
1917 2504 1942 2543 ro

207 2591 273 2665 est,
304 2582 449 2647 dividant
479 2583 636 2648 diocesim
667 2586 698 2648 in
736 2592 802 2649 tres
834 2592 944 2671 partes
972 2591 1006 2648 et
1033 2584 1074 2649 do
1103 2605 1170 2648 una
1197 2585 1342 2670 ipsarum
1370 2587 1510 2671 partium
1538 2586 1659 2651 habeat
1689 2587 1865 2673 episcopus

208 2688 384 2772 optionem.
423 2687 486 2752 Vel
511 2689 539 2751 si
561 2688 672 2754 forsan
695 2690 767 2775 ipse
792 2690 934 2753 noluerit
957 2688 1097 2773 eligere,
1131 2709 1193 2773 que
1218 2709 1293 2773 pars
1318 2709 1361 2753 ex
1384 2689 1447 2753 illis
1470 2689 1573 2753 tribus
1596 2689 1744 2775 partibus
1770 2689 1867 2754 cedat

208 2791 372 2876 episcopo,
396 2791 481 2855 sicut
504 2799 609 2857 sortes
633 2791 793 2873 dederint,
817 2791 1045 2857 terminaturi).
1090 2791 1127 2855 In
1145 2792 1236 2856 cuius
1251 2792 1300 2856 rei
1316 2793 1536 2857 testimonium
1552 2815 1690 2880 presens
1708 2794 1865 2879 scriptum

209 2894 308 2978 sigilli
331 2895 433 2959 nostri
457 2895 635 2960 munimine
658 2895 811 2959 duximus
835 2894 1064 2961 roborandum.

317 2997 394 3062 Dat.
417 2999 582 3083 Anagnia,
613 3021 697 3064 anno
720 3000 854 3064 Domini
875 2999 1145 3079 M⁰OO⁰XLIII⁰‚
1174 2999 1259 3062 ΙΙΙΙ0
1282 2999 1335 3063 die
1362 3001 1479 3064 stantis
1501 3000 1577 3064 Iulii
1587 3001 1611 3080 ⁷,
1641 3000 1818 3065 indictione
1840 3000 1867 3081 1,
1919 3022 1944 3062 a

211 3103 420 3189 pontificatus
444 3102 590 3167 eiusdem
613 3101 735 3167 domini
758 3124 843 3189 pape
866 3125 951 3167 anno
974 3104 1090 3189 primo.
1486 3106 1489 3110 ’

318 3214 409 3279 Nulli
432 3235 510 3300 ergo
534 3251 575 3261 -
599 3222 710 3280 nostre
734 3215 990 3280 confirmationis
1014 3220 1076 3279 etc.
1122 3215 1157 3279 Si
1181 3214 1252 3299 quis
1276 3220 1386 3278 autem
1411 3221 1473 3281 etc.

319 3326 395 3392 Dat.
418 3326 581 3412 Anagnie,
605 3326 690 3391 VIII
715 3326 793 3391 Idus
817 3327 984 3407 Octobris,
1008 3347 1093 3390 anno
1117 3324 1143 3389 I.

832 3538 962 3544 ψ-
967 3537 1243 3544 ——-.-.-..-—-.-

1873 3544 1890 3585 h

1011 3727 1071 3801 3h.

318 3827 537 3919 Innocentius
557 3853 616 3918 IV
633 3872 724 3933 papa
744 3851 942 3936 It[aynerio]
966 3850 1102 3916 Sanctae
1129 3850 1260 3916 Mariae
1290 3852 1324 3914 in
1356 3850 1515 3917 Oosmidin
1542 3851 1674 3916 damno
1699 3851 1871 3933 cardinali,

212 3958 399 4040 apostolicae
420 3958 503 4024 sadis
525 3959 636 4040 tapeto,
659 3957 807 4033 coneedit,
834 3960 870 4019 nt
891 3956 947 4033 tie,
977 3956 1032 4037 qni
1052 3955 1297 4021 Vitcrbicnaibas
1317 3956 1516 4034 subveniant,
1544 3957 1637 4020 inata
1663 3955 1872 4037 cunamen
1923 3981 1949 4019 n

215 4062 351 4127 subsidii
372 4061 587 4144 Indulgentiae
608 4061 776 4143 mrpiatnr.
1533 4061 1626 4137 1243,
1652 4058 1716 4125 Oct.
1734 4061 1785 4122 11.

319 4182 382 4234 Inn.
396 4179 444 4233 IV
459 4179 523 4250 Rea.
542 4179 633 4248 VotI,
652 4186 700 4246 305
718 4178 778 4232 Lib.
794 4179 817 4246 L
832 4187 887 4232 179.

319 4267 418 4336 Baper
430 4274 483 4321 179.

395 4413 441 4486 R.
471 4413 642 4486 Sancte
678 4410 819 4483 Mario
855 4410 898 4482 in
934 4408 1171 4483 Cosmidin
1206 4410 1408 4482 diacono
1445 4411 1697 4501 cardinali,

712 4531 977 4624 apostolice
1011 4531 1142 4604 sedis
1176 4525 1372 4621 legaret
1925 4568 1949 4607 a

326 4666 533 4746 Audivimus,
558 4665 644 4750 quod
668 4665 725 4746 illi,
750 4665 804 4750 qui
828 4660 901 4728 Deo
925 4669 959 4726 ct
982 4663 1121 4727 ecclesie
1145 4663 1179 4725 in
1203 4661 1420 4728 subventione
1437 4663 1699 4730 viterbiensium
1723 4671 1874 4752 prestant

219 4769 400 4834 devotionis
424 4769 628 4853 obsequium,
653 4768 878 4833 remissionem
896 4766 1052 4851 consequi
1069 4764 1259 4830 desiderant
1274 4772 1496 4851 peccatorum.
1540 4766 1609 4832 Nos
1632 4768 1742 4854 igitur,
1765 4775 1874 4834 atten-

320 4959 345 5026 a)
364 4960 411 5021 Aa
428 4960 638 5011 Passalueensem
652 4957 682 5008 P.
769 4957 794 5023 b)
814 4959 860 5019 A.,·
877 4959 1048 5010 terminentur
1060 4957 1090 5009 P.

321 5080 348 5147 1)
367 5079 536 5132 Draranea
554 5094 568 5131 a
586 5093 646 5130 rna.
664 5077 712 5131 aio.
731 5076 839 5145 Elbinp.
919 5077 946 5144 2)
966 5074 1076 5128 chata.
1156 5076 1184 5144 3)
1204 5075 1309 5129 Circam
1325 5075 1372 5129 cio.
1386 5076 1598 5131 Maricnwcrdev.
1675 5079 1703 5143 4)
1723 5079 1753 5132 Ε
1769 5095 1830 5132 mer.
1850 5084 1875 5133 et

216 5182 269 5220 occ.
281 5165 327 5219 cio.
338 5164 521 5233 Marimbnrp.
582 5164 609 5230 5)
621 5162 742 5217 bimetras
751 5163 829 5230 Hatf.
894 5164 921 5230 6)
936 5162 1035 5231 Preyet.
1099 5162 1126 5229 7)
1139 5161 1189 5215 Ea
1199 5178 1228 5215 cc
1240 5161 1313 5230 camd
1325 5163 1440 5229 epistota
1458 5179 1514 5230 qna
1522 5180 1599 5232 papo
1611 5164 1749 5218 Witlrcbno
1760 5165 1875 5220 &occsa
1926 5184 1949 5223 ac

217 5249 351 5306 limitandi
372 5250 525 5316 facultatan
548 5250 670 5302 marcessit
686 5249 729 5320 [n.
748 5250 789 5321 4]‚
813 5250 867 5303 Inl.
884 5257 916 5304 29
933 5249 997 5302 data
1016 5254 1067 5314 ast,
1090 5248 1222 5315 auspicari
1245 5265 1300 5301 ison
1324 5249 1381 5302 licat
1403 5248 1440 5300 ad
1457 5248 1504 5302 hcc
1522 5249 1639 5317 diploma
1655 5255 1745 5305 natam
1761 5248 1876 5306 elnona-

217 5338 325 5407 loffl'cam
344 5336 396 5390 Inl.
410 5342 446 5391 28
468 5337 558 5389 minna
580 5341 647 5391 reate
669 5336 831 5406 adscriptam
853 5354 915 5392 aeae.
951 5335 1016 5390 Οιιηι
1042 5335 1124 5402 enim,
1149 5341 1181 5388 nt
1201 5340 1221 5390 t.
1238 5336 1266 5402 1,
1286 5353 1315 5403 p.
1330 5335 1361 5389 X
1378 5336 1557 5403 nepaesinae,
1579 5352 1632 5404 per
1654 5342 1744 5391 notam
1765 5334 1876 5393 drona

218 5424 329 5493 mnam
347 5423 370 5476 is
387 5421 442 5477 dics
459 5421 599 5490 indc'cctm,
617 5438 670 5491 qno
684 5440 759 5492 grapa
776 5423 834 5492 staca
851 5422 927 5476 raba
944 5421 1115 5491 epistodrrnm
1130 5437 1218 5475 coram
1235 5439 1262 5475 aa
1279 5423 1342 5475 leda
1358 5421 1539 5490 conprobatit,
1564 5421 1781 5492 deliberatorias,
1801 5426 1876 5493 pu·

217 5526 299 5577 meam
312 5525 389 5577 papa
406 5506 565 5562 mandatam
582 5526 664 5562 annm
680 5507 789 5563 diam
806 5507 939 5563 lincitandi
957 5506 1093 5561 Widtclmc
1110 5505 1182 5561 dedit
1199 5513 1223 5561 ct
1241 5508 1375 5577 φὼίοὶαηι
1394 5508 1466 5562 illam
1479 5508 1589 5562 arctavi
1599 5507 1684 5576 aweit,
1701 5506 1830 5565 meidlai.
1840 5511 1878 5565 2⁰

217 5593 1109 5664 habitamcaacoportctntrebasipeisordinatiesaaiafiatpotait,
1121 5588 1860 5664 intaediptonraprirnconfioerctnrqnanqridahfl
1930 5614 1949 5640 a

219 5679 773 5751 qaaeeodnintacatccneilioeav'ptaat,
792 5687 825 5736 at
840 5679 1653 5763 Wiltrctnrnmdcmandatopapacprocaesisaeaffimardnv.
1703 5672 1780 5753 8)ss
