4734 6334
863 397 1064 454 aristonis
1081 396 1274 454 subacuta.
1311 397 1387 453 leta.

1085 701 1172 774 650.

405 810 624 904 Innocentius
643 839 700 904 IV
711 860 802 922 popo
823 841 931 906 abbati
952 841 989 906 de
1011 832 1195 924 Prnoeninp
1217 839 1361 938 rnondot,
1391 844 1426 904 nt
1451 839 1615 904 advocatos
1644 831 1828 904 monosterii
1853 837 1956 903 annoti

299 941 526 1008 Emmcrommi
540 943 793 1027 Ratisponensis,
814 944 858 1009 od
873 944 954 1010 dono
969 944 1037 1009 eins
1057 961 1172 1008 manns
1194 943 1325 1009 illicitos
1347 942 1553 1020 ostendentes,
1576 941 1746 1022 compellat,
1768 945 1805 1006 nt
1825 941 1866 1006 ab
1888 941 1956 1006 eins

301 1045 513 1111 molestatione
534 1045 674 1112 indebito
691 1048 822 1132 penitus
843 1047 1006 1113 desistent.
1611 1045 1704 1124 1249,
1727 1044 1822 1111 Febr.
1840 1049 1868 1109 1.

406 1163 469 1218 Inn.
482 1164 531 1218 IV
547 1165 609 1235 ch.
630 1165 691 1222 Lib.
711 1165 758 1234 VI,
775 1167 921 1236 fito—26,
939 1185 967 1222 n.
979 1175 1038 1224 346.

236 1265 248 1302 s
406 1249 535 1320 Pottlrost,
556 1253 724 1322 Rey.13193;
742 1253 845 1322 Beroen
862 1259 935 1309 4338.

464 1505 503 1523 ..
531 1450 697 1524 abbati
724 1451 778 1525 de
805 1450 1120 1544 Provening¹¹¹
1148 1450 1338 1526 ordinis
1366 1451 1523 1525 sancti
1550 1448 1800 1525 Benedicti

803 1571 1190 1665 Ratisponensis
1216 1566 1462 1648 diocesisb.

410 1719 478 1786 Sua
507 1721 601 1786 nobis
635 1720 748 1787 dilecti
778 1723 838 1788 filii
867 1775 904 1790 ..
933 1723 1036 1787 abbas
1067 1729 1100 1788 et
1133 1727 1312 1788 conventus
1344 1721 1455 1787 Sancti
1485 1721 1675 1788 Emeramni
1701 1716 1955 1803 Ratisponenais

303 1823 425 1888 ordinis
442 1825 547 1889 sancti
558 1824 731 1891 Benedicti
748 1828 981 1912 conquestione
998 1832 1230 1907 monstramini,
1254 1825 1434 1911 quodlicet
1451 1824 1554 1912 ipsius
1570 1822 1758 1888 monasterii
1771 1819 1923 1885 advocati
1931 1817 1954 1898 ²,

224 1950 250 1988 ro
304 1927 462 1992 habentes
486 1929 519 1992 in
543 1927 679 1995 diversis
703 1929 890 1996 diocesibus
923 1931 1122 2008 mansiones,
1152 1931 1242 2016 ipsos
1266 1937 1435 1996 eteorum
1459 1928 1545 1994 bona
1567 1926 1746 1994 defendere
1769 1928 1954 2002 teneantur,

301 2033 487 2118 percepturi
516 2038 624 2100 certos
657 2032 804 2100 redditus
833 2034 991 2100 debonis
1015 2032 1162 2098 eiusdem
1185 2033 1390 2113 monasterii,
1420 2038 1516 2118 prout
1539 2036 1699 2096 statutum
1722 2035 1774 2096 est
1797 2028 1839 2094 ab
1867 2026 1952 2091 anti-

302 2155 381 2222 quo,
413 2135 491 2200 dicti
518 2142 627 2202 tamen
662 2138 827 2220 advocati,
861 2160 924 2203 non
953 2138 1156 2203 considerato
1188 2135 1367 2224 prudenter
1396 2135 1480 2223 quod
1505 2134 1682 2201 advocatus
1706 2133 1844 2199 ecclesie
1867 2130 1955 2195 idem

301 2239 439 2324 intelligi
461 2238 583 2306 debeat
605 2240 690 2326 quod
715 2241 876 2323 defensor,
908 2264 951 2308 ex
973 2240 1202 2308 defensoribus
1225 2245 1452 2328 persecutores
1477 2240 1584 2306 effecti
1609 2245 1644 2304 et
1666 2259 1730 2302 non
1755 2233 1956 2320 contempti⁰

300 2342 425 2407 iuribus
460 2343 655 2424 eorundem,
690 2345 731 2410 ad
765 2346 851 2411 bona
886 2344 1023 2432 predicti
1056 2346 1247 2411 monasterii
1281 2366 1396 2409 manus
1429 2345 1561 2410 illicitas
1596 2340 1828 2421 extendentes,
1862 2359 1953 2403 more

301 2447 506 2534 tyrampnieo
537 2448 694 2514 invadunt
722 2455 755 2515 et
774 2451 912 2536 rapiunt
942 2457 1120 2536 proventus
1153 2458 1187 2516 et
1213 2448 1359 2514 redditus
1389 2448 1579 2514 monasterii
1611 2445 1789 2533 supradicti
1816 2444 1851 2509 in
1883 2442 1954 2506 eius

300 2551 513 2636 irreparabile
547 2552 787 2619 detrimentum.
832 2553 988 2620 Veientes
1023 2554 1124 2640 igitur
1157 2553 1388 2640 indempnitati
1422 2552 1562 2640 predicti
1594 2548 1784 2616 monasterii
1818 2553 1955 2634 paterna

301 2652 521 2720 sollicitudine
544 2676 735 2742 precavere,
766 2655 972 2734 mandemus,
996 2658 1162 2742 quatinus,
1187 2658 1214 2722 si
1238 2663 1289 2722 est
1312 2657 1374 2735 ita,
1399 2653 1533 2721 eosdem
1556 2653 1750 2734 advocatos,
1774 2650 1860 2738 quod
1885 2649 1953 2714 suis

301 2757 425 2822 iuribus
446 2759 592 2824 contenti
615 2760 760 2825 existant
783 2768 817 2826 et
839 2761 903 2846 ipsi
926 2762 1123 2826 monasterio
1147 2761 1323 2826 restituant
1345 2761 1392 2825 sic
1417 2759 1536 2840 ablata,
1561 2765 1595 2824 et
1618 2758 1659 2822 ab
1681 2758 1827 2843 ipsorum
1849 2753 1963 2851 mola.

302 2863 443 2927 statione
466 2862 614 2928 indebite
636 2865 766 2950 penitus
795 2863 1008 2946 desistentes,
1040 2867 1231 2951 permittant
1261 2885 1318 2930 eos
1346 2863 1451 2929 libere
1482 2862 1670 2949 disponere,
1701 2865 1798 2946 prout
1827 2861 1955 2944 spectat

224 2982 250 3022 2⁰
302 2964 344 3030 ad
365 2967 472 3051 ipsos,
504 2966 591 3032 bona
619 2970 809 3034 monasterii
838 2970 1025 3051 memorati,
1055 2971 1234 3035 monitione
1264 2970 1427 3056 premissa
1455 2987 1514 3055 per
1544 2963 1890 3032 excommunicationis
1921 2961 1954 3025 in

301 3069 481 3157 perso'nas‘l
505 3078 538 3137 et
561 3073 593 3137 iu
616 3079 722 3138 terras
746 3095 859 3140 eorum
883 3074 1048 3139 interdicti
1071 3074 1252 3140 sententias
1268 3073 1490 3160 appellatione
1508 3075 1634 3136 remota
1649 3067 1774 3134 iustitia
1789 3065 1954 3132 mediante

302 3175 491 3261 compellas.

408 3294 485 3362 Dat.
508 3296 672 3384 Lugduni,
696 3297 771 3364 Kal.
794 3299 976 3381 Februarii,
998 3321 1083 3364 anno
1098 3299 1197 3364 VI⁰³.

924 3561 1336 3570 *ψ

1087 3804 1174 3879 651.

404 3914 622 4009 Bmocentlns
644 3943 700 4008 IV
712 3921 804 4026 pape
824 3945 1046 4032 [Eberhardo]
1073 3948 1165 4012 eleeto
1195 3945 1429 4014 Constantiani
1456 3943 1605 4021 concedit,
1638 3943 1673 4006 nt
1696 3940 1954 4022 praeposituram

222 4062 247 4100 2⁵
304 4043 582 4126 Constanticnscm
604 4067 699 4130 qnam
715 4048 859 4129 primum
880 4051 1045 4129 onceocrit,
1068 4051 1168 4116 alicui
1189 4050 1294 4116 devoto
1315 4049 1461 4116 ecclesiae
1483 4047 1623 4130 conferre
1645 4046 1758 4110 volout.

1609 4150 1703 4227 1249,
1726 4145 1821 4213 Febr.
1835 4151 1866 4210 3.

404 4236 469 4290 Inn.
489 4236 536 4290 IV
551 4235 614 4306 ch.
634 4235 695 4290 leo.
714 4236 760 4304 VI,
775 4237 795 4304 f.
810 4245 849 4305 29,
869 4255 895 4291 n.
908 4244 963 4293 377.

404 4321 532 4392 mnan,
553 4323 616 4392 neo.
629 4330 720 4388 raroa-
738 4323 836 4394 necor
853 4331 924 4380 esce.

824 4580 863 4598 ..
893 4524 1037 4597 electo
1067 4521 1430 4597 Constantiensi.

221 4692 248 4730 ro
408 4669 627 4757 Exigentibus
651 4679 705 4738 tue
728 4672 912 4738 devotionis
935 4674 1061 4738 meritis
1086 4678 1162 4738 etc.⁰
1185 4693 1304 4757 usque:
1335 4668 1537 4735 exaudimus.
1582 4667 1663 4732 Tuis
1692 4667 1803 4750 itaque
1827 4663 1951 4750 suppli-

299 4775 483 4840 cationibus
511 4774 689 4861 benignum
719 4777 946 4863 impertientes
977 4798 1166 4854 assensum,
1198 4775 1400 4862 presentium
1429 4773 1488 4837 tibi
1511 4771 1707 4837 auctoritate
1731 4767 1951 4848 concedimus,

401 5035 512 5100 ⁸)iloin
521 5053 618 5102 morer
631 5037 660 5088 in
671 5039 751 5090 rubro
764 5040 931 5092 Pruvsninss.
1011 5037 1035 5102 b)
1048 5040 1155 5091 diocesia
1167 5040 1194 5090 in
1207 5038 1421 5106 marpaoriptnm
1433 5035 1637 5087 decatinmdro.
1720 5031 1743 5096 ο)
1756 5027 1952 5098 conltdptilt.,·

299 5121 346 5188 lep.
364 5122 487 5174 contenti.
591 5120 616 5186 d)
634 5125 749 5190 personis
766 5124 798 5176 R.
904 5131 927 5191 ⁶)
947 5127 987 5194 Of.
1006 5145 1032 5178 n.
1045 5129 1102 5178 288.

403 5259 429 5323 1)
448 5256 479 5310 Ε
494 5272 555 5311 nior.
574 5259 722 5313 otorano
737 5258 948 5328 Ramnenses.
1035 5262 1062 5328 2)
1082 5262 1156 5315 Imer
1173 5261 1315 5314 aduocatos
1331 5259 1485 5314 omasum
1500 5257 1627 5326 irrprimis
1643 5255 1745 5310 concites
1762 5254 1793 5308 cle
1804 5253 1953 5320 Aberupcrc

220 5363 246 5402 ³5
299 5341 371 5411 [non
388 5343 500 5396 erendum
511 5361 530 5396 a
541 5343 649 5398 decima
665 5344 727 5414 ripn
738 5345 865 5400 Danubii
881 5345 967 5401 medea
983 5348 1028 5401 oio
1044 5347 1118 5402 muer
1134 5347 1182 5401 cio.
1196 5345 1346 5415 inpolitodt
1363 5351 1387 5399 et
1400 5343 1581 5413 Repnnbnrp]
1593 5342 1783 5407 minorantem
1801 5339 1952 5394 Balisbmm

298 5429 444 5483 rmncslieo
461 5433 480 5484 t.
494 5429 516 5497 l,
535 5429 594 5485 aa.
608 5431 683 5498 prob.
697 5449 726 5500 p.
740 5439 791 5488 534
807 5439 832 5487 ct
848 5449 918 5500 seon.
1005 5434 1033 5498 3)
1053 5434 1110 5488 Snb
1130 5432 1208 5488 Febr.
1223 5441 1328 5501 acopo
1345 5431 1432 5486 abbati
1449 5437 1473 5485 ot
1490 5429 1630 5485 conmntni
1647 5427 1741 5483 eamr
1761 5425 1950 5480 Errrmcrammi

298 5514 420 5584 indulsit,
438 5521 470 5570 ut
487 5533 549 5571 cum
563 5519 685 5586 oeneole
702 5523 790 5574 terrm
807 5525 870 5574 esse
887 5519 1061 5588 mtedictnm,
1079 5520 1116 5574 eis
1133 5521 1220 5574 liceret
1236 5518 1330 5572 tonnis
1348 5519 1448 5572 clansio
1465 5522 1508 5570 etc.
1526 5516 1619 5570 olicmm
1636 5512 1726 5580 officia
1743 5512 1882 5578 celebram-
1902 5511 1952 5566 snb

300 5601 379 5656 Febr.
396 5609 425 5658 15
445 5601 477 5656 n
498 5603 649 5672 Ebcrspcrc
671 5610 696 5659 et
717 5605 749 5660 de
772 5606 927 5675 anpcrpc
953 5605 1089 5660 αὺὸαιῶιιε
1115 5605 1265 5670 nmndaoit,
1293 5610 1325 5658 nt
1351 5603 1418 5658 idern
1444 5601 1634 5658 monasterinm
1659 5604 1752 5654 corma
1778 5597 1953 5653 molestatores

295 5688 495 5757 comessionem
511 5687 692 5759 defenderent·
711 5692 843 5760 Pottlmst,
864 5691 927 5762 ue.
940 5699 1018 5748 13194
1035 5697 1058 5747 ct
1076 5699 1168 5758 132185
1187 5707 1255 5761 cuae
1270 5707 1310 5760 ep.
1328 5690 1359 5744 in
1378 5689 1444 5760 Re.
1462 5705 1519 5745 non
1535 5692 1636 5745 eatam.

402 5783 467 5838 Rea.
480 5783 611 5839 Pornll.
1710 5781 1745 5836 59
