4328 6232
818 332 865 386 EX
883 331 1102 388 Innucnrlrn
1120 332 1159 387 IV
1177 331 1358 388 REGIS'I'RO

1047 630 1130 705 lat.

364 741 583 834 Innocentius
598 769 655 834 IV
671 790 762 854 popu
783 770 1022 857 [Maryuritoc]
1043 771 1216 837 comitissae
1237 771 1420 837 Flandrure
1448 775 1478 835 et
1498 770 1670 836 Hnnonioc
1691 769 1864 852 clarificat,
1887 786 1919 832 se

260 893 330 938 curn
352 892 415 937 uno
436 872 474 937 de
497 892 558 954 quo
579 873 728 937 matunit
747 874 888 955 filiorum
910 875 978 940 nus
1005 879 1035 939 et
1061 875 1173 957 atiquo
1200 874 1300 939 nobiti
1326 873 1469 952 mutere,
1499 893 1579 955 quae
1608 873 1711 957 psum
1739 873 1776 936 in
1805 874 1919 952 qundo

260 974 547 1058 consunpuinitotis
577 975 625 1040 oet
652 975 828 1062 affiniwtis
852 978 959 1061 prudn
988 979 1140 1062 atinent,
1172 978 1369 1060 dispensare,
1401 980 1438 1041 ut
1468 975 1704 1042 matrimonium
1736 973 1919 1039 coruram

261 1078 397 1144 ualeant.
1292 1118 1295 1125 ,
1557 1080 1650 1156 1246,
1673 1076 1759 1145 Mai.
1779 1080 1830 1142 11.

366 1195 986 1337 &annueresnnunrra
1019 1161 1747 1270 maimuneaaaaapnuouenaa

416 1298 463 1352 per
475 1289 545 1339 1839.

458 1463 616 1538 Nobili
643 1465 831 1540 mulieri
858 1466 1100 1540 comitisse
1129 1463 1347 1539 Flandrie
1375 1468 1418 1538 et
1445 1461 1720 1556 Haynonic⁸.

371 1612 622 1699 Nonnumquam
638 1615 807 1680 Romanus
830 1614 988 1701 pontifex,
1012 1613 1065 1678 cui
1081 1612 1191 1678 divina
1206 1610 1412 1698 providentia
1426 1610 1549 1696 ligandi
1565 1612 1766 1699 pontificium
1783 1612 1920 1678 tradidit

263 1720 297 1778 et
318 1715 481 1795 solvendi,
504 1716 748 1804 dispensatione
772 1716 933 1795 coneedit,
957 1717 1042 1802 quod
1066 1715 1196 1805 penitus
1220 1717 1291 1780 iura
1313 1721 1450 1800 negant,
1474 1719 1508 1778 et
1531 1720 1608 1778 tunc
1631 1716 1817 1800 potissime,
1842 1738 1916 1779 cum

264 1818 401 1902 ingensb
424 1822 606 1886 necessitas
629 1823 683 1887 vel
707 1822 841 1886 evidens
864 1821 988 1886 utilitas
1012 1820 1045 1885 id
1069 1821 1229 1906 exposcit.
1277 1819 1358 1884 Cum
1386 1819 1496 1904 igitur,
1528 1819 1612 1884 sieut
1635 1821 1726 1884 nobis
1751 1842 1917 1907 exponere

263 1922 433 2004 curavisti,
464 1946 568 2010 peuce
595 1926 629 1990 in
660 1927 726 1991 tuis
753 1926 903 2014 partibus
932 1925 1087 1990 mulieres
1117 1924 1245 1989 nobiles
1272 1923 1466 2002 habeantur,
1497 1922 1615 2010 quibus
1639 1922 1698 1987 lilii
1720 1924 1767 1988 tui
1791 1925 1920 2011 possint

218 2018 222 2026 ’
263 2023 357 2089 iuxta
380 2047 438 2091 suo
456 2028 643 2116 ‚nobilitatis
667 2028 853 2094 decentiam
877 2028 1161 2094 matrimonialiter
1185 2028 1342 2114 copulari,
1365 2027 1472 2113 sitque
1495 2035 1631 2114 propter
1653 2032 1755 2106 tuum,
1778 2027 1918 2092 filioram

264 2133 298 2192 ct
331 2129 540 2196 comitatuum
579 2138 709 2198 tuorum
743 2139 864 2198 statum
893 2152 1088 2219 prosperum
1116 2138 1150 2196 et
1180 2130 1391 2217 tranquillum
1420 2131 1596 2217 plurimum
1627 2131 1855 2195 necessarium
1886 2139 1920 2196 et

263 2231 438 2297 utillimum
463 2234 633 2318 habeatur,
662 2242 699 2301 ut
721 2236 763 2302 de
787 2235 1070 2320 consanguinitate
1095 2234 1148 2300 rel
1170 2233 1331 2299 affinitate
1355 2256 1414 2299 sua
1436 2234 1557 2300 ducant
1578 2235 1705 2320 aliquas
1729 2235 1762 2298 in
1786 2255 1918 2315 uxores,

264 2354 339 2412 nos,
377 2342 454 2402 vota
486 2335 586 2426 [ῐιιει]ο
617 2338 739 2404 fauoris
771 2339 995 2404 benivolentia
1027 2342 1268 2425 prosequentes
1300 2358 1339 2402 ac
1368 2339 1515 2403 volentes
1545 2336 1605 2402 tihi
1637 2337 1748 2402 facere
1777 2339 1917 2424 gratiam

266 2437 445 2522 specialem
457 2442 478 2519 ¹,
508 2462 582 2506 oum
605 2463 670 2508 uno
695 2442 735 2507 de
761 2463 824 2527 quo
849 2441 1005 2506 malueris
1028 2441 1166 2505 filiorum
1191 2441 1336 2528 ipsorum
1361 2448 1395 2506 et
1417 2442 1526 2528 aliqua
1548 2442 1652 2507 nobili
1674 2442 1827 2524 muliere,
1858 2464 1920 2529 quc

269 2540 378 2626 ipsum
401 2543 434 2608 in
458 2553 573 2630 quarto
598 2547 701 2633 gradu
725 2547 1016 2633 consanguinitatis
1032 2546 1085 2610 vel
1108 2544 1276 2610 affinitatis
1292 2545 1444 2631 attingat,
1469 2545 1555 2632 quod
1571 2547 1661 2613 licite
1680 2547 1920 2612 matrimonium

265 2642 307 2708 ad
335 2645 474 2712 invicem
503 2651 696 2716 contrahere
725 2651 871 2732 valeant,
906 2650 1101 2715 auctoritate
1134 2649 1318 2736 apostolica
1348 2649 1588 2736 dispensamus.
1634 2650 1726 2715 Nulli
1755 2672 1835 2736 ergo
1857 2656 1920 2717 etc.

268 2754 381 2813 nostre
405 2749 660 2837 dispensationis
684 2760 748 2819 etc.
794 2752 904 2838 Siquis
928 2757 991 2818 ete.

373 2869 449 2935 Dat.
472 2871 636 2958 Lugduni,
656 2874 687 2938 V
710 2874 789 2940 Idus
812 2873 903 2954 Maii,
927 2895 1013 2939 anno
1036 2873 1164 2939 tertiat

1054 3397 1137 3471 183.

369 3510 588 3603 Innocentius
608 3537 666 3603 IV
682 3559 773 3619 uuna
794 3538 976 3623 [Waltero]
1002 3538 1143 3621 episcopo
1173 3543 1201 3602 ct
1231 3538 1309 3602 otiis
1333 3539 1493 3618 praelatis
1522 3542 1552 3602 ct
1579 3538 1700 3602 curicis
1728 3538 1867 3601 ciuitatis
1895 3543 1923 3599 et

264 3638 394 3703 diocesis
419 3639 649 3722 Wiporniensis
678 3641 832 3724 indulpct,
860 3661 901 3705 ne
925 3641 1160 3721 rnueirrdioiurn
1184 3640 1312 3726 futuris
1340 3640 1529 3724 temporibus
1555 3640 1598 3704 iis
1624 3661 1663 3704 on
1689 3660 1724 3703 co
1748 3644 1922 3722 persuetus,

266 3741 349 3822 quod
368 3741 413 3804 od
433 3742 608 3807 subsidium
622 3744 838 3827 Anpticnnurn
860 3749 888 3808 ct
911 3748 1045 3828 ternpore
1062 3744 1211 3827 Greporii
1227 3743 1281 3808 IX
1298 3764 1404 3827 papae
1426 3748 1456 3806 et
1476 3762 1579 3826 nuper
1596 3763 1656 3826 per
1671 3742 1923 3807 distributionem

266 3866 288 3909 a
301 3845 452 3928 mapntro
466 3844 614 3911 Martiae
635 3847 745 3913 clerico
766 3868 908 3913 camerae
931 3849 1117 3932 apostolieae
1132 3847 1251 3928 sutum
1261 3846 1339 3930 pius
1354 3867 1449 3928 quarn
1465 3846 1550 3911 altae
1564 3845 1708 3910 amnena
1722 3846 1922 3910 contulerint.

1560 3951 1654 4026 1246,
1676 3947 1762 4016 Mai.
1780 3951 1832 4014 18.

370 4032 435 4088 Iun
451 4034 501 4088 IV
515 4035 577 4105 Rea.
593 4035 650 4094 Vol.
663 4037 689 4105 1,
707 4043 774 4105 2845
792 4035 851 4091 Int.
865 4035 926 4104 111,
943 4042 998 4092 623.

371 4120 473 4191 Bcrqer
490 4128 560 4178 1862.

398 4357 437 4376 ..
468 4301 685 4395 episcopo
715 4299 1038 4395 Wigorniensi,
1066 4302 1328 4390 abbatibuS,
1357 4299 1594 4392 prioribus
1622 4305 1664 4374 et
1690 4299 1795 4374 aliis

319 4422 617 4498 ecelesiarum
645 4424 837 4517 prelatis
865 4429 907 4498 et
935 4422 1116 4497 clericis
1143 4444 1222 4515 per
1249 4422 1483 4497 civilatem
1510 4421 1873 4514 wigorniensem

799 4549 841 4618 et
868 4545 1084 4619 diocesim
1110 4543 1392 4619 constitutis,

375 4693 415 4758 In
449 4693 651 4759 exhibitione
686 4694 824 4759 subsidii
858 4694 935 4758 olim
963 4714 983 4756 a
1012 4694 1149 4780 prelatis
1182 4699 1216 4758 et
1249 4691 1379 4758 clericis
1402 4692 1524 4777 Anglie
1554 4712 1614 4778 per
1647 4691 1734 4756 bone
1768 4693 1925 4756 memorie

268 4798 465 4884 Gregorium
489 4818 608 4884 papam
631 4796 901 4882 predecessorem
925 4804 1071 4862 nostrum
1094 4819 1153 4883 pro
1177 4795 1357 4883 apostolice
1381 4794 1468 4859 sedis
1491 4795 1745 4860 necessitatibus
1767 4795 1925 4880 postulati

269 4901 468 4967 contributio
507 4922 572 4966 non
607 4905 674 4966 tam
709 4922 768 4988 pro
805 4902 1019 4968 ecclesiarum
1058 4900 1271 4967 facultatibus
1306 4920 1404 4986 quam
1442 4898 1622 4965 seeundum
1658 4899 1814 4964 affectum
1849 4920 1924 4964 eon-

373 5159 398 5227 ⁵)
416 5164 509 5226 Hesion
521 5161 554 5214 B.
642 5159 668 5227 b)
688 5162 725 5214 ua
742 5179 847 5228 apocr-,¹
865 5163 934 5214 aaa·
952 5179 1048 5229 urgens
1065 5161 1193 5214 unitim.
1264 5158 1288 5225 ⁰)
1307 5166 1352 5211 tua
1370 5159 1440 5211 deest
1458 5175 1548 5225 opopa.

375 5299 400 5367 l)
427 5297 495 5352 Crem
517 5315 543 5352 a.
564 5304 638 5365 1246,
665 5297 718 5351 Iul.
747 5296 891 5365 munior
915 5296 1075 5350 conteram
1103 5295 1135 5349 dc
1161 5295 1237 5349 werre
1260 5300 1285 5348 ct
1310 5293 1417 5348 runos
1441 5293 1499 5348 cuis
1524 5292 1562 5347 ud
1586 5294 1725 5364 maenum
1750 5294 1928 5363 munichus

270 5384 413 5452 inoatirct,
440 5381 533 5452 Men,
560 5400 593 5438 uc
609 5383 786 5453 permitur
812 5398 902 5438 wram
922 5399 951 5436 se
972 5388 1143 5451 compareret,
1168 5380 1313 5448 resumeret,
1344 5379 1489 5434 ‘candens
1508 5379 1586 5447 fidon
1603 5396 1705 5450 nunu
1725 5386 1749 5435 et
1770 5379 1929 5434 decubasse

268 5471 408 5537 sinoerarn
426 5486 509 5538 nean
525 5485 557 5524 ea
573 5474 597 5524 et
615 5474 787 5525 cutmen
803 5467 848 5522 aa
865 5467 914 5521 sibi
931 5473 955 5523 et
962 5468 1178 5538 meamne
1189 5467 1247 5522 suis
1258 5466 1455 5533 MMW3
1471 5465 1764 5534 Hubert-Buduntini,
1784 5466 1802 5520 l.
1814 5482 1837 5520 c.
1850 5471 1869 5519 t.
1881 5465 1927 5533 VI,

265 5561 367 5624 aaut.
398 5554 440 5622 Os.
458 5555 644 5624 Bactrum.
725 5555 753 5622 2)
771 5553 959 5622 arsames,
977 5554 1186 5632 Imitnnpu
1207 5568 1268 5611 aeus
1287 5568 1346 5607 uuo
1365 5551 1706 5631 fitiadrnnbtl'cornitis
1725 5550 1929 5617 dalnsmsti

271 5639 348 5698 mdo
364 5639 541 5715 ditpoemcitf
558 5641 747 5717 Respectus&
763 5640 796 5716 cs.
814 5639 895 5702 ctiam
912 5647 983 5705 1441Ἰ
