4752 6338
827 395 1031 454 EPISTOLAE
1050 399 1243 454 SELECTAE.
1280 401 1356 456 1249.

1051 783 1137 856 746.

369 887 587 980 Innocentius
607 917 664 982 IV
673 939 762 1003 popa
785 921 942 984 norioersis
961 941 1018 1001 par
1041 921 1232 988 Sardiniam
1254 925 1431 988 constitutis
1457 927 1602 1005 mandat,
1632 931 1667 990 nt
1692 927 1783 992 alecto
1808 926 1919 991 anri·

264 1024 348 1096 tann,
370 1018 557 1098 apostolieae
578 1020 661 1086 sedis
682 1023 791 1105 tapeto,
813 1026 965 1104 tanqnam
986 1026 1099 1090 rectori
1120 1045 1177 1090 sno
1198 1026 1359 1091 humiliter
1380 1028 1557 1094 intendant.
1606 1031 1698 1108 1249,
1714 1029 1788 1094 Iun.
1802 1032 1853 1094 10.

369 1137 435 1190 rna.
448 1137 496 1190 rr
513 1137 578 1206 neq.
598 1138 657 1193 no.
674 1139 725 1208 rr,
740 1141 761 1206 f-
776 1147 812 1208 n,
830 1157 888 1197 aa.
905 1161 934 1197 a.
949 1150 989 1199 n.

368 1221 495 1292 Ροωιαει,
515 1223 578 1292 Ra.
591 1231 683 1290 137415
700 1227 799 1296 Bana
816 1235 890 1284 caco.

631 1423 868 1497 Universis
895 1447 974 1516 per
1000 1426 1249 1500 Sardiniam
1277 1429 1554 1503 constitutis

374 1568 478 1634 Oum·
500 1570 620 1634 dileeto
643 1570 708 1635 tilio
725 1622 753 1638 ..
771 1574 876 1638 eleeto
893 1573 1079 1653 Turritano,
1103 1575 1283 1659 apostolice
1308 1576 1396 1641 sedis
1420 1579 1541 1662 legato,
1564 1579 1605 1644 de
1630 1581 1721 1645 euius
1746 1580 1919 1666 prudentia

265 1679 299 1738 et
326 1674 494 1737 fidelitatis
524 1676 709 1740 constantia
740 1683 808 1740 tum
839 1699 882 1741 ex
910 1677 1130 1743 familiaritate
1161 1679 1294 1765 antiqua
1324 1686 1393 1744 tum
1422 1702 1465 1745 ex
1493 1682 1698 1767 experientia
1730 1684 1763 1746 iu
1792 1683 1919 1767 magnis

265 1777 406 1861 negotiis
421 1776 570 1842 Romane
595 1780 735 1843 ecelesia
759 1780 941 1865 approbata
963 1783 1107 1865 gerimus
1131 1783 1164 1846 iu
1179 1782 1321 1848 Domino
1344 1783 1496 1849 fiduciam
1518 1785 1709 1870 pleniorem,
1734 1785 1918 1851 Sardiniam

267 1880 308 1945 ad
331 1879 515 1945 Romanam
542 1883 714 1947 eeclesiam
741 1884 962 1968 pertinentem
989 1883 1031 1948 de
1059 1886 1196 1950 fratrum
1225 1893 1411 1951 nostrorum
1443 1888 1578 1952 consilio
1609 1887 1801 1954 duxerimus
1830 1911 1917 1954 eom-

191 2005 215 2042 ιο
267 1983 474 2048 mittendam:
497 1985 702 2050 universitati
718 1992 826 2052 vestre
842 1987 979 2062 firmiter
994 1987 1204 2073 precipiendo
1227 1990 1429 2066 mandamus,
1454 1991 1606 2076 quatinus
1624 1991 1730 2057 eidem
1752 1997 1918 2077 tamquam

266 2088 386 2152 rectori
415 2094 526 2152 vestro
559 2089 736 2153 intendatis
773 2097 806 2154 et
837 2089 1000 2155 obediatis
1035 2090 1202 2156 humiliter
1235 2098 1268 2157 et
1298 2093 1427 2161 devote.
1476 2094 1633 2179 Alioquin
1662 2096 1856 2160 sententiam
1885 2101 1919 2158 et

265 2211 395 2276 penam,
421 2189 515 2277 [quas
538 2191 660 2279 idem]b
684 2193 897 2279 spiritualiter
920 2200 954 2259 et
975 2195 1200 2281 temporaliter
1224 2202 1286 2263 ete.

373 2311 449 2377 Dat.
472 2321 510 2378 ut
531 2325 660 2401 supra⁰.

887 2543 1299 2553 ——-——-———-—-—-.

1054 2868 1140 2942 747.

369 2983 588 3076 Innocentius
610 3010 635 3074 I
638 3008 669 3073 V
680 3030 771 3091 papo
792 3010 906 3076 nedem
927 3010 1073 3088 mandat,
1103 3014 1138 3073 nt
1166 3010 1258 3076 eleeto
1282 3009 1457 3074 ancitaao
1485 3013 1637 3091 tanquam
1667 3008 1780 3074 reone
1809 3029 1866 3074 suo
1891 3013 1921 3074 et

191 3133 214 3170 a
266 3115 366 3196 tapeto
386 3114 423 3177 in
444 3112 666 3194 spiritualibus
688 3117 717 3178 et
738 3113 960 3194 temporalibus
983 3113 1143 3178 lumiliter
1167 3113 1347 3192 intendant,
1376 3113 1507 3181 selenas
1528 3133 1560 3178 se
1582 3133 1686 3178 annas
1713 3113 1920 3178 anassiaas

265 3216 355 3298 apnd
374 3237 425 3282 eos
445 3235 543 3298 usqne
563 3215 607 3281 ad
628 3215 853 3296 beneplacitam
874 3217 1077 3300 apostolicum
1095 3216 1202 3302 factem
1222 3236 1375 3283 revocare.
1573 3219 1666 3295 1249,
1688 3216 1765 3283 Inn.
1781 3220 1834 3283 10.

369 3337 436 3391 Inn.
451 3335 499 3389 IV
513 3334 577 3403 Ray.
596 3333 656 3389 Lm.
672 3333 720 3402 Π
736 3335 757 3400 f.
773 3342 810 3404 75,
827 3350 882 3389 cnr.
901 3352 929 3389 n.
941 3342 982 3390 82.

370 3423 503 3492 Pontia,
523 3421 587 3492 Ray.
600 3427 693 3489 137415
710 3421 806 3490 Beryae
823 3428 899 3476 4744.

632 3616 862 3692 Universis
889 3639 967 3710 per
993 3617 1246 3692 Sardiniam
1273 3617 1551 3692 constitutis,

188 3793 214 3832 20
376 3767 458 3831 Cum
483 3767 604 3832 dilecto
631 3768 697 3831 filio
721 3815 754 3833 ..
777 3767 882 3833 eleeto
906 3766 1095 3848 (turritano,
1125 3768 1305 3854 apostoliea
1336 3767 1426 3832 aedis
1454 3767 1578 3852 legato,
1611 3787 1707 3852 quem
1737 3765 1778 3830 ad
1807 3772 1918 3852 partes

267 3879 393 3937 vestras
423 3893 482 3958 pro
514 3871 597 3936 bono
630 3892 743 3936 aarum
773 3877 862 3936 statu
892 3878 926 3936 at
954 3879 1063 3938 vestro
1095 3893 1133 3936 ae
1166 3871 1306 3936 ecelesia
1337 3871 1484 3956 negotio,
1519 3871 1693 3936 commisso
1724 3869 1786 3934 sibi
1820 3871 1918 3956 plene

266 3973 442 4059 legationis
471 3975 594 4056 officio,
624 3973 861 4054 destinamus⁶‚
893 3974 1077 4040 Sardiniam
1107 3975 1147 4040 de
1176 3976 1311 4040 fratrum
1338 3981 1525 4039 nostrorum
1548 3973 1686 4039 consilio
1710 3973 1920 4038 duxerimus⁹

267 4077 547 4158 committendam,
582 4100 695 4144 omues
733 4079 964 4144 eoncessiones
995 4079 1256 4166 quibuscumque
1291 4080 1440 4165 personis
1474 4079 1516 4143 ab
1551 4077 1729 4164 apostoliea
1762 4075 1841 4140 sede
1877 4073 1919 4140 da

267 4182 469 4261 civitatibus,
499 4183 615 4246 eastris
644 4188 700 4246 aut
728 4182 823 4246 terris
853 4203 912 4246 seu
939 4182 1010 4246 aliis
1037 4184 1136 4248 rebus
1164 4204 1268 4268 usque
1298 4182 1339 4247 ad
1367 4188 1512 4247 nostrum
1542 4181 1785 4266 beneplacitum
1813 4180 1918 4244 factas

191 4311 202 4350 s
268 4285 400 4371 penitus
432 4285 662 4350 revocantes1:
702 4285 949 4350 universitatem
977 4292 1119 4349 vestram
1150 4305 1302 4370 rogamus
1338 4290 1371 4349 et
1407 4305 1577 4350 monemus
1611 4273 1749 4362 attente,
1783 4283 1920 4348 firmiter

267 4389 479 4474 precipiendo
507 4387 716 4468 mandantes,
754 4389 906 4473 quatinus
940 4387 1047 4454 eidem
1078 4390 1185 4454 eleeto
1215 4395 1369 4474 tanquam
1397 4394 1507 4453 vestro
1538 4389 1656 4452 rectori
1686 4393 1720 4452 et
1747 4388 1857 4473 legato
1886 4388 1919 4450 iu

267 4493 493 4578 spiritualibus
516 4501 550 4558 et
571 4493 806 4579 temporalibus
830 4493 1006 4556 intendatis
1029 4498 1063 4557 et
1085 4491 1247 4557 obediatis
1272 4491 1440 4556 humiliter
1463 4498 1496 4557 et
1518 4491 1649 4572 devote,
1681 4490 1917 4577 respondentes

268 4597 298 4661 ei
321 4597 469 4682 plenarie
492 4596 533 4662 de
557 4597 708 4661 omnibus
731 4595 857 4660 iuribus
882 4603 914 4661 et
936 4596 1214 4661 iurisdictionibus
1238 4595 1386 4675 anellis,
1416 4615 1478 4679 que
1503 4594 1544 4659 ad
1567 4594 1779 4681 apostolicam
1806 4595 1917 4660 sedem

268 4707 427 4786 spectant.
472 4699 627 4786 Alioquin
652 4702 859 4781 senteutiam,
883 4721 980 4785 quam
1003 4700 1089 4774 idem
1113 4699 1175 4764 rite
1199 4697 1283 4765 etet.

375 4821 416 4886 In
438 4821 579 4887 eundem
602 4821 733 4887 modum
755 4821 916 4887 universis
938 4843 1000 4908 per
1023 4819 1200 4886 Corsicam.

372 5116 396 5184 ¹)
415 5120 449 5184 cf.
468 5135 494 5169 n.
506 5122 554 5170 681
566 5117 634 5169 XII.
738 5115 764 5184 b)
783 5133 847 5184 quas
865 5117 932 5169 idem
950 5115 1018 5168 deest
1031 5115 1063 5168 R.
1168 5113 1193 5181 θ)
1211 5114 1337 5166 anaceto
1353 5131 1379 5166 n.
1395 5118 1442 5166 745
1456 5113 1518 5163 VII.
1548 5112 1641 5166 Deacse
1659 5112 1777 5164 ridentia
1794 5111 1872 5163 uerba
1888 5113 1919 5162 In
2013 5123 2018 5136 ’

268 5205 379 5257 eundem
397 5205 500 5256 modum
518 5204 646 5256 universis
663 5221 708 5270 per
719 5205 860 5268 Corsicam
879 5205 913 5270 es.
925 5221 951 5254 n.
967 5207 1019 5255 747.
1117 5199 1143 5265 ἃ)
1160 5202 1317 5253 destinemus
1330 5200 1362 5252 lt.
1459 5197 1483 5265 ο)
1501 5201 1555 5252 dux
1567 5199 1600 5252 B.
1696 5196 1717 5264 s)
1735 5207 1763 5249 ut
1780 5198 1807 5249 in
1818 5215 1843 5250 n.
1859 5202 1920 5256 740,-

268 5291 344 5343 etiam
360 5291 439 5342 verta
456 5293 514 5342 Dat.
533 5297 563 5344 ut
579 5307 659 5359 supra
674 5289 820 5356 anaplanda
838 5307 891 5342 aare
909 5297 1026 5356 apparet.
1055 5287 1188 5342 tamenn
1204 5305 1231 5340 n.
1246 5292 1293 5340 tao
1302 5285 1336 5340 Χ.

374 5445 400 5508 1)
419 5443 458 5511 ΟΥ.
477 5462 506 5500 n.
521 5449 575 5500 738.

372 5762 438 5816 Rue.
452 5761 536 5816 Pom.
549 5761 584 5816 II.
