4790 6340
875 373 1073 440 nrrsnomn
1091 373 1284 441 annueris.
1320 373 1395 440 1247.
1897 379 1958 452 325

317 555 394 626 tiam
418 577 550 648 operam
575 555 758 642 efficacem,
781 559 828 626 ita
850 561 937 646 quod
960 559 1211 626 sollicitudinem
1234 567 1323 625 tuam
1347 561 1483 646 proinde
1507 555 1614 646 dignis
1636 560 1669 626 in
1692 557 1832 626 Domino
1857 560 1960 625 laudi·

317 666 379 730 bus
404 663 677 731 commendemus.

421 785 497 852 Dat.
520 785 683 870 Lugduni,
699 785 748 848 VI
771 785 850 850 Idus
872 785 904 850 N
906 807 956 852 ov.
979 807 1064 851 anno
1080 787 1137 852 V⁰.

421 907 460 972 In
483 907 621 974 eundem
643 907 712 972 sere
741 906 872 971 modum
903 908 1067 972 carissimo
1102 907 1135 970 in
1170 905 1300 971 Christo
1335 906 1402 972 filio
1435 913 1546 972 nostro
1567 906 1622 973 W.
1647 908 1717 993 regi
1739 905 1960 971 Romanorum

242 1041 254 1078 s
319 1010 449 1077 illustri.

1091 1397 1180 1469 451.

422 1511 640 1604 Innocentius
658 1535 715 1601 IV
732 1557 822 1622 papa
843 1535 1013 1621 [Gatyanc
1034 1536 1092 1621 II]
1113 1537 1205 1601 electo
1226 1535 1414 1600 Valterrano
1439 1554 1501 1612 ecs,
1525 1537 1580 1618 qni
1607 1535 1644 1600 dc
1663 1535 1809 1618 partibas
1833 1535 1962 1600 Tusciae

317 1641 516 1726 Under-icc]
544 1640 700 1722 qnondam
733 1641 913 1722 imperatori
948 1640 1145 1704 adhaerenda
1177 1640 1433 1705 excommunicati
1463 1639 1506 1702 ad
1538 1641 1694 1704 ecclesiam
1725 1639 1827 1704 redire
1857 1639 1961 1716 velint,

318 1745 460 1809 cantione
481 1748 603 1824 recepta
626 1743 818 1823 absolvendi,
841 1743 957 1808 devotis
979 1745 1102 1808 neniam
1122 1744 1279 1826 laryicndi
1300 1749 1330 1806 et
1355 1745 1627 1808 excommnnicatis
1652 1742 1911 1819 camncnnicancii,
1933 1742 1962 1804 si

318 1867 437 1912 necesse
456 1847 563 1928 faerit,
581 1845 768 1932 sancitatem
790 1847 934 1912 concedit.
1605 1850 1697 1925 1247,
1720 1847 1799 1914 Noc.
1823 1849 1875 1912 12.

241 1985 267 2022 ro
422 1967 486 2020 Inna.
499 1963 547 2020 IV
561 1965 626 2035 na.
644 1966 699 2022 Vol.
711 1966 735 2034 I,
747 1973 812 2032 55ae
829 1965 889 2022 Iac.
906 1966 1004 2034 V,cnn.
1017 1974 1039 2020 9.

421 2054 517 2121 Beroe
534 2059 607 2108 405⁸·
736 2055 743 2066 '

877 2219 885 2235 .
915 2219 924 2236 .
954 2164 1100 2238 electo
1128 2163 1406 2239 vulterana.

423 2315 501 2381 Sodi
524 2315 718 2403 apostolice,
742 2335 804 2399 que
829 2311 1031 2400 [unicuique.
1062 2311 1183 2400 quedl·
1205 2335 1298 2378 suum
1323 2321 1390 2395 est,
1414 2313 1551 2379 exibens
1574 2335 1638 2378 non
1662 2311 1782 2378 claudit
1804 2313 1961 2398 gremium

320 2420 362 2485 ad
391 2439 462 2484 eam
492 2418 598 2484 redire
628 2418 830 2499 volentibus,
865 2424 998 2482 auctore
1026 2417 1167 2482 Domino
1198 2417 1277 2482 licet
1303 2417 1444 2483 inmeriti
1477 2416 1695 2504 presidentes,
1718 2416 1883 2481 devotioni
1906 2424 1961 2481 tue

243 2553 267 2590 1⁵
320 2524 521 2608 presentium
553 2523 746 2588 auctoritate
779 2520 997 2596 concedimus,
1032 2527 1069 2585 ut
1105 2522 1192 2602 illos,
1231 2525 1286 2606 qui
1319 2520 1359 2585 de
1394 2522 1541 2607 partibus
1565 2521 1682 2586 Tuscia
1716 2519 1903 2586 adherendo
1930 2526 1963 2584 et

319 2627 459 2692 favendo
488 2625 526 2691 F.
550 2624 712 2713 quondam
746 2625 934 2710 imperatori
969 2631 1080 2688 contra
1107 2625 1279 2689 ecclesiam
1314 2625 1658 2689 excommunicationis
1688 2625 1885 2689 sententiam
1912 2626 1961 2688 in-

319 2736 500 2810 currerunt,
522 2729 669 2794 volentes
692 2728 807 2793 relicto
830 2749 869 2793 eo
893 2728 1115 2793 edacitatem
1140 2728 1280 2793 ecclesie
1304 2750 1377 2793 cum
1400 2729 1583 2794 humilitate
1607 2727 1732 2810 redire,
1755 2729 1797 2793 ab
1819 2729 1899 2814 ipsis
1921 2729 1962 2793 de

319 2856 383 2899 non
406 2832 593 2899 adherendo
615 2834 670 2898 vel
696 2831 837 2897 favendo
866 2831 953 2897 dicto
982 2831 1021 2898 F.
1043 2830 1083 2896 de
1108 2838 1216 2897 cetero
1244 2831 1418 2897 sufficienti
1447 2838 1481 2897 et
1510 2832 1628 2897 idonea
1650 2833 1799 2898 cautione
1820 2839 1963 2918 recepta,

319 2938 425 3024 possis
460 2937 501 3002 ah
535 2938 608 3023 ipsa
634 2937 796 3002 sententia
829 2936 921 3000 iuxta
942 2934 1080 2999 formam
1103 2934 1244 3001 ecclesie
1268 2935 1438 3000 absolvere
1462 2935 1534 3001 rice
1558 2944 1685 3018 nostra,
1716 2935 1859 3000 iniuncto
1882 2936 1963 3022 ipsis

242 3067 268 3106 so
320 3041 406 3127 quod
429 3041 608 3106 secundum
623 3040 731 3106 Deum
754 3037 874 3103 videris
897 3036 1143 3122 iniungendum.
1187 3037 1233 3102 Ut
1256 3046 1366 3103 sutem
1383 3038 1580 3104 adherentes
1603 3060 1642 3103 ac
1658 3039 1807 3104 faventes
1823 3039 1963 3104 ecclesie

320 3151 433 3209 contra
465 3144 503 3209 F.
533 3143 673 3208 eundem
702 3142 842 3207 fructum
879 3143 1009 3226 assequi
1042 3142 1190 3221 valeant,
1225 3143 1279 3226 qui
1308 3143 1497 3228 conperit,
1520 3141 1964 3228 eademauctoritateipsis,

319 3255 415 3335 prout
438 3247 595 3335 expedire
619 3246 749 3328 videris,
772 3267 902 3310 suorum
927 3252 1130 3331 peccatorum
1148 3246 1287 3326 veniam,
1312 3244 1352 3310 de
1376 3246 1492 3331 quihus
1515 3268 1592 3311 vere
1617 3248 1745 3311 contriti
1768 3253 1802 3311 ct
1824 3246 1965 3311 confessi

319 3352 451 3429 luerint,
475 3351 635 3436 largiaris.
680 3345 787 3436 Super
810 3371 850 3414 eo
874 3371 950 3414 vero
974 3349 1071 3434 quod,
1093 3350 1178 3413 siout
1196 3349 1326 3428 asseris,
1345 3350 1642 3415 excommunicatos
1659 3351 1761 3416 vitare
1777 3371 1842 3414 non
1858 3355 1963 3434 potes,

320 3456 380 3520 tihi
402 3455 629 3540 relinquimus,
665 3460 702 3518 ut
734 3475 793 3540 pro
824 3453 965 3517 ecclesie
995 3453 1135 3518 utilitate
1162 3453 1241 3539 ipsis
1265 3455 1503 3517 communicare
1527 3454 1653 3534 valeas,
1676 3455 1722 3518 ita
1744 3453 1798 3517 ntb
1821 3473 1881 3538 per
1903 3451 1964 3515 hoc

244 3581 269 3620 n
322 3558 458 3623 alicuius
481 3557 825 3636 excommunicationis
849 3558 1046 3623 sententiam
1070 3578 1135 3621 non
1157 3558 1312 3621 incurras.

425 3678 501 3743 Dat.
524 3677 687 3764 Lugduni,
709 3676 744 3740 II
766 3677 815 3743 Id.
838 3676 1013 3742 Novembr.
1037 3698 1121 3742 anno
1137 3676 1217 3742 V⁰².

942 3954 1343 3963 ——-——-—-——-—-.-—-

1100 4201 1187 4277 452.

426 4317 644 4410 Innocentius
667 4343 723 4410 IV
740 4365 831 4430 papa
864 4341 1022 4430 [chricc
1043 4342 1123 4430 ΠΙ]
1150 4344 1241 4408 electo
1263 4339 1444 4420 Lcadiensi,
1468 4346 1502 4405 nt
1525 4340 1656 4406 liberine
1677 4343 1801 4426 necatio
1822 4343 1965 4408 ccclesiae

322 4450 359 4514 in
379 4449 579 4515 Alamannia
594 4452 745 4532 prosequi
761 4452 877 4531 possit,
900 4449 1047 4540 indulcat,
1069 4453 1105 4514 nt
1125 4449 1235 4512 nnllns
1256 4469 1325 4512 cnm
1353 4447 1396 4511 ad
1417 4444 1647 4530 suscipiendam
1669 4446 1805 4528 aliquem
1827 4447 1966 4511 ordinem

323 4573 447 4620 samam
468 4556 536 4620 aine
557 4555 706 4620 nsandata
725 4557 890 4637 apostoliea
912 4575 1014 4637 cancre
1025 4554 1137 4634 possit.
1609 4551 1703 4628 1247,
1724 4549 1803 4616 Noc.
1828 4551 1878 4614 15.

247 4689 273 4730 n
427 4675 490 4729 Inn.
503 4672 552 4729 IV
566 4675 630 4746 lna.
648 4677 823 4744 Vot.1,489;
841 4675 899 4730 Iao.
919 4675 951 4743 V,
963 4682 1020 4730 410.

426 4761 523 4831 Beryer
540 4769 613 4819 3460.

898 4948 907 4965 .
937 4948 946 4966 .
975 4892 1116 4964 electo
1144 4889 1391 4964 Leodiensi.

426 5042 564 5107 Attente
585 5039 671 5105 sedis
695 5041 874 5127 apostolice
897 5040 1148 5127 circumspectio
1177 5059 1320 5124 congrue
1348 5045 1531 5124 temporum
1554 5035 1642 5100 vices
1665 5056 1808 5120 pensans
1832 5033 1965 5120 quibus-

323 5143 397 5210 dam
432 5145 594 5211 interdum
628 5145 799 5210 concedit⁰
829 5146 940 5231 aliqua
974 5166 1016 5210 ex
1051 5143 1251 5230 plenitudine
1282 5142 1468 5229 potestatis,
1504 5160 1567 5225 que
1602 5139 1683 5202 alias
1720 5139 1798 5224 ipsis
1835 5139 1966 5203 minime

248 5387 273 5427 to
429 5370 452 5436 Ι)
471 5374 619 5442 unicuique,
637 5373 706 5440 quod
724 5373 791 5424 deest
809 5371 841 5422 Il.
945 5369 971 5438 b)
989 5380 1020 5424 ut
1037 5371 1104 5424 decet
1122 5371 1153 5422 Il.
1257 5369 1281 5437 ⁸)
1299 5369 1421 5422 concedat
1437 5365 1485 5430 B.,·
1502 5367 1537 5433 cf.
1554 5384 1580 5418 n.
1601 5371 1656 5419 471.

426 5491 452 5558 1)
471 5490 514 5544 De
534 5489 622 5545 'eaden
648 5490 681 5556 cf.
701 5490 797 5559 aanor
813 5496 878 5545 aesc
895 5495 918 5543 a
935 5497 1007 5546 asso.
1119 5491 1148 5559 a)
1167 5477 1225 5544 aaa
1242 5488 1311 5544 Nae.
1329 5495 1364 5542 20
1385 5501 1462 5555 papa
1482 5483 1703 5554 accuratam
1726 5481 1884 5536 manica
1900 5479 1967 5534 iam

321 5577 379 5643 scre
393 5575 542 5641 cundwin
562 5576 665 5646 Beroen
680 5583 761 5644 34745
779 5576 909 5644 Pctthast,
928 5577 990 5646 Rea.
1005 5585 1112 5633 12769c.
1149 5576 1210 5632 Hac
1226 5594 1264 5646 cp.
1281 5575 1404 5644 inanimis
1421 5573 1457 5626 cd
1478 5587 1519 5625 nes
1534 5570 1647 5625 aaran
1662 5569 1839 5624 Florentinae
1855 5573 1967 5637 accam

322 5662 453 5734 ndcnnr,
471 5679 504 5718 aa
521 5681 576 5733 qna
590 5679 657 5732 pars
677 5663 835 5730 Gncelfcrnns
852 5681 878 5719 a.
898 5669 972 5732 1248,
991 5663 1068 5720 Febr.
1088 5671 1103 5718 2
1121 5665 1203 5718 eiecta
1220 5669 1271 5730 cst5
1288 5664 1320 5731 a‘.
1340 5657 1568 5726 Banna-Fater,
1588 5659 1604 5711 l.
1622 5674 1642 5711 c.
1662 5663 1726 5712 3665
1743 5661 1765 5710 ct
1782 5663 1854 5712 36P2.
