4328 6232
265 363 306 423 64
824 352 871 406 EX
891 350 1107 407 lnneennr'ss
1127 350 1164 404 lV
1184 349 1363 406 REGlS'l'RO

267 533 408 595 rnnxime
438 553 510 595 cum
544 530 680 594 multum
712 529 845 592 honoris
875 533 908 592 et
937 524 1065 590 eomodi
1099 525 1204 610 possit
1235 524 1343 589 eidem
1373 526 1510 590 ecclesie
1541 546 1599 611 per
1626 524 1787 590 industrie
1811 535 1919 592 vestre

264 636 434 700 consilium
458 634 640 721 provenire.
680 630 761 696 Oum
786 633 895 717 itaque
919 651 977 694 nos
1000 628 1040 693 de
1065 630 1208 714 ipsorum
1230 628 1364 693 fratrum
1385 629 1521 693 consilio
1538 630 1712 693 concilium
1728 628 1920 696 duxerimus

264 738 503 812 advocandum,
542 736 688 823 proximo
726 736 811 801 festo
850 736 937 799 beati
966 732 1121 797 Iohannis
1153 733 1302 818 Baptista
1339 753 1438 819 super
1471 732 1532 797 hoe
1566 733 1704 798 termino
1739 734 1919 820 assignato,

264 842 460 906 fraternitati
485 850 540 905 tue
564 840 765 926 presentium
788 839 982 902 auctoritate
1006 835 1209 916 mandamus,
1233 837 1386 921 quatinus
1408 843 1441 901 te
1466 836 1506 900 ad
1529 838 1594 902 iter
1616 844 1759 901 nostram
1776 836 1920 902 adeundi

264 947 464 1031 presentiam
495 965 671 1030 preparare
704 942 853 1023 studeas,
885 949 920 1005 ut
950 942 977 1005 si
1000 940 1085 1005 ferte
1109 942 1154 1005 ita
1178 942 1258 1021 cito,
1289 942 1375 1006 sicut
1397 943 1429 1005 in
1454 941 1615 1007 desiderio
1639 947 1748 1007 nostro
1772 942 1920 1021 vortitur,

264 1050 376 1113 reoire
402 1070 465 1113 non
489 1047 606 1134 pessis,
631 1048 746 1111 saltem
769 1045 809 1111 ad
833 1066 892 1110 nos
915 1044 989 1109 Dec
1013 1043 1095 1109 duce
1120 1044 1153 1108 in
1177 1045 1316 1109 termino
1340 1048 1514 1132 pervenias
1537 1052 1728 1112 memorato.

372 1169 450 1234 Det.
472 1168 637 1254 Lugduni,
661 1167 695 1231 II
717 1165 794 1231 Kal.
818 1166 975 1232 Februar.
1000 1187 1085 1230 anno
1108 1161 1265 1231 secundo.

373 1291 412 1353 In
447 1290 586 1355 eundern
628 1289 759 1354 modum
796 1285 991 1375 Sltephanc]
1033 1287 1119 1351 tituli
1154 1286 1274 1352 Sancte
1308 1289 1413 1354 Maria
1448 1287 1685 1354 'transtiberim
1725 1288 1922 1375 presbytero

315 1415 321 1430 .
347 1394 353 1407 ·
415 1394 447 1433 ·ι

266 1393 573 1563 ealdlnIarileuudem
597 1498 728 1562 modum
751 1494 941 1584 Rlayneriel
968 1496 1088 1560 Sancte
1112 1496 1217 1561 Marie
1242 1497 1275 1560 in
1299 1495 1469 1561 nosnudin
1493 1497 1630 1562 diacono
1655 1496 1813 1562 cardinali
1823 1495 1846 1560 ².

376 1601 413 1664 In
438 1600 578 1666 cundem
601 1601 733 1666 modum
757 1597 924 1688 Rlieardo]
950 1600 1063 1665 Sancti
1087 1599 1209 1685 Angeli
1232 1600 1370 1666 diacono
1394 1599 1583 1667 cardinali³.

1062 2126 1123 2198 90.

371 2239 588 2330 Lairmenos
600 2266 624 2330 I
630 2265 657 2327 V
662 2287 751 2346 pmprn
766 2264 951 2348 [Gerunda]
965 2265 1072 2328 abbati
1094 2269 1122 2328 ct
1139 2265 1246 2344 priori
1261 2264 1372 2328 Sancti
1391 2263 1572 2328 Tirenlorici
1585 2268 1614 2326 et
1629 2263 1758 2345 Hispani
1773 2266 1923 2328 mirarica

267 2369 414 2433 lirinensi
435 2368 580 2445 recrearent,
604 2373 638 2431 nt
659 2368 855 2447 feodatarios·
877 2370 1020 2434 eeclesiae
1041 2369 1236 2445 Lentiensis,
1259 2369 1314 2449 qsri
1334 2367 1504 2451 [lieberto]
1526 2367 1676 2448 censeam,
1700 2390 1763 2451 pre
1784 2388 1819 2431 eo
1840 2368 1924 2449 qnod

264 2493 285 2534 n
302 2473 448 2556 principe
470 2473 731 2537 exeemrrrnnicnto
754 2473 875 2554 repulia
897 2492 961 2537 reon
984 2474 1143 2553 receperit,
1172 2472 1317 2553 liorrmpio
1335 2475 1502 2553 praestare
1524 2475 1679 2546 reenscnt,
1706 2470 1750 2533 ud
1770 2491 1808 2534 ea
1824 2492 1922 2552 prae·

266 2575 382 2639 succedo
403 2575 597 2656 ceropellant.
1572 2574 1665 2651 1245,
1688 2572 1762 2637 lan.
1779 2578 1833 2638 31.

371 2696 433 2749 Ima
447 2695 467 2747 Ι
470 2693 495 2747 V
512 2694 573 2763 Ray.
592 2694 646 2748 Vn.
662 2695 686 2761 I,
705 2703 766 2760 161;
783 2695 842 2750 Ine.
857 2695 897 2763 ΙΙ,
916 2703 971 2750 357.

371 2783 469 2850 Berper
481 2786 554 2834 1100.

423 3000 461 3017 ..
490 2945 646 3018 abbati
675 2951 717 3018 et
746 3001 784 3018 ..
814 2945 961 3036 priori
989 2945 1151 3018 Sancti
1178 2939 1484 3018 Theodoriei⁴
1513 2949 1555 3017 et
1582 2943 1772 3037 Hugoni

843 3067 1064 3140 canonico
1093 3066 1351 3140 Rernensi⁸.

375 3213 585 3279 Venerabilis
614 3216 713 3280 frater
744 3223 855 3280 noster
879 3264 911 3279 ..
937 3217 1110 3301 episeopus
1134 3215 1331 3280 Leodiensis
1362 3216 1394 3278 in
1426 3221 1538 3279 nestra
1561 3215 1731 3301 proposuit
1753 3217 1923 3302 presentia
1972 3256 1974 3261 π

267 3319 496 3400 constitutus⁵,
520 3320 605 3406 quod
630 3321 776 3385 nonnulli
800 3320 928 3385 nobiles
951 3319 1146 3385 Leodiensis
1163 3341 1199 3383 ae
1216 3320 1354 3383 aliarum
1371 3318 1547 3388 diocesum,
1571 3318 1764 3384 Leodiensis
1781 3319 1922 3385 ecclesie

267 3421 451 3503 feudatarii,
476 3425 684 3489 occasionem
706 3447 749 3488 ex
773 3447 812 3488 eo
836 3424 986 3487 frivolam
1010 3430 1227 3501 assumentes,
1253 3423 1336 3509 quod
1361 3423 1446 3488 idern
1471 3424 1682 3510 episeopusa
1705 3473 1712 3487 .
1732 3470 1740 3487 .
1764 3425 1923 3510 principe,

268 3547 325 3610 pro
350 3547 388 3590 ec
419 3526 506 3613 quod
535 3533 584 3592 est
609 3529 738 3593 vinculo
770 3529 1115 3592 excommunicationis
1138 3529 1307 3601 astrictus,
1341 3528 1479 3612 regalia,
1509 3528 1593 3591 sieut
1616 3548 1676 3593 nee
1699 3526 1827 3609 debuit,
1859 3548 1922 3591 nen

269 3631 406 3715 recepit,
445 3630 551 3696 eidem
589 3631 722 3696 obedire
751 3652 789 3694 ae
818 3630 929 3695 debita
960 3639 1107 3715 prestare
1138 3631 1289 3716 homagia
1319 3652 1377 3716 pro
1409 3652 1468 3694 sua
1495 3631 1661 3695 voluntate
1690 3637 1859 3711 recusant,
1891 3633 1923 3695 in

268 3731 369 3817 ipsius
397 3738 431 3797 et
459 3735 598 3798 ecclesie
628 3756 685 3798 sue
717 3755 780 3797 non
809 3733 968 3797 modicam
993 3735 1189 3807 lesionem⁶3
1220 3755 1320 3819 quare
1344 3733 1437 3797 nobis
1460 3733 1624 3798 humiliter
1646 3735 1858 3820 supplicavit,
1887 3742 1924 3799 ut
1973 3771 1974 3803 1

269 3834 440 3919 providere
472 3858 571 3923 super
597 3837 656 3901 hoc
685 3844 822 3922 paterna
852 3837 1069 3902 sollicitudine
1094 3859 1293 3903 curaremus.
1340 3837 1502 3902 Nolentcs
1526 3838 1625 3922 igitur
1647 3837 1749 3923 ipsius
1774 3839 1922 3926 episcopi

269 3939 432 4002 sustinere
462 3940 634 4019 iacturam,
667 3943 716 4004 eui
747 3941 864 4005 adesse
894 3943 1105 4026 proponimus
1136 3949 1168 4006 et
1193 3939 1363 4027 prodesse,
1395 3940 1600 4020 mandamus,
1633 3940 1786 4026 quatinus
1809 3963 1924 4007 omues

269 4038 467 4105 feodatarios
502 4043 697 4109 Leodiensis
737 4045 878 4109 ecclesie
913 4045 954 4108 ad
989 4045 1166 4131 prestanda
1204 4045 1311 4110 eidem
1354 4046 1509 4130 episeopo
1550 4054 1585 4109 ut
1621 4051 1775 4111 tenentur
1811 4046 1925 4112 debita

270 4143 423 4228 homagia
451 4155 484 4210 et
518 4148 583 4212 alia
618 4151 750 4232 servitia
785 4155 944 4213 consueta
975 4150 1153 4214 monitione
1187 4149 1346 4235 premissa
1377 4170 1436 4234 per
1464 4170 1636 4213 censuram
1668 4148 1924 4215 ecclesiasticam

270 4248 489 4332 appellatione
514 4254 692 4337 postposita
716 4253 930 4338 compellatis.
953 4291 992 4301 —
1010 4276 1073 4317 uon
1090 4254 1296 4318 obstantibus
1313 4252 1484 4339 privilegio
1502 4275 1561 4319 sen
1578 4253 1790 4338 indulgentia,
1815 4254 1924 4340 siqua
1972 4282 1974 4314 2

270 4373 380 4416 eorum
405 4355 582 4440 aliquibus,
606 4356 691 4442 quod
716 4358 990 4422 excommunicari
1016 4359 1068 4422 vel
1093 4364 1179 4421 terre
1203 4359 1348 4442 ipsorum
1372 4356 1519 4422 interdici
1544 4378 1608 4421 non
1633 4357 1778 4438 valeant,
1801 4378 1821 4421 a
1844 4356 1928 4423 sede

270 4458 450 4541 apostoliea
472 4461 514 4523 sit
537 4482 703 4525 concessa.
749 4459 846 4534 Quod
871 4461 897 4524 si
922 4482 984 4525 non
1009 4483 1121 4525 onmes
1146 4469 1208 4526 cte.

378 4578 453 4644 Dat.
477 4581 641 4668 Lugduni,
666 4582 700 4646 ΙΙ
726 4582 798 4647 Kal.
823 4583 919 4649 Febr.
943 4605 1028 4649 anno
1052 4582 1207 4648 secunde.

649 4743 757 4749 ——-..
773 4744 1023 4750 -......-.-..-.,-
1052 4745 1061 4748 -
1090 4742 1135 4748 ---
1154 4741 1373 4747 .-—----—-.-—
1544 4742 1816 4750 ——-—-———-

374 4840 397 4901 ⁸)
416 4842 584 4892 liemerrsibus
596 4841 628 4893 B.
648 4843 775 4904 neerrdnre,
796 4861 853 4894 enne
878 4862 944 4895 neore.
964 4845 992 4895 S.
1011 4843 1164 4894 Theoderici
1183 4843 1209 4892 in
1227 4842 1405 4893 andernensi
1423 4843 1498 4894 sitnm
1516 4862 1569 4895 rien
1582 4844 1679 4910 J'nerin
1701 4845 1729 4895 in
1747 4843 1808 4910 nep.
1829 4845 1925 4896 teman

271 4929 319 4991 lapi
338 4929 443 4979 ridetur.

377 5063 401 5121 lt
424 5062 457 5114 ln
480 5061 546 5116 e'rec
565 5063 667 5130 risorio,
689 5062 747 5115 ibid.
817 5065 844 5127 2)
868 5064 900 5115 ln
916 5064 1078 5131 prectrirnonio
1101 5065 1129 5116 in
1153 5063 1260 5130 Tristia,
1284 5063 1386 5117 ‹lirartn
1407 5063 1552 5131 Sqrolrtane
1569 5069 1592 5116 ct
1609 5064 1731 5118 ernerelrin
1750 5065 1926 5118 Aneorritnnn

272 5147 380 5213 rianio,
405 5147 479 5205 ibid:
501 5150 534 5215 es.
559 5149 638 5202 etiarn
659 5166 697 5216 qr.
716 5168 741 5203 n.
758 5158 834 5215 1244,
857 5150 922 5202 Irrrr.
935 5158 968 5202 ’28
987 5152 1015 5202 iu·
1034 5149 1168 5202 Additum.
1256 5152 1282 5215 3)
1306 5150 1340 5202 ln
1360 5150 1510 5218 Cecrnpnrnin
1533 5155 1558 5203 et
1583 5149 1722 5202 Maritima
1743 5149 1841 5217 meriti,
1864 5148 1925 5204 ibid.

271 5235 297 5298 t)
319 5233 366 5286 En
382 5239 443 5300 aar.
463 5235 510 5288 cir.
532 5235 646 5290 Rbeinra
722 5238 749 5293 int
769 5236 808 5300 Cf.
828 5253 854 5288 n.
868 5246 900 5290 aa
918 5242 941 5289 ct
961 5243 1001 5290 87.
1075 5240 1101 5303 li)
1123 5239 1247 5290 Atlnrncn
1264 5238 1313 5291 areb
1332 5245 1448 5304 (11215,
1470 5239 1536 5305 Apa
1549 5247 1562 5290 1
1576 5237 1752 5305 praeparariue,
1769 5235 1886 5292 decanus
1901 5243 1925 5292 n

271 5324 353 5372 tetnm
379 5321 529 5389 capitulum
552 5323 697 5377 Leorlicrese
728 5323 910 5391 irrqrernlrnern
939 5330 1112 5392 repererunt.
1147 5331 1177 5376 nt
1203 5324 1322 5377 adcelera
1352 5341 1417 5377 sicne
1443 5331 1538 5378 ceretro
1565 5323 1744 5393 Melpomene
1770 5323 1926 5379 minutim

274 5403 427 5459 Ftrndn‘nc
439 5407 594 5476 secer-enirn,
614 5425 683 5477 qnae
691 5414 751 5476 preat
764 5414 870 5463 nemum
881 5409 1021 5463 [munerun
1031 5410 1130 5463 sororia
1142 5427 1207 5463 sicce
1218 5410 1249 5462 in
1261 5409 1429 5476 Haerentem,
1443 5408 1554 5477 sardum
1564 5409 1679 5464 οωῖωὴι
1689 5424 1761 5477 Μ,
1772 5424 1843 5477 quae
1853 5414 1927 5465 tm

272 5490 442 5547 ‘descenderet
458 5493 490 5547 de
503 5495 583 5561 serula
600 5496 784 5564 irnpcrnteriee
795 5496 941 5563 elaritcrtr'a’,
958 5514 985 5551 ae
995 5497 1145 5551 intersereret
1157 5503 1180 5550 et
1189 5503 1375 5566 marauna
1386 5498 1500 5567 φιωοῃί
1511 5498 1633 5553 einim
1642 5492 1762 5563 aoid,
1780 5492 1927 5553 W

272 5575 418 5647 Britollcs,
436 5580 453 5632 l.
466 5597 488 5633 c.
506 5585 524 5634 t.
539 5580 586 5648 VI,
599 5598 628 5649 p.
644 5590 701 5637 269.
739 5581 793 5638 Sed
813 5582 884 5636 barre
908 5582 1044 5650 φίαοῑαυι
1060 5583 1168 5637 mnsam
1185 5600 1242 5637 non
1259 5599 1312 5637 cese
1329 5583 1482 5652 eperum
1504 5598 1567 5639 aaut
1581 5580 1642 5639 aa·
1655 5578 1841 5639 m
1854 5578 1929 5625 Ε
1968 5590 1974 5609 ’

271 5663 365 5731 toturn
385 5669 414 5717 nt
431 5664 469 5720 Η.
483 5665 516 5720 Β.
536 5666 639 5734 asmit,
655 5667 749 5722 Iaedii
764 5672 939 5724 wamma.
