4328 6232
768 358 817 413 EX
835 359 1054 415 INNOCENTII
1072 360 1110 413 lV
1129 358 1310 416 REGIS'I'RO

995 676 1083 749 713.

314 788 533 881 Inarimen
554 815 610 879 ra
625 836 715 896 pape
739 816 910 881 curruum
938 818 976 881 a
998 817 1117 882 nune
1142 819 1252 884 ererum
1278 820 1322 883 ea
1343 840 1452 900 prees
1477 819 1654 905 asanaa]
1680 820 1805 885 aaran
1832 820 1870 885 a

208 917 396 996 Srrcideloclt
417 917 527 981 nuntii
547 917 743 1003 [Wiltclnn']
765 919 847 1002 napis
870 920 1095 999 herroneorum,
1119 923 1287 988 meconium
1309 928 1463 1007 receptam
1484 925 1659 1005 condensat.

1529 1030 1623 1106 1249,
1646 1026 1733 1092 Mai.
1750 1033 1781 1092 6.

313 1105 377 1159 Inn.
390 1106 439 1159 IV
453 1106 518 1174 nep.
537 1105 597 1160 Lib.
613 1106 661 1174 VI,
679 1107 753 1175 w,
772 1124 800 1161 n.
812 1114 872 1162 502.
1408 1135 1410 1138 ·

311 1192 442 1261 romeu,
461 1193 637 1263 Rc9.13348;
655 1194 755 1263 Berpcr
772 1200 845 1248 4492.

382 1391 618 1465 Guillolmo
648 1391 700 1465 de
728 1390 902 1466 Lutirn¹
930 1390 1095 1466 clerico
1114 1391 1453 1466 Warmacieusis
1480 1392 1691 1466 diocesis,

316 1542 416 1608 Iustis
440 1542 622 1628 petentium
646 1541 821 1607 desideriis
845 1548 906 1606 otc.
931 1563 1047 1627 usque:
1080 1541 1257 1627 comploro.
1303 1542 1386 1606 Cum
1416 1542 1527 1627 igitur,
1557 1543 1642 1607 sient
1664 1543 1782 1628 petitio
1812 1551 1868 1607 tua

207 1646 302 1710 nobis
326 1646 474 1711 exhibita
497 1645 694 1726 continebat,
718 1645 829 1710 dilcoti
852 1645 910 1710 filii
933 1696 967 1712 ..
992 1646 1135 1710 decanus
1159 1652 1193 1710 et
1216 1646 1395 1732 capitulum
1420 1646 1561 1711 ecclesie
1583 1647 1689 1710 sancti
1706 1646 1866 1711 Germani

208 1748 372 1835 Spirensis
409 1756 441 1814 te
476 1751 509 1813 in
544 1770 658 1815 corum
697 1750 859 1837 ecclesia2
893 1771 1088 1835 quamquam
1127 1751 1160 1814 in
1199 1772 1239 1815 es
1276 1750 1365 1814 nulla
1402 1756 1477 1814 tunc
1514 1748 1686 1834 prebenda
1722 1757 1864 1827 vacaret,

206 1852 413 1938 recoperint·
435 1853 468 1916 in
492 1854 685 1917 canonicum
708 1858 742 1917 ot
764 1854 796 1917 iu
821 1854 970 1918 fratrem:
995 1874 1065 1934 nos,
1090 1853 1154 1918 tuis
1178 1875 1217 1917 ac
1240 1853 1352 1918 dilecti
1374 1853 1432 1916 filii
1455 1852 1491 1918 Ο.
1516 1852 1638 1916 domini
1661 1851 1704 1917 dc
1721 1850 1861 1916 Smidel·

206 1953 321 2019 velow
353 1956 459 2021 nuntii
492 1957 650 2021 carissimi
682 1958 715 2020 in
746 1956 878 2021 Christo
914 1956 972 2021 filii
1005 1957 1108 2021 nostri
1134 2006 1141 2020 .
1167 2006 1174 2020 .
1198 1957 1334 2022 illustris
1363 1958 1450 2042 rogis
1479 1957 1705 2021 Romanorum
1736 1954 1865 2021 devotis

206 2059 501 2145 supplicationibus
524 2061 680 2140 inclinati,
705 2062 792 2146 quod
815 2082 915 2148 super
936 2060 998 2123 hoc
1022 2060 1063 2124 ab
1087 2060 1213 2124 eisdem
1237 2059 1361 2124 decano
1378 2067 1411 2124 ct
1427 2059 1571 2146 capitulo
1588 2059 1725 2146 provido
1741 2060 1863 2124 facturn

205 2169 258 2228 est
281 2170 386 2228 ratum
411 2170 445 2228 ot
468 2171 597 2249 gratum
626 2165 803 2247 babentes,
837 2165 917 2230 illud
941 2165 1135 2229 auctoritato
1158 2165 1362 2250 apostolicac
1385 2163 1617 2229 confirmamus
1642 2171 1675 2228 et
1700 2165 1863 2250 presentis

204 2267 316 2354 scripti
340 2268 520 2353 patrocinio
543 2269 790 2334 communimus.
835 2269 926 2333 Nulli
949 2289 1028 2354 ergo
1052 2273 1138 2333 eto.⁴

312 2386 388 2454 Dat.
410 2387 573 2474 Lugduni,
595 2387 630 2452 II
651 2387 737 2455 Non.
760 2388 850 2470 Maii,
874 2387 1050 2454 annoV10.

991 2929 1076 3001 714.

308 3037 526 3132 Innocentius
551 3067 573 3132 1
579 3067 610 3133 V
620 3088 714 3152 papa
739 3069 861 3135 Gerrtili
890 3067 927 3132 dc
954 3068 1058 3132 Rocca
1085 3069 1263 3133 Accurinuc
1292 3068 1526 3150 qnirrqoopinta
1554 3069 1680 3133 renerio
1702 3066 1862 3151 statuenti

202 3171 241 3235 de
259 3171 463 3252 proventibus
484 3175 642 3236 terrorum
665 3173 763 3237 rostri
789 3171 933 3250 obtanti,
958 3173 1063 3255 quood
1083 3173 1208 3251 uicerit,
1231 3173 1401 3237 crtnuotim
1418 3172 1629 3254 percantando
1650 3171 1796 3237 concedit.
1819 3209 1860 3220 -

203 3273 333 3359 P[ctro]
359 3274 473 3341 Sancti
500 3274 630 3358 Gconyic'
660 3275 704 3339 ad
733 3275 841 3340 Vclnm
868 3276 1012 3340 Anrcnnr
1044 3275 1175 3341 diacono
1207 3275 1383 3353 cardinali,
1416 3276 1604 3356 arnostolicoc
1635 3275 1721 3341 sedis
1753 3277 1860 3359 leuato,

202 3377 342 3455 renunciat,
364 3381 400 3441 nt
422 3398 460 3442 ca
481 3377 579 3442 adem
600 3377 741 3443 celtiberi
760 3378 871 3460 faciat.
1524 3383 1618 3457 1249,
1640 3379 1726 3444 Mai.
1744 3385 1773 3445 7.

306 3498 372 3553 Inn.
385 3497 434 3552 IV
449 3499 511 3567 Regi.
530 3498 590 3552 ran.
609 3498 655 3566 VL
672 3499 748 3567 s.63,
767 3517 793 3554 n.
807 3506 855 3554 663
870 3505 894 3590 ct
911 3507 969 3554 664.

305 3583 439 3653 Pontum
456 3584 519 3653 aaa.
533 3591 608 3642 rocci
626 3591 650 3640 a
670 3592 762 3654 uren·
782 3587 878 3655 aare
896 3593 960 3642 cece
976 3592 1001 3641 et
1019 3593 1096 3641 socr.

1019 3777 1045 3841 I.

204 3986 209 3992 ,
271 3901 420 3976 Nobili
447 3901 541 3975 viro
569 3900 738 3976 Gentili
765 3903 818 3977 de
846 3902 996 3978 Rooca
1023 3896 1275 3977 Accnrine¹¹³
1304 3903 1551 3996 Spoletane
1578 3902 1789 3977 diocesis

309 4051 459 4119 Meretur
486 4058 542 4117 tue
573 4051 758 4118 devotionis
782 4054 968 4134 sinceritas,
1002 4059 1039 4117 ut
1061 4074 1236 4140 personam
1259 4059 1348 4116 tuam
1372 4059 1512 4138 paterna
1535 4053 1764 4118 benivolentia
1785 4076 1858 4141 pro·

202 4161 393 4242 sequentes,
427 4155 580 4242 specialis
604 4156 786 4221 camdeno
810 4157 915 4241 gratie
939 4158 1150 4221 honoremus.
1196 4155 1283 4220 Hine
1313 4161 1379 4236 est,
1410 4155 1498 4241 quod
1527 4178 1603 4238 nos,
1635 4157 1701 4222 tuis
1733 4159 1859 4246 suppli·

201 4260 385 4325 nationibus
409 4258 566 4339 inclinati,
589 4259 739 4325 volentes
764 4265 796 4324 to
820 4260 956 4325 alicuius
980 4259 1174 4346 provisionis
1198 4280 1333 4325 munero
1357 4259 1532 4341 honorare,
1555 4261 1616 4326 tibi
1638 4260 1859 4328 detractibus

201 4371 235 4429 et
265 4363 479 4450 proventibus
507 4369 667 4428 terrarum
696 4364 795 4428 castri
823 4363 986 4428 Otrionli⁴
1013 4362 1207 4428 Narniensis
1242 4363 1385 4429 diocesis
1420 4363 1462 4428 ad
1498 4364 1610 4429 sedem
1641 4367 1859 4452 apostolicam

201 4465 444 4552 pertinentibus
478 4466 713 4553 quinquaginta
747 4467 871 4532 rasoria
904 4467 1058 4531 frumenti
1091 4467 1132 4531 nd
1166 4488 1355 4533 mensuram
1386 4468 1528 4532 civitatis
1555 4467 1755 4535 Narniensis
1785 4492 1859 4557 per·

201 4568 353 4655 cipienda
375 4569 511 4654 singulis
536 4569 629 4634 annis
653 4592 672 4634 a
695 4575 743 4650 te,
773 4570 881 4656 quoad
905 4570 1059 4650 vixeris⁰‚
1089 4575 1201 4636 tenore
1225 4572 1427 4657 presentium
1451 4570 1606 4637 duximus
1634 4573 1858 4640 concedenda.

200 4671 291 4737 Nulli
314 4694 394 4759 crgo
419 4680 482 4739 eto.

308 4792 384 4860 Dat.
407 4793 570 4879 Lugduni,
592 4793 677 4858 Non.
701 4793 792 4873 Maii,
815 4814 900 4858 anno
915 4793 1014 4857 VIM.

304 5054 329 5121 ⁸)
348 5055 535 5125 reciperantB.
632 5053 657 5119 b)
675 5055 872 5108 SundolvoltB.
969 5056 992 5121 ο)
1012 5058 1165 5109 auctoritato
1182 5058 1324 5126 apostolica
1340 5060 1369 5110 in
1387 5059 1443 5110 loco
1458 5077 1528 5110 roro.
1625 5056 1652 5124 ἃ)
1670 5062 1708 5112 itu
1724 5063 1859 5129 inmas-pn

199 5144 319 5196 Acoariui
337 5145 365 5195 in
381 5144 453 5196 rubr.
557 5141 581 5209 θ)
599 5143 693 5196 νίκοτίῖ
710 5143 757 5203 lt.‚·
776 5143 812 5194 ita
829 5143 858 5194 in
874 5160 913 5209 cp.
932 5151 1048 5209 emanue
1064 5143 1227 5196 omibmdccm
1243 5152 1312 5205 erat·
1330 5145 1364 5211 cf.
1378 5163 1406 5210 p.
1417 5147 1477 5208 376,
1494 5142 1580 5197 aotb.

305 5297 331 5365 1)
349 5296 576 5350 Kaiaeralontcrn.
671 5295 699 5363 2)
719 5293 758 5361 Os.
776 5312 804 5349 n.
819 5302 875 5349 697.
971 5295 1000 5363 3)
1018 5293 1147 5349 Fortasse
1166 5296 1295 5364 Aequana
1313 5312 1400 5365 prope
1421 5297 1469 5352 cic.
1487 5297 1598 5353 Noreia
1695 5300 1726 5363 4)
1746 5299 1777 5354 E
1792 5315 1855 5355 acer.

198 5382 247 5439 cio.
267 5382 400 5450 Narniaa,
423 5381 459 5435 ad
479 5380 600 5436 maian.
686 5383 714 5450 ὃ)
734 5380 792 5435 Suo
808 5397 835 5434 a.
848 5386 920 5447 1248,
939 5381 1010 5449 Arca.
1021 5387 1053 5435 31
1068 5396 1143 5449 papa
1160 5386 1247 5435 maa
1263 5387 1287 5434 ct
1303 5383 1375 5436 alias
1388 5384 1566 5452 posnam
1582 5385 1724 5454 amadan
1746 5387 1858 5455 φὴωρι·

201 5467 396 5525 Monmanrie
414 5465 537 5539 [Medon
552 5467 585 5523 in
603 5466 794 5537 mumanae]
811 5465 877 5520 aaa
897 5466 929 5519 in
947 5467 1069 5535 Pipcmo
1087 5467 1133 5536 [ac
1149 5473 1211 5536 sapt.
1229 5468 1276 5522 cin.
1294 5469 1470 5542 Terracinae]
1492 5477 1518 5526 ct
1540 5471 1674 5528 tamin
1693 5474 1764 5543 aar,
1790 5490 1857 5543 quae

199 5572 287 5625 anper
304 5554 341 5611 ad
359 5552 942 5623 waramumammicmpmnuen,
960 5553 1041 5609 Petro
1057 5552 1341 5612 chublucooatiario
1358 5574 1409 5614 sno
1426 5563 1450 5614 et
1466 5556 1603 5615 baanna
1619 5558 1746 5615 &aab
1762 5576 1856 5614 amaa

199 5657 283 5697 censo
299 5638 794 5711 consummacionem
814 5646 991 5710 maman
1010 5640 1061 5697 aab
1078 5642 1855 5717 a.1218,0ct.14Vcnnnacchnaiotmlim-iaao
