4328 6232
767 339 769 342 ·
879 334 1187 391 annmnnnnruu.
1797 342 1860 404 563

204 509 278 594 cipe
294 510 346 573 vel
370 507 488 573 balivis
513 508 584 572 eius
608 506 715 572 medio
740 514 888 593 tempore
910 516 986 574 sunt
1009 508 1098 574 edita
1121 530 1180 574 seu
1204 509 1341 595 prolata,
1363 510 1455 574 irrita
1476 510 1608 596 penitus
1632 511 1862 576 nunciantes1.

203 610 292 675 Nulli
317 633 396 697 ergo
419 615 473 678 etc.
497 619 610 676 nostre
633 611 847 696 protectionis
871 618 905 676 et
926 613 1120 677 irritaeionis
1142 617 1197 679 ete.
1243 612 1278 677 si
1303 613 1376 698 quis
1399 619 1508 676 autem
1531 618 1584 678 etc.

312 732 399 796 Data
422 732 536 810 lanue,
560 732 593 797 X
615 730 691 795 Kal.
718 731 813 817 Aug,
837 734 1046 819 pontificatus
1069 734 1173 797 nostri
1195 755 1279 797 anno
1303 733 1477 798 seeundo².

990 1220 1077 1294 761.
1157 1285 1159 1289 ,

310 1335 529 1428 Innocentius
543 1361 563 1425 1
571 1359 598 1423 V
606 1381 697 1441 popo
709 1360 850 1425 Attene
864 1361 901 1424 de
916 1360 1060 1424 Romano
1072 1360 1236 1443 potestatis
1250 1359 1411 1425 Teroisin
1430 1364 1591 1442 expertam
1611 1381 1686 1445 erpo
1706 1361 1864 1427 eeclesiam

202 1469 405 1544 devotionem,
433 1485 518 1529 nnnc
546 1465 640 1528 etium
662 1485 723 1545 per
751 1464 874 1529 litteras
901 1464 1143 1544 eornprobetnm,
1173 1463 1298 1542 tondet,
1327 1463 1487 1529 nrnndons
1509 1469 1545 1529 nt
1566 1466 1602 1528 in
1624 1487 1662 1530 eo
1678 1469 1863 1551 perseveret.

1525 1570 1620 1647 1244,
1643 1570 1707 1634 Inl.
1723 1571 1776 1636 27.

309 1689 461 1759 Epistolnm
477 1702 510 1741 en
528 1684 590 1740 Coo.
606 1685 748 1740 limitem
762 1686 782 1752 s.
795 1691 820 1754 3,
838 1685 984 1754 n.10,nln'
1000 1702 1026 1740 a.
1040 1691 1110 1753 1318,
1129 1685 1227 1754 Apr.3
1243 1686 1386 1757 repistrnta
1403 1691 1449 1756 est,
1470 1687 1593 1743 Pertea'ns
1609 1688 1754 1757 desnipsit.

369 1885 670 1960 Innocencius
697 1883 946 1977 episcopus
973 1904 1136 1957 servus
1162 1905 1395 1958 servorum
1422 1885 1502 1959 Dei
1529 1886 1698 1960 dilecto

271 2010 377 2083 lilio
411 2007 557 2082 nobili
591 2009 687 2081 viro
720 2007 933 2081 Alberico
968 2007 1021 2080 de
1057 2005 1257 2079 Romano
1293 2007 1515 2098 potestati
1548 2006 1795 2080 Tervisino

541 2130 735 2204 salutem
763 2133 807 2203 et
835 2126 1130 2219 apostolicam
1160 2128 1536 2202 benedictionem.

312 2278 383 2343 Tua
415 2278 611 2343 sinceritatis
643 2285 676 2344 et
706 2278 887 2344 devotionis
917 2278 1047 2343 litteras
1078 2278 1254 2344 affectione
1282 2283 1421 2364 paterna
1451 2278 1655 2364 recepimus,
1689 2281 1723 2342 et
1751 2296 1864 2341 aarum

202 2389 317 2448 tenore
341 2381 531 2467 diligentius
555 2382 732 2463 intellecto,
756 2382 796 2447 de
814 2383 886 2447 nelo
902 2382 977 2447 fidei
994 2388 1028 2446 et
1044 2381 1189 2446 caritatis
1206 2380 1334 2460 ardore,
1358 2402 1455 2466 quem
1472 2380 1514 2446 ad
1529 2400 1702 2468 personam
1719 2387 1863 2445 nostram

203 2492 236 2552 et
260 2493 407 2550 sanctam
431 2493 568 2550 matrem
593 2486 770 2550 ecelesiam
793 2485 934 2566 habere,
964 2491 1061 2571 prout
1089 2485 1155 2550 iam
1185 2484 1307 2551 dudum
1338 2486 1565 2572 experimento
1594 2484 1807 2571 cognovimus
1830 2489 1865 2548 et

203 2611 289 2655 nuno
312 2592 411 2675 plene
435 2610 493 2675 per
516 2588 648 2654 easdem
671 2590 895 2656 intelleximus
920 2591 1059 2671 litteras,
1084 2590 1320 2677 comprobaris,
1344 2589 1414 2672 tibi,
1442 2588 1484 2654 ad
1507 2590 1600 2655 euius
1623 2589 1864 2655 exaltacionem

151 2731 153 2746 ·
204 2694 279 2759 totis
309 2693 497 2773 affectibus,
529 2714 601 2758 oum
634 2699 763 2779 tempus
793 2694 1030 2779 acceperimus,
1061 2693 1285 2776 intendemus,
1315 2695 1494 2778 gratiarum
1523 2699 1662 2779 quantas
1690 2711 1863 2779 possumus

203 2799 376 2864 referimus
401 2800 557 2864 actiones.
602 2799 697 2863 Licet
720 2804 831 2864 autem
861 2798 903 2862 ad
935 2805 990 2863 tue
1018 2798 1183 2862 firmitatis
1212 2798 1433 2862 constanciam
1462 2797 1687 2883 interpellaoio
1715 2815 1774 2860 seu
1802 2815 1861 2859 ex·

202 2903 350 2968 hortaoio
374 2902 539 2988 superflua
562 2902 702 2987 quodam
724 2903 839 2983 modo,
871 2923 945 2966 oum
969 2901 1153 2966 adiectione
1175 2901 1345 2987 plenitudo
1368 2922 1433 2966 nou
1457 2907 1569 2987 egeat,
1593 2899 1754 2978 videatur,
1787 2898 1863 2983 quia

202 3013 313 3073 tamen
337 3026 402 3071 non
425 3012 521 3070 nocet
544 3007 698 3071 ammisso
723 3005 864 3071 subdere
887 3006 995 3070 calcar
1019 3003 1137 3090 equol,
1161 3005 1367 3069 nobilitatem
1390 3010 1480 3069 tuam
1505 3002 1684 3089 rogandam
1708 3000 1862 3066 duximus

203 3112 361 3176 attentius
386 3117 419 3175 et
442 3110 649 3190 monendam,
672 3129 731 3195 per
753 3110 935 3194 apostolica
958 3109 1081 3194 scripta
1103 3107 1309 3188 mandantes,
1333 3108 1488 3193 quatinus
1511 3107 1545 3171 in
1568 3107 1750 3193 apostolice
1774 3104 1862 3170 sedis

151 3238 154 3265 r
203 3214 378 3279 devotione
401 3214 577 3300 proficiens
601 3213 642 3278 de
665 3213 751 3277 bono
774 3214 806 3277 in
830 3213 963 3292 melius,
994 3232 1068 3276 cum
1095 3209 1268 3298 prudentis
1291 3212 1335 3275 sit
1358 3210 1400 3276 de
1422 3211 1544 3276 virtute
1568 3230 1716 3275 creseere
1740 3209 1773 3272 in
1796 3207 1862 3272 vir·

202 3323 320 3398 tutem,
352 3317 463 3382 taliter
491 3316 746 3404 promptitudine
770 3317 866 3380 solita
888 3336 1097 3402 perseveres,
1127 3314 1215 3401 qnod
1237 3314 1419 3400 apostolico
1442 3312 1502 3377 tibi
1525 3312 1662 3399 proinde
1685 3311 1861 3398 plurimum

202 3429 412 3487 accrescente
435 3422 558 3503 favore,
582 3427 693 3507 preter
715 3421 858 3486 divinam
882 3420 1150 3500 retribucionem,
1174 3441 1272 3506 quam
1290 3418 1431 3503 recipies
1448 3417 1489 3483 ab
1505 3417 1648 3481 omnium
1665 3413 1862 3480 retributore

202 3525 373 3603 bonomm,
396 3525 515 3590 reddas
531 3524 668 3611 proinde
684 3524 726 3589 ad
743 3531 800 3588 tua
823 3523 995 3588 commoda
1011 3522 1195 3587 Romanam
1219 3522 1403 3603 ecclesiam,
1427 3543 1490 3607 que
1515 3521 1706 3588 devotorum
1729 3536 1861 3581 suornm

202 3650 268 3695 non
292 3628 507 3709 obliviscitur,
531 3628 634 3692 artius
658 3628 848 3713 obligatam.

310 3748 397 3813 Data
419 3748 556 3830 Ioanne,
573 3747 622 3813 VI
645 3747 719 3813 Kal.
743 3746 898 3832 Augusti,
921 3745 1130 3833 pontificatus
1153 3747 1256 3811 nostri
1278 3768 1365 3811 anno
1389 3744 1568 3812 secundol.

990 4198 1076 4272 76n.

306 4314 526 4407 beennon
547 4339 604 4405 rr
613 4361 704 4421 papa
730 4339 929 4425 [sensae]
956 4340 1096 4420 episeopo
1125 4342 1155 4403 e
1187 4338 1304 4403 neno
1330 4335 1615 4422 nnepnnstns
1647 4333 1792 4413 mene,
1825 4336 1861 4398 n

201 4444 370 4524 inquirant
396 4444 432 4507 in
454 4442 674 4508 Percbtoleinm
704 4443 846 4509 abbanes
880 4445 1041 4508 intrassem
1070 4441 1254 4506 monasterii
1282 4440 1318 4505 in
1345 4440 1558 4525 [Teerinseefi
1589 4439 1645 4521 qni
1673 4439 1714 4504 ob
1741 4436 1860 4523 [noer-

201 4545 375 4632 naraon]
396 4547 624 4628 arniepaeopo
640 4547 876 4631 Sotisbnrpensi
898 4547 1161 4612 encnnnnniceto
1183 4564 1299 4610 nennns
1321 4544 1542 4610 benedictionis
1563 4541 1786 4624 impetraverit,
1807 4539 1862 4605 sn

201 4670 223 4714 o
236 4648 422 4735 [Conrado]
435 4652 575 4732 miseopo
587 4650 791 4732 Frisinpenei
812 4651 937 4716 institia
959 4650 1100 4734 enipente
1120 4649 1404 4715 excommunicatus
1425 4648 1475 4712 sit.
1522 4648 1616 4725 1246,
1632 4644 1706 4710 Ion.
1719 4646 1772 4710 24.

151 4792 152 4808 ¹
307 4768 432 4837 Ennea
455 4768 549 4838 mter
573 4771 605 4823 n
635 4771 732 4824 norma
752 4771 857 4840 pann
888 4770 1004 4841 aenon
1033 4771 1137 4826 notes
1163 4770 1196 4825 n
1224 4769 1336 4824 nnana
1364 4767 1433 4822 nn.
1461 4782 1512 4836 re.
1542 4765 1650 4819 nonae.
1678 4763 1741 4820 nn.
1760 4762 1858 4832 aaran,

203 4853 324 4910 diderat.
342 4855 405 4924 441),
423 4855 535 4927 bombyc.
579 4855 723 4924 Scriptura
736 4872 823 4924 poene
839 4854 924 4911 Meto
941 4862 977 4911 est
998 4863 1022 4911 et
1038 4857 1129 4912 multis
1147 4857 1209 4911 locis
1226 4855 1295 4909 nebel
1318 4854 1427 4908 ormino
1450 4851 1568 4922 coynosci
1587 4855 1677 4919 potat.
1712 4849 1861 4919 Enenurlor

305 5066 330 5133 ⁸)
348 5067 440 5119 ‘Balio
454 5069 577 5135 plrnnden
595 5067 754 5135 appendene'
771 5068 889 5118 Pnnnz.
995 5065 1020 5131 b)
1037 5066 1130 5119 ‘Bella
1145 5067 1268 5134 plumbeo
1280 5064 1408 5133 pendcm’
1424 5064 1542 5116 Paene.

307 5204 333 5270 1)
352 5202 490 5257 Albericns
503 5203 624 5272 pmnnpi
640 5208 703 5256 nnn
719 5202 1014 5257 ncommntcattomm
1037 5202 1103 5270 eins,
1125 5202 1180 5257 scil.
1199 5220 1224 5256 a.
1238 5208 1308 5270 1239,
1328 5201 1391 5256 Ion.
1409 5195 1657 5270 [norme-ntae,
1676 5195 1692 5250 l.
1705 5210 1726 5249 c.
1747 5195 1857 5266 artooJ,

202 5293 227 5344 et
240 5295 301 5358 post
317 5305 388 5360 eom,
412 5291 465 5343 scil.
483 5290 554 5344 inter
572 5290 659 5344 Mart.
675 5296 709 5344 20
726 5295 749 5343 et
768 5290 837 5342 Mai.
852 5298 882 5343 14
900 5289 977 5358 [nn
991 5289 1105 5360 arsotJ,
1130 5291 1180 5343 snb
1201 5305 1233 5343 eo
1249 5287 1399 5343 coaddimse
1414 5288 1439 5341 si
1455 5286 1489 5340 ab
1510 5300 1540 5339 eo
1562 5281 1703 5350 recedunt,
1727 5281 1860 5349 wentam

201 5375 366 5444 οὺῑιῂαυοται.
401 5375 432 5429 Si
449 5392 509 5444 erpo
522 5393 600 5445 popa
616 5377 815 5443 confiscationes
832 5394 851 5429 o
863 5376 986 5444 pmnnpe
1000 5392 1053 5446 pro
1070 5393 1100 5430 eo
1115 5378 1212 5444 socna,
1234 5375 1305 5445 prod
1322 5374 1462 5429 ditericus
1479 5371 1599 5427 ccccm
1612 5367 1779 5438 ponnodsnn
1795 5367 1858 5439 [pn-

201 5461 298 5533 tenter]
315 5461 436 5516 adiecerit
442 5503 450 5530 ,
481 5463 577 5517 irrites
602 5464 754 5531 nuntiarit,
780 5464 861 5517 amnt
878 5464 902 5517 ei
920 5464 990 5518 bono
1006 5463 1179 5532 oonfimaooit,
1197 5478 1266 5532 paene
1283 5462 1350 5515 idern
1367 5479 1393 5516 a.
1406 5466 1481 5528 1239,
1505 5460 1567 5513 Ian.
1586 5454 1746 5526 possidebat,
1764 5456 1783 5511 i.
1795 5470 1815 5510 e.
1833 5458 1859 5508 ‘a

201 5554 320 5619 ternpore,
338 5565 391 5617 esso
408 5549 526 5603 melenae
543 5549 643 5620 [dnm]
655 5548 790 5617 oellmesit',
808 5555 841 5603 nt
852 5550 884 5602 in
894 5565 933 5619 ep.
944 5568 973 5604 n
984 5557 1030 5606 759
1041 5550 1141 5604 &dnm
1151 5555 1198 5605 est.
1279 5550 1307 5618 2)
1322 5546 1410 5603 Ovidii
1422 5545 1471 5600 En
1482 5544 1573 5599 Ponto
1585 5541 1645 5598 Lo.
1656 5540 1696 5610 ll,
1714 5558 1753 5612 ep.
1765 5549 1782 5596 d
1794 5557 1859 5597 cers.

201 5635 265 5703 nlt.;
280 5635 312 5703 cs.
320 5651 350 5704 p.
363 5641 423 5703 330,
440 5640 495 5690 not.
506 5644 526 5690 1.

1600 5723 1653 5777 71·
