4734 6334
845 404 1046 460 EPIS'POLAE
1064 403 1256 463 efflueret.
1293 409 1370 464 1249.
1871 420 1934 483 539

209 667 215 674 .
277 581 392 648 aDeo
421 585 455 646 et
484 580 625 646 ecclesie
654 586 853 667 persecutor,
886 600 929 644 cx
960 580 1170 646 concessione
1198 580 1236 647 F.
1259 582 1421 668 quondam
1451 585 1658 671 imperatoris
1689 587 1817 653 obtinet
1849 587 1935 654 sicut

277 691 390 767 fertur,
419 688 526 773 ipsam
550 684 657 750 eidem
681 684 875 770 presbytero
898 685 1093 750 auctoritate
1116 691 1228 749 nostra
1251 686 1401 752 conferas
1435 693 1469 754 et
1499 690 1666 775 assignes,
1695 697 1729 757 et
1756 699 1863 758 amoto
1892 693 1934 758 ab

279 815 319 859 ea
346 791 494 878 quolibet
522 787 636 854 illicito
671 787 856 868 detentore,
890 786 1013 853 dictum
1042 787 1271 876 presbyterum
1300 791 1334 855 in
1362 792 1433 857 cius
1460 794 1705 879 possessionem
1736 795 1872 862 inducas
1902 804 1936 862 et

279 895 436 962 delendas
460 893 629 958 inductum
654 927 693 938 —
717 911 782 955 non
806 890 1014 957 obstantibus
1037 891 1125 977 quod
1148 891 1235 957 idem
1257 894 1433 981 presbyter
1455 896 1537 961 alias
1565 898 1779 964 beneficiatus
1809 900 1934 978 existit,

278 1001 331 1064 vel
359 998 470 1084 aliqua
497 995 584 1060 sedis
613 994 794 1080 apostolice
822 993 1043 1080 indulgentia,
1076 1017 1136 1080 per
1166 1018 1264 1082 quam
1294 998 1443 1084 impediri
1472 1000 1657 1066 huiusmodi
1680 1003 1785 1087 possit
1806 1003 1935 1088 gratia·

279 1104 331 1168 vel
355 1101 479 1167 differri
503 1107 536 1164 et
560 1098 600 1163 de
625 1119 689 1184 qua
711 1099 781 1163 fieri
806 1105 956 1185 oporteat
978 1099 1012 1163 in
1039 1100 1251 1185 presentibus
1280 1103 1479 1168 mentionem
1503 1128 1560 1178 -;
1590 1104 1847 1171 contradictores
1871 1111 1933 1170 etc.

386 1222 462 1287 Dat.
486 1219 649 1306 Lugduni,
673 1217 741 1282 XII
764 1217 839 1283 Kal.
864 1217 960 1300 Iunii,
983 1215 1081 1306 [anno
1096 1217 1206 1308 VI⁰]¹’.

1065 1653 1151 1727 730.

382 1767 600 1859 leimarus
626 1789 684 1856 IV
702 1811 791 1874 papa
813 1792 1020 1876 poenalior
1048 1792 1374 1876 petraepontem
1406 1792 1561 1874 innuet,
1595 1797 1631 1857 n
1662 1794 1699 1858 a
1727 1793 1872 1860 Siciliam
1907 1799 1937 1860 a

280 1899 434 1982 Apuliam
455 1899 503 1962 irc
525 1897 620 1962 libere
642 1900 672 1960 et
692 1895 738 1960 ibi
758 1898 954 1962 mnmluros
971 1893 1081 1981 facere
1098 1897 1225 1978 possint
1245 1897 1362 1979 absque
1381 1896 1509 1996 pedagii
1530 1897 1579 1962 vel
1599 1899 1668 1964 clia
1690 1899 1858 1965 exactione.

1580 2005 1674 2082 1249,
1696 2002 1779 2067 Mai.
1794 2005 1848 2068 22.

382 2121 448 2175 Inn.
463 2119 511 2173 IV
526 2119 589 2187 Ray.
608 2115 668 2172 Isto.
684 2116 732 2182 VI,
749 2117 770 2183 f.
786 2123 828 2184 48,
847 2134 875 2171 n.
891 2125 945 2172 551.
982 2117 1131 2187 Emptas
1154 2117 1326 2188 Regnatomm
1348 2119 1507 2174 mollimus
1528 2135 1588 2174 cnm
1609 2122 1759 2177 cmbcmrco
1781 2139 1826 2190 op.
1844 2121 1934 2190 Sensi,

278 2207 369 2262 &orio
385 2205 414 2260 di
432 2207 542 2274 Spoleto,
559 2204 671 2258 Dccrnn.
689 2219 714 2272 p.
729 2211 787 2272 291,
804 2221 833 2259 n.
846 2211 881 2258 44
897 2203 972 2275 [AJ.

382 2292 512 2359 Potllscst,
532 2291 596 2360 Ro).
609 2296 705 2358 13377;
722 2290 819 2361 Bergcr
836 2299 909 2346 4641.

677 2507 716 2532 ..
744 2451 959 2545 potestati
987 2457 1032 2526 et
1058 2453 1228 2545 populo
1256 2453 1546 2545 Spoletanis⁰.

387 2603 480 2668 Inter
503 2603 568 2668 alia
590 2601 839 2667 retributionum
863 2599 1034 2680 munorad,
1057 2621 1120 2687 que
1142 2607 1279 2688 propter
1295 2607 1404 2666 vestre
1427 2601 1502 2666 fidei
1518 2601 1706 2668 firmitatem
1724 2605 1801 2668 estis
1820 2626 1839 2669 a
1855 2604 1934 2671 sede

278 2708 460 2795 apostolica
483 2727 541 2771 ouo
564 2704 634 2770 loco
663 2712 697 2770 et
726 2712 874 2792 tempore
903 2705 1001 2770 dante
1025 2705 1167 2770 Domino
1195 2706 1377 2792 accepturi,
1407 2705 1499 2770 vobis
1531 2705 1571 2770 ad
1600 2727 1738 2792 presens
1769 2708 1803 2771 in
1832 2708 1936 2794 ipsius

278 2811 365 2877 sedis
389 2810 561 2875 devotione
587 2809 841 2894 persistentibus
865 2811 966 2874 talem
989 2809 1130 2894 gratiam
1154 2810 1349 2874 auctoritate
1372 2809 1576 2895 presentium
1598 2809 1818 2896 indulgemus,
1841 2817 1879 2875 ut
1901 2811 1933 2875 in

277 2937 414 3002 regnum
439 2912 552 2978 Sicilie
576 2919 610 2977 et
631 2911 807 2998 Apuliam⁶
830 2913 960 2979 deferre
983 2912 1125 2999 indeque
1149 2913 1288 2994 referre,
1321 2913 1369 2978 ire
1392 2913 1497 2978 libere
1522 2920 1556 2979 et
1577 2912 1700 2995 redire,
1730 2913 1871 2979 vendere
1896 2936 1935 2980 ec
2003 2898 2006 2904 ¹

279 3039 390 3084 emere
413 3018 445 3082 in
469 3016 602 3096 eisdem,
626 3037 690 3102 que
713 3016 805 3082 vobis
828 3018 1018 3082 necessaria
1040 3024 1075 3083 et
1095 3018 1188 3082 utilia
1204 3038 1278 3083 esec
1294 3017 1450 3097 videritis,
1472 3017 1575 3083 libere
1592 3038 1630 3083 ao
1646 3018 1771 3103 absque
1788 3017 1938 3104 pedagii‘

280 3128 313 3186 et
336 3120 510 3186 cuiuslibet
532 3120 667 3186 alterius
692 3121 824 3205 generis
847 3121 1022 3186 exactione
1036 3121 1183 3208 possitis.
1220 3120 1311 3186 Nulli
1327 3142 1405 3207 ergo
1422 3126 1484 3186 etc.
1501 3128 1612 3188 nostre
1630 3121 1852 3187 concessionis
1870 3127 1934 3188 etc.

387 3241 464 3306 Dat.
488 3240 653 3326 Lugduni,
676 3240 727 3305 XI
749 3240 825 3306 Kal.
849 3241 945 3324 Iunii,
969 3262 1054 3306 anno
1070 3241 1133 3306 VI⁰
1149 3245 1170 3306 ¹.

904 3467 1317 3476 ————-—-—

1065 3659 1152 3732 731.

384 3771 602 3863 Innocentius
621 3796 646 3861 1
649 3795 678 3861 V
683 3817 775 3877 popa
796 3795 984 3882 [Philippo]
1005 3797 1097 3862 electo
1112 3795 1350 3878 salisburgensi
1371 3795 1513 3872 mandet,
1535 3801 1571 3861 ul
1591 3796 1767 3863 Willtonem
1787 3797 1935 3859 rectorem

279 3901 423 3964 ecclesiae
445 3901 548 3964 suncti
569 3899 809 3964 Bartholomoci
831 3899 866 3962 in
882 3898 979 3978 Pelia,
997 3896 1158 3984 fautores
1180 3897 1377 3983 F[ridericr]
1399 3899 1557 3981 quondam
1580 3899 1786 3981 imperatoris,
1808 3897 1935 3964 molceio

280 4023 340 4068 auo
361 4008 392 4068 cl
412 4003 490 4068 otiis
512 4003 669 4086 beneficiis
685 4003 799 4084 privet,
821 4023 918 4085 suque
940 4001 1127 4068 Hernsanno
1147 4003 1216 4086 filio
1238 4003 1359 4068 winilis
1380 4003 1418 4068 dc
1442 4001 1838 4172 mmmm&

386 4226 449 4280 rna
465 4225 514 4279 rr
528 4225 593 4295 aa.
612 4225 672 4282 Le.
689 4225 736 4294 rr
752 4225 773 4291 l.
787 4233 830 4294 co,
847 4242 876 4281 a.
888 4232 944 4282 ns.
974 4225 1130 4295 onmem,
1148 4224 1220 4294 aaa
1236 4225 1343 4294 naar,
1361 4226 1422 4280 sn.
1439 4243 1462 4281 v.
1480 4225 1543 4280 nen.
1558 4242 1587 4294 p.
1600 4232 1649 4280 roc
1665 4223 1755 4292 aas,
1773 4222 1935 4278 mutans

281 4317 342 4366 curri
360 4311 484 4380 senene

386 4396 517 4465 Pcttlucst,
538 4397 601 4467 Ray.
615 4402 708 4466 133813
727 4397 827 4467 Beroen
841 4403 912 4452 4658.

791 4614 830 4633 ..
860 4559 1013 4632 electo
1041 4557 1426 4652 Salzeburgensi.

390 4708 482 4789 Cum,
510 4709 593 4772 sicut
616 4707 754 4774 dilectus
776 4707 863 4773 filius
887 4707 965 4774 Otto
990 4708 1166 4774 canonicus
1189 4706 1457 4792 Balbergensis²,
1481 4712 1578 4770 natus
1601 4705 1711 4771 dilecti
1734 4706 1793 4770 filii
1814 4706 1934 4772 nobilis

280 4813 340 4878 riri
370 4814 496 4877 comitis
527 4812 568 4878 de
592 4811 843 4892 Ortemburcb³,
876 4817 1049 4900 proposuit
1078 4833 1188 4878 coram
1219 4813 1328 4894 nobis,
1356 4811 1495 4878 Witkc⁴
1523 4816 1630 4876 rector
1660 4811 1800 4875 ecclesie
1831 4811 1934 4876 sancti

385 4957 464 4964 ,-
491 4955 577 4962 ———
649 4955 704 4961 ---
759 4955 808 4960 ---·
875 4955 886 4960 ..
917 4956 943 4960 .-
970 4955 1035 4961 .-..-
1103 4955 1228 4961 ..—--...
1265 4956 1277 4960 -
1322 4954 1509 4960 .--.-...—.—.
1537 4952 1739 4958 —.--—
1760 4951 1827 4958 —u—-n

383 5041 408 5106 ⁸)
426 5039 640 5107 repsienitertnn
658 5037 783 5105 impediri.
871 5037 897 5103 b)
915 5057 983 5092 anno
996 5041 1047 5090 V1⁰
1065 5039 1133 5091 deest
1145 5037 1177 5090 Β.
1264 5038 1287 5104 ο)
1305 5039 1426 5091 fidelibus
1442 5037 1536 5090 nostris
1552 5037 1615 5088 odd.
1627 5036 1661 5089 A.
1749 5033 1774 5102 d)
1792 5038 1888 5105 premia
1899 5036 1933 5089 A.

280 5125 302 5192 ο)
320 5127 448 5194 Apulsam
467 5125 499 5177 A.
602 5121 623 5188 s)
641 5124 750 5192 pedagio
768 5123 801 5176 A.

385 5263 410 5330 1)
431 5260 488 5315 Sub
504 5267 623 5327 α.1249,
648 5260 716 5314 Mai.
733 5267 767 5316 20
784 5277 860 5329 popo
880 5261 1003 5330 pmeauli
1024 5265 1049 5315 ot
1072 5261 1207 5316 commum
1230 5259 1382 5330 θροὶάαπιζς
1405 5275 1436 5313 eo
1460 5257 1670 5325 mnfimumot,
1696 5271 1765 5324 puae
1783 5255 1935 5310 Rainm'ns

283 5347 398 5402 Sandan
415 5347 527 5400 Mariae
544 5347 575 5399 in
595 5345 728 5400 menum
745 5345 875 5401 &monus
899 5347 1058 5416 cardinalis,
1082 5353 1148 5402 tuno
1168 5346 1326 5416 apostolicae
1346 5345 1416 5400 sedis
1437 5346 1537 5415 Ιῳπιιε
1553 5343 1599 5414 [cs.
1614 5359 1644 5411 p.
1658 5349 1721 5409 492,
1739 5347 1792 5395 not.
1805 5341 1846 5413 3],
1869 5342 1935 5410 ipsis

280 5433 442 5487 conccnim
460 5431 508 5501 [os.
524 5449 553 5501 p.
569 5439 624 5499 421,
648 5437 702 5488 not.
714 5432 756 5504 3],·
777 5431 865 5501 Saum,
885 5435 902 5488 l.
915 5450 936 5489 c.
951 5451 980 5503 p.
996 5441 1051 5502 291,
1069 5451 1097 5488 n.
1111 5441 1159 5502 43,·
1179 5449 1248 5502 puae
1264 5450 1302 5502 ep.
1320 5434 1352 5486 in
1371 5432 1434 5500 Ray.
1453 5447 1509 5484 non
1526 5435 1606 5484 auct.
1694 5429 1723 5496 2)
1740 5427 1880 5482 Nescirnus
1897 5444 1936 5481 cn

281 5519 499 5588 ‘Bamberpenu's'
515 5519 624 5588 nstclff
641 5517 738 5573 debeat.
825 5520 852 5587 3)
872 5520 909 5572 In
928 5520 1078 5588 Ucrirtlltin,
1101 5535 1134 5574 ea
1150 5523 1211 5588 sept.
1231 5524 1255 5574 et
1273 5535 1322 5574 occ.
1341 5518 1387 5572 αὐ.
1403 5516 1512 5583 Vellccll,
1525 5531 1608 5584 prope
1624 5513 1708 5568 Rau
1718 5514 1745 5581 fl.
1833 5513 1860 5582 4)
1880 5513 1935 5568 Hie

280 5604 347 5659 idon
363 5606 449 5672 snusc
470 5605 571 5660 ridetur
589 5619 620 5658 ce
638 5604 736 5674 Witigo
753 5606 877 5660 notarim
895 5605 1000 5675 stirias,
1023 5607 1101 5660 miuus
1119 5608 1205 5675 ‘proto
1223 5605 1298 5659 auide
1314 5610 1339 5659 ct
1355 5603 1435 5658 utilia
1452 5603 1568 5656 aenntic’
1584 5601 1729 5669 imperator
1745 5616 1771 5654 a.
1784 5605 1854 5670 1249,
1873 5601 1934 5656 lan.

280 5690 415 5758 medaria·
435 5690 666 5760 Belenum-Fictor,
685 5693 702 5746 l.
716 5707 738 5747 c.
756 5698 829 5748 3759.

1673 5781 1729 5836 6Θῇ
