4328 6232
693 340 896 400 nutaretur:
914 341 1105 400 senuerat.
1144 342 1219 399 1245.
1749 350 1788 411 75

123 520 329 602 commonent,
359 519 459 601 iisque
487 516 621 599 fratrem
644 518 836 604 Uulcanium
864 519 902 584 de
925 519 1030 584 Plano
1055 518 1210 603 [turpini]
1231 524 1259 584 et
1288 519 1385 583 socios
1412 519 1480 583 cius
1502 520 1617 586 latores
1639 522 1790 606 epistolae

123 624 327 688 coatmcndot.
1409 624 1503 701 1245,
1525 623 1628 690 Mart.
1646 629 1697 688 13.

236 743 298 796 Isin
312 743 332 796 1
336 742 362 795 V
376 742 439 812 Ray.
454 741 547 809 Votl,
566 748 632 808 20&
651 741 711 795 lab.
723 741 766 808 ΙΙ,
785 757 841 794 cur.
860 750 888 795 11
907 741 960 808 bia,
977 742 1012 807 es.
1031 759 1057 795 n.
1072 749 1126 796 102.
1164 741 1311 809 Eoeemplar
1331 741 1421 811 Rapa.
1438 743 1513 796 Anu.
1531 744 1590 796 eccl.
1607 762 1632 797 α.
1646 752 1710 798 1245
1728 749 1744 808 §
1760 751 1791 798 18

125 828 316 882 mattam
336 826 1150 896 mnammosapplocuotamao.

233 913 365 981 Pontou,
385 913 448 983 Ray.
463 920 542 968 11172
558 912 682 967 numiost
697 914 747 966 atsb
768 913 851 967 Most.
862 921 893 978 5‚·
912 913 1009 981 noyer
1023 920 1088 967 13115.

214 1132 254 1150 ..
282 1076 381 1169 regi
408 1081 451 1151 et
477 1076 652 1168 populo
679 1075 991 1150 Tartarorunr
1018 1076 1135 1148 viam
1163 1096 1417 1167 agnoscere
1444 1075 1697 1149 veritatis·.

237 1206 320 1273 Cum
343 1229 407 1273 non
430 1209 536 1272 solum
560 1208 710 1273 homines
725 1229 839 1272 verum
863 1209 961 1272 etiam
978 1208 1132 1273 animalia
1148 1208 1351 1273 irrationalia
1367 1229 1428 1274 nee
1445 1229 1508 1272 non
1526 1209 1598 1294 ipsa
1613 1205 1786 1272 mundialis

126 1311 293 1377 elementa
321 1311 474 1376 maehina
505 1310 645 1395 quadam
669 1311 770 1375 nativi
795 1309 916 1375 federis
940 1312 1006 1375 sint
1029 1311 1150 1375 unione
1174 1311 1364 1388 coniuncta,
1398 1312 1550 1397 exemplo
1574 1330 1787 1397 supernorum

128 1415 317 1501 spirituum,
356 1435 495 1501 qnorum
535 1415 666 1499 agmina
704 1415 930 1478 universorum
970 1412 1119 1478 conditor
1152 1414 1244 1479 Deus
1280 1421 1442 1501 perpetua
1475 1416 1603 1501 pacifici
1640 1413 1787 1479 ordinisb

128 1515 308 1583 stabilitate
331 1517 491 1596 distinxit,
515 1518 625 1582 mirari
641 1538 705 1582 non
722 1517 873 1583 inmerito
891 1519 1038 1603 cogimur
1050 1517 1271 1598 vehementer,
1296 1518 1383 1603 quod
1397 1540 1466 1598 vos,
1490 1520 1574 1583 sicut
1591 1517 1787 1597 audivimus,

125 1621 247 1686 multae
278 1628 344 1686 tam
369 1617 628 1686 Christianorum
653 1644 752 1708 quam
776 1622 913 1686 aliorum
938 1622 1112 1707 regiones⁰
1136 1622 1293 1706 ingressi,
1326 1622 1474 1686 horribili
1498 1643 1555 1686 eas
1579 1620 1784 1686 desolatione

125 1725 274 1798 vastatis,
297 1730 331 1789 et
353 1723 460 1790 adhue
484 1724 674 1789 continuato
699 1725 808 1790 lurore
833 1725 1101 1811 depopulatrices
1126 1745 1241 1789 manns
1265 1722 1306 1787 ad
1330 1726 1503 1790 ulteriores
1525 1723 1704 1790 extendere
1721 1745 1787 1789 non

125 1835 306 1907 cessantes,
329 1827 438 1891 soluto
462 1829 667 1914 cognationis
685 1829 816 1893 vinculo
840 1830 1008 1901 naturalis,
1033 1850 1094 1893 nee
1119 1830 1213 1893 sexui
1237 1850 1298 1894 nec
1324 1830 1402 1893 etati
1420 1827 1597 1915 parcendo,
1620 1829 1653 1892 in
1671 1850 1785 1893 omnes

123 1929 352 1996 indifferenter
386 1931 678 1996 animadversionis
719 1931 829 2017 gladio
865 1932 1030 1997 ‹lesevitis
1082 1932 1150 1996 Nos
1185 1933 1298 2017 igitur,
1334 1932 1461 2018 pacifici
1495 1933 1583 2018 regis
1625 1931 1779 2017 exemplo

55 2063 68 2098 :.
125 2042 261 2100 cunctos
296 2036 328 2099 in
362 2036 490 2100 unitate
523 2036 614 2119 pacis
648 2035 709 2098 sub
739 2035 802 2098 Dei
837 2036 954 2100 timore
987 2036 1098 2099 virere
1134 2037 1319 2115 cupientes,
1356 2037 1603 2101 universitatem
1638 2041 1780 2099 vestram

125 2160 313 2217 monemus,
345 2160 496 2225 rogamus
525 2146 559 2203 ot
586 2139 753 2202 hortamur
781 2145 924 2217 attente,
957 2139 1109 2223 quatinus
1139 2139 1180 2204 ab
1211 2138 1511 2224 impugnationibus
1536 2137 1720 2203 huiusmodi
1749 2144 1783 2202 et

124 2242 271 2306 maxime
303 2241 561 2307 Christianomm
596 2242 881 2328 persecutionibus
914 2242 955 2306 de
990 2250 1100 2306 cetero
1133 2243 1265 2328 penitus
1296 2242 1508 2323 desistentes,
1545 2264 1644 2328 super
1674 2249 1721 2306 tot
1750 2249 1784 2306 et

124 2347 225 2409 tantis
249 2345 383 2410 offensis
406 2345 515 2411 divine
539 2346 720 2410 maiestatis
744 2347 835 2425 iram,
859 2367 957 2432 quam
981 2347 1126 2432 ipsorum
1151 2346 1404 2411 exacerbatione
1422 2368 1478 2410 vos
1494 2367 1560 2410 non
1578 2353 1628 2410 est
1647 2345 1782 2410 dubium

123 2448 272 2531 graviter
301 2469 514 2535 provocasse,
547 2471 608 2536 per
637 2450 798 2535 condigne
831 2452 1090 2516 satisfactionem
1119 2452 1302 2537 penitentie
1332 2451 1559 2538 complacetis;
1593 2471 1653 2515 nec
1677 2472 1719 2514 ex
1745 2471 1785 2515 eo

124 2571 257 2616 sumere
291 2550 421 2617 debetis
455 2552 621 2618 audatiam
658 2554 799 2639 amplius
834 2554 998 2633 seviendi,
1038 2555 1122 2639 qued
1153 2555 1185 2618 in
1220 2554 1301 2618 alios
1335 2555 1482 2640 potentie
1513 2561 1622 2619 vestre
1657 2553 1785 2617 furente

123 2673 283 2719 mucrone
306 2655 513 2739 omnipotens
537 2656 689 2721 dominus
713 2655 863 2722 diversas
886 2666 963 2723 ante
981 2659 1099 2721 faeiem
1117 2665 1260 2721 vestram
1277 2657 1445 2722 substerni
1461 2658 1610 2742 permisit
1625 2656 1785 2721 hactenus

124 2758 292 2836 nationes,
322 2757 377 2842 qui
407 2778 639 2846 nonnunquam
669 2760 829 2847 superbos
858 2762 890 2824 in
919 2761 980 2824 hoc
1010 2761 1123 2825 seculo
1154 2761 1317 2845 corripere
1341 2759 1383 2824 ad
1406 2766 1536 2846 tempus
1561 2759 1634 2824 ideo
1658 2765 1784 2846 preter-

123 2859 255 2940 mittitd,
279 2866 316 2924 ut
337 2861 387 2925 si‘
410 2861 572 2927 humiliari
595 2864 806 2948 neglexerint
828 2886 887 2950 per
909 2886 944 2928 se
969 2864 1070 2950 ipsos,
1095 2883 1205 2928 eorum
1231 2863 1409 2947 nequitiam
1434 2871 1468 2927 et
1486 2863 1601 2949 punire
1620 2869 1784 2948 tempora·

123 2965 200 3028 liter
230 2985 295 3028 non
330 2971 509 3052 postponat
536 2974 569 3032 et
597 2967 828 3032 nichilominus
853 2969 885 3032 in
915 2968 1025 3032 futuro
1055 2967 1187 3053 grauius
1214 2967 1405 3031 ulciscatur.
1451 2965 1495 3030 nt
1522 2987 1600 3030 ecee
1628 2964 1784 3030 dilectum

123 3066 225 3130 lilium
263 3067 396 3133 fratrem
432 3069 475 3133 I.¹
512 3077 546 3135 et
581 3071 687 3135 socios
723 3072 794 3135 eius
834 3071 955 3136 latores
991 3072 1210 3157 presentium,
1248 3071 1334 3136 viros
1377 3071 1536 3155 religione
1576 3071 1784 3155 conspicuos,

124 3169 302 3236 honestate
330 3172 467 3238 decoros
497 3179 530 3238 et
559 3196 651 3239 sacre
680 3175 839 3260 scripture
871 3175 1010 3239 seientia
1041 3174 1202 3260 preditos,
1233 3174 1274 3238 ad
1298 3196 1355 3239 vos
1387 3179 1522 3260 propter
1545 3174 1606 3237 hoc
1631 3171 1784 3236 duximus

124 3272 349 3353 destinandos,
373 3297 455 3360 quos
480 3277 557 3364 prof
578 3278 690 3342 divina
713 3279 907 3351 reverentia,
932 3279 1030 3342 immo
1046 3280 1154 3364 potins
1171 3290 1251 3342 nosg
1267 3280 1299 3341 in
1316 3277 1431 3364 ipsish,
1456 3277 1596 3361 benigne
1615 3277 1782 3362 recipiatis

61 3371 65 3375 ¹
124 3388 160 3442 et
187 3378 368 3444 honorilice
398 3382 621 3467 pertractetis,
658 3383 755 3448 fidem
785 3383 833 3446 eis
864 3403 961 3468 super
990 3382 1067 3462 hiis,
1100 3402 1163 3467 que
1188 3382 1280 3445 vobis
1305 3403 1347 3446 ex
1373 3387 1466 3467 parte
1495 3386 1607 3444 nostra
1629 3378 1783 3453 dixerint,

125 3479 327 3561 adhibendo,
352 3489 385 3547 et
409 3505 480 3548 curn
506 3485 587 3572 ipsis
611 3507 711 3573 super
733 3485 889 3572 predictis
915 3492 948 3549 et
972 3485 1159 3570 specialiter
1182 3484 1222 3547 de
1247 3485 1309 3549 hiis
1333 3506 1395 3570 que
1420 3482 1461 3547 ad
1485 3505 1600 3568 pacem
1618 3484 1784 3568 pertinent

126 3592 303 3650 tractatum
337 3586 540 3653 fructuosum
571 3590 750 3669 habentes,
786 3590 895 3669 nobis,
931 3588 1006 3673 quid
1038 3610 1095 3651 vos
1125 3588 1166 3651 ad
1198 3590 1345 3673 gentium
1379 3587 1611 3653 exterminium
1646 3585 1784 3650 moverit

126 3689 264 3754 aliarum
289 3697 322 3753 et
345 3691 422 3776 quid
445 3694 584 3758 ulterius
608 3694 797 3774 intendatis,
821 3715 880 3781 per
903 3692 1036 3757 eosdem
1060 3693 1177 3756 tratres
1201 3692 1347 3778 plenarie
1363 3690 1554 3770 intimetis²,
1579 3687 1782 3777 providendo

127 3793 205 3878 ipsis
228 3793 261 3857 in
285 3793 394 3859 eundo
419 3801 452 3860 et
475 3795 643 3862 redeundo
667 3795 708 3861 de
733 3818 849 3862 securo
874 3797 1036 3862 conductu
1060 3803 1094 3861 et
1117 3796 1191 3860 aliis
1216 3795 1429 3872 necessariis,
1461 3802 1497 3859 ut
1520 3793 1561 3859 ad
1585 3793 1783 3881 presentiam

127 3903 273 3960 nostram
306 3903 377 3962 tute
405 3900 536 3965 valeant
563 3922 721 3966 remeare.
771 3899 970 3965 Memorates
1001 3907 1111 3964 autem
1138 3900 1274 3979 fratres,
1305 3920 1386 3983 quos
1411 3906 1473 3964 etc.
1504 3906 1540 3962 ut
1568 3897 1601 3962 in
1632 3898 1783 3983 proxima

129 4021 243 4085 usque:
269 4000 351 4065 alios
373 4003 588 4071 misissemus.

61 4144 82 4179 s
237 4119 313 4187 Dat.
336 4122 499 4209 Lugduni,
523 4124 575 4188 III
597 4124 677 4189 Idus
700 4125 822 4203 Martii,
845 4146 930 4189 anno
955 4123 1109 4189 secundo.

750 4336 804 4343 ..—
823 4337 905 4342 ...-..--
916 4335 974 4342 ..ι-υ
986 4337 990 4341 -
1007 4335 1020 4342 .-

916 4528 1000 4602 106.

232 4621 451 4714 Innocentius
465 4649 618 4732 IVpapo
641 4650 856 4733 suffragancis
878 4651 1021 4715 acclesiae
1036 4649 1232 4714 Bisontinec
1254 4651 1362 4711 notum
1380 4644 1473 4731 facit,
1496 4663 1528 4707 so
1548 4643 1786 4728 Wfittetmum]

133 4754 285 4835 quondm
312 4754 488 4838 munnam
513 4753 747 4820 &bitetten-scm
769 4753 962 4839 praefecisse
991 4752 1134 4818 ecclesiae
1159 4751 1366 4827 Bisantinac,
1399 4749 1499 4830 iisqne
1526 4747 1670 4826 meum,
1699 4752 1735 4812 nt
1756 4748 1785 4811 ei

133 4858 332 4922 concreatione
353 4861 382 4920 ct
404 4856 609 4923 obedientiam
630 4858 805 4924 cultibcont.
1411 4852 1505 4929 1245,
1527 4850 1629 4917 Mart.
1644 4856 1698 4919 21.

233 4976 296 5030 Ina
314 4974 365 5029 IV
386 4974 450 5045 Ray.
474 4975 529 5030 Vol.
551 4980 580 5043 1,
605 4983 747 5043 169—170;
771 4977 829 5031 lab.
846 4977 892 5043 II,
915 4984 971 5030 429.
1014 4977 1115 5030 Pertzii
1139 4976 1271 5042 manetur
1294 4973 1457 5028 contraimus
1485 4990 1546 5027 cani
1571 4972 1663 5026 Gallio
1687 4971 1784 5023 Glun'at.

76 5076 96 5111 a
136 5066 153 5115 t.
166 5061 326 5128 XK-instr.
339 5068 380 5117 82.

234 5147 361 5216 Pottltnst,
380 5148 445 5217 Rsp.
460 5155 551 5214 11606;
570 5149 669 5219 Bergan
682 5156 749 5204 1166.

774 5277 865 5283 .---
1079 5274 1155 5279 ..--.<»
1175 5274 1180 5279 .
1249 5274 1279 5278 ....
1293 5272 1517 5279 ---.-.—.—-—-
1532 5272 1545 5278 --
1564 5273 1567 5277 .
1596 5272 1665 5277 ..—..

235 5362 259 5421 ⁸)
277 5360 377 5412 Eisdem
394 5359 440 5421 It.,·
461 5360 586 5411 onoeeedit
605 5377 632 5411 u.
650 5363 705 5411 102.
802 5356 827 5423 ι))
844 5359 941 5410 ordinis
963 5357 1025 5408 odd.
1048 5358 1075 5408 in
1093 5375 1175 5423 marg.
1272 5353 1296 5418 c)
1315 5355 1419 5422 regione
1432 5354 1464 5404 n.
1563 5351 1588 5418 ‘ll
1607 5370 1652 5420 por
1671 5370 1738 5405 corr.
1758 5353 1785 5403 in

136 5462 217 5510 nety-
234 5454 323 5512 preter.
410 5445 434 5513 ⁸)
452 5448 475 5499 si
491 5446 561 5499 deut
572 5446 603 5498 n.
690 5443 711 5512 t)
731 5464 776 5514 pro
794 5445 863 5497 deest
877 5445 924 5509 R.;
946 5446 978 5512 cf.
998 5448 1092 5496 u.10·2.
1181 5443 1206 5506 Β)
1227 5459 1274 5493 nos
1291 5440 1353 5491 odd.
1372 5441 1400 5491 in
1417 5457 1514 5505 naara,-
1535 5439 1601 5490 idem
1619 5439 1740 5490 mcnrbua
1758 5440 1785 5490 in

138 5548 163 5580 n
178 5534 224 5581 toa
240 5548 370 5585 nomm
386 5532 587 5585 animaduertat
674 5530 699 5598 l¹)
718 5532 787 5600 ipsos
799 5531 830 5584 R.

73 5659 94 5698 e
241 5649 265 5714 l)
283 5647 312 5703 V.
320 5664 350 5719 p.
363 5654 402 5719 te,
416 5652 470 5707 nd.
482 5660 505 5707 1.
572 5650 601 5719 2)
621 5649 789 5721 Βιηηνιειιικ
806 5649 872 5718 rogia
893 5649 1067 5702 Tortorornm
1086 5663 1129 5716 up,
1147 5646 1173 5698 rl’
1183 5646 1291 5712 Arcano,
1310 5645 1326 5698 l.
1339 5659 1360 5698 c.
1376 5661 1405 5713 p.
1421 5651 1476 5698 198.

1526 5739 1579 5794 10*
