4790 6340
844 412 1060 472 >telenense
1078 413 1274 472 SELEO'I'AE.
1312 417 1387 472 124⁷.

1075 718 1163 791 414.

320 915 324 925 .
403 831 624 924 Innocentius
644 857 702 923 IV
722 879 813 944 popa
844 857 1050 943 [Linttotdo]
1080 859 1219 942 episeopo
1250 858 1429 924 Basiliensi
1460 859 1606 940 mandat,
1638 865 1673 926 at
1699 863 1881 944 prioratum
1909 859 1946 926 de

297 959 496 1036 scotaneto,
534 961 623 1025 onius
650 961 731 1024 bono
758 960 885 1027 {ltrtcos
913 980 1009 1026 conns
1040 959 1245 1027 Plirctosrnn
1273 983 1334 1048 pro
1366 963 1485 1027 rnaiow
1512 970 1608 1048 porta
1640 966 1676 1030 in
1703 984 1857 1046 expensos
1883 985 1946 1046 pro

297 1063 492 1150 F[ridorioi]
513 1063 669 1146 qnondam
691 1063 889 1144 imperatoris
910 1065 1063 1146 obsequiis
1081 1064 1250 1150 faciendos
1271 1067 1467 1144 conomtorit,
1491 1068 1589 1133 olisai
1608 1069 1847 1152 potsmodum
1868 1089 1946 1134 ccm-

297 1171 416 1247 mittot„
431 1168 488 1249 qni
508 1168 582 1233 solit
603 1172 632 1232 ot
647 1168 750 1250 possit
771 1167 852 1233 borso
872 1169 940 1232 eins
960 1168 1050 1234 taoni.
1604 1175 1697 1252 1247,
1718 1171 1782 1239 Int
1806 1177 1857 1240 17.

300 1357 303 1368 Ι
402 1288 466 1342 Inn
486 1287 506 1341 1
510 1287 537 1341 V
551 1285 614 1356 Ray.
630 1286 685 1340 Vol.
706 1287 728 1350 I,
747 1295 899 1342 445—446:
916 1285 978 1342 Leo.
1002 1287 1088 1356 V,56.

401 1375 588 1442 Bisontios.

728 1565 748 1574 ..
802 1557 841 1574 ..
872 1556 880 1574 .
909 1501 1130 1595 episcopo
1157 1502 1412 1577 Basiliensi.

406 1653 498 1718 Sicut
524 1657 581 1716 tua
606 1650 699 1715 nobis
726 1650 911 1714 fraternitas
943 1649 1124 1730 intimavit,
1153 1650 1316 1735 prioratus
1351 1650 1391 1716 de
1423 1651 1661 1718 Abelchilche¹
1684 1653 1807 1718 ordini·
1841 1654 1946 1720 sancti

298 1757 471 1824 Benedicti
503 1764 558 1822 tue
594 1755 753 1834 diocesis,
777 1755 831 1840 qui
860 1753 937 1818 olim
961 1753 1178 1839 spiritualium
1203 1761 1237 1819 et
1260 1755 1486 1841 temporalium
1516 1757 1631 1822 florere
1654 1759 1824 1823 consuerit
1846 1760 1943 1824 uber-

298 1868 366 1928 tate
389 1862 562 1934 bonorum,
585 1859 725 1924 faciente
748 1858 872 1922 malitia
894 1857 1010 1922 nobilis
1033 1859 1093 1921 viri
1115 1857 1220 1923 Ulrici
1243 1861 1370 1924 comitis
1394 1859 1616 1940 Phireturum,
1639 1863 1695 1948 qui
1722 1862 1760 1929 F.
1784 1863 1945 1949 quondam

297 1965 485 2052 imperatori
519 1962 682 2028 adherens
717 1967 829 2026 contra
863 1961 1035 2026 ecclesiam
1073 1967 1106 2026 et
1143 1961 1245 2048 ipsius
1283 1963 1391 2027 fautor
1426 1963 1618 2029 manifestus
1648 1965 1792 2031 existens
1802 1965 1826 2048 ²,
1857 1968 1945 2034 bona

296 2070 460 2158 prioratus
491 2065 637 2131 ciusdem
660 2065 818 2152 dilapidat
841 2066 1017 2130 enormiter
1049 2072 1082 2130 et
1117 2067 1294 2146 consumit,
1317 2087 1358 2130 ea
1384 2089 1443 2154 pro
1474 2068 1590 2132 maiori
1612 2076 1705 2154 parte
1727 2070 1761 2133 in
1784 2091 1946 2158 expensas

297 2196 355 2262 pro
383 2172 462 2237 dicti
488 2170 525 2235 F.
549 2170 714 2255 obsequiis
743 2169 857 2235 illicite
893 2168 1126 2250 convertendo,
1160 2171 1193 2233 in
1220 2171 1349 2256 proprie
1379 2170 1494 2235 salutis
1522 2171 1726 2258 dispendium
1761 2185 1795 2238 et
1827 2175 1945 2261 prefati

297 2278 460 2376 prioratus
497 2274 655 2340 lesionem
688 2294 753 2338 non
787 2272 959 2353 modicam,
996 2271 1037 2338 ad
1071 2279 1195 2338 tantam
1229 2274 1369 2359 inopiam
1409 2275 1474 2340 iam
1510 2274 1656 2356 devenit,
1684 2276 1770 2362 quod
1802 2297 1943 2364 persone

300 2383 380 2448 inihi
402 2381 592 2460 existentes,
614 2378 691 2442 licet
708 2379 772 2443 sint
787 2378 883 2443 solito
899 2378 1071 2464 pauciores
1087 2399 1147 2442 nec
1170 2399 1234 2442 non
1259 2429 1265 2442 .
1288 2429 1295 2443 .
1317 2429 1324 2443 .
1347 2389 1385 2458 .“,
1409 2379 1472 2443 sibi
1495 2379 1536 2444 de
1559 2379 1652 2444 bouis
1673 2379 1760 2445 illius
1776 2388 1943 2467 nequeunt

299 2487 494 2552 ministrare.
538 2479 647 2555 Quare
670 2482 782 2568 petisti
805 2502 904 2567 super
933 2480 995 2545 hoc
1026 2502 1046 2544 a
1075 2481 1169 2546 nobis
1201 2501 1381 2566 congruum
1409 2481 1588 2549 remedium
1612 2482 1771 2550 adhiberi.
1815 2484 1867 2551 De
1890 2491 1947 2551 tua

299 2593 400 2678 igitur
422 2588 713 2674 circumspectione
744 2588 874 2672 plenam
907 2585 940 2650 in
969 2585 1109 2650 Domino
1133 2585 1284 2649 fiduciam
1308 2586 1492 2652 obtinentes
1515 2595 1549 2652 et
1572 2587 1741 2672 cupientes
1764 2586 1945 2675 indempni-

297 2696 357 2760 tati
387 2691 532 2760 eiusdem
562 2691 723 2776 prioratus
754 2694 891 2776 paterna
921 2690 1138 2756 sollicitudine
1169 2711 1365 2776 precavere,
1390 2690 1597 2772 mandamus,
1629 2694 1781 2778 quatinus
1806 2693 1946 2758 eundem

297 2799 478 2886 prioratum
507 2794 565 2858 tali
588 2814 728 2880 persone
750 2791 999 2878 gubernandum
1026 2792 1219 2870 committas,
1243 2814 1306 2879 que
1330 2794 1409 2858 velit
1431 2800 1465 2860 et
1488 2796 1592 2882 possit
1614 2795 1700 2861 bona
1723 2797 1794 2862 eius
1818 2797 1945 2884 eripere

299 2923 338 2966 ac
361 2901 443 2965 tueri
473 2919 512 2964 ao
538 2899 644 2983 ipsum
670 2897 704 2961 in
731 2897 817 2962 bono
847 2902 934 2962 statu
956 2895 1133 2981 diligenter
1155 2903 1188 2960 et
1209 2897 1345 2971 viriliter
1370 2918 1580 2973 conservare;
1605 2900 1859 2966 contradictores
1883 2906 1945 2967 cte.

404 3020 482 3087 Dat.
504 3018 667 3103 Lugduni,
690 3016 772 3110 XVI
794 3014 868 3083 Kal.
893 3016 1046 3102 Augusti,
1069 3037 1154 3080 anno
1171 3015 1226 3080 V⁰.

1077 3437 1164 3512 415.

402 3551 620 3647 Innocentius
633 3580 687 3646 IV
704 3599 796 3661 popo
814 3573 972 3662 [chrioo
984 3561 1075 3663 ΠΙ]
1096 3581 1235 3663 episcopo
1256 3578 1483 3674 Arpcntinonsi
1504 3581 1649 3665 mandat,
1677 3585 1712 3646 nt
1739 3582 1946 3648 cacommnni

297 3685 430 3752 sotionis
450 3691 480 3752 ot
495 3685 653 3750 interdicti
666 3683 836 3748 sententias
858 3683 892 3745 in
908 3682 988 3746 cives
1002 3681 1199 3747 Basilienses
1208 3704 1272 3765 pro
1286 3703 1320 3748 co
1334 3683 1426 3762 tatas,
1441 3683 1524 3767 qnod
1542 3685 1578 3749 in
1588 3682 1733 3769 sconem
1747 3684 1945 3772 F[ridorici]

298 3791 455 3874 qrcondom
477 3789 678 3871 imperatoris
695 3787 853 3868 pototinrn
875 3786 1011 3867 episcopi
1031 3787 1082 3850 sni
1100 3785 1252 3871 fonditus
1273 3785 1494 3866 maturuerint,
1516 3807 1613 3870 nsque
1634 3787 1679 3854 od
1698 3788 1947 3875 satisfactionem

298 3895 484 3978 omiipnom
505 3892 729 3957 inviolabiliter
752 3890 910 3955 observari
927 3887 1041 3974 saciat.
1601 3895 1695 3973 2247,
1718 3893 1782 3962 Iat.
1805 3895 1859 3958 26.

401 4015 465 4069 Iena
479 4011 529 4068 IV
543 4012 607 4081 Rop.
626 4011 799 4079 Vot.1,440,·
816 4009 878 4065 Lib.
896 4009 980 4078 V,60.
1018 4009 1118 4064 Pertsii
1135 4011 1269 4080 amplos
1285 4011 1444 4064 sustulimus
1466 4025 1526 4064 nrm
1543 4009 1688 4080 Storatoo,
1712 4013 1784 4068 euru.
1805 4009 1946 4070 Francisc.

296 4107 313 4155 t.
332 4101 358 4168 I,
373 4117 402 4169 p.
420 4107 479 4169 4⁷4,
496 4116 524 4154 n.
543 4105 601 4154 221.

400 4187 532 4253 Poritos,
551 4185 615 4254 nso.
636 4191 731 4252 rossa
749 4185 847 4253 Beroe
863 4189 934 4238 sros.

787 4421 796 4437 .
826 4420 835 4438 .
864 4362 1085 4456 episcopo
1113 4363 1453 4456 Argentinensi.

407 4517 548 4583 Grarem
565 4515 764 4583 venerabilis
782 4514 891 4580 fratris
915 4565 922 4579 .
946 4565 953 4579 .
979 4514 1125 4600 episcopi
1147 4521 1179 4578 et
1196 4513 1388 4580 dilectorum
1404 4515 1544 4579 filiorum
1560 4514 1696 4600 capituli
1711 4513 1946 4581 Basiliensium

298 4623 479 4709 recepimus
504 4620 724 4706 questionem,
747 4618 834 4705 quod
857 4619 933 4682 licet
956 4617 1043 4682 circs
1060 4616 1261 4683 Basilienses
1285 4618 1356 4682 iura
1377 4617 1479 4704 ipsius
1502 4617 1646 4703 episcopi
1670 4624 1703 4685 et
1727 4619 1865 4685 ecclesie
1888 4641 1945 4686 sue

297 4747 428 4791 serrare
460 4725 554 4788 illesa
581 4724 762 4787 iuramento
789 4722 928 4808 prestito
956 4727 1144 4800 teneantur,
1176 4722 1239 4809 ipsi
1272 4727 1382 4786 temen
1412 4722 1444 4785 in
1467 4721 1611 4784 savorem
1641 4719 1678 4787 F.
1702 4722 1863 4807 quondam
1886 4724 1945 4787 im-

296 4831 472 4918 peratoris,
504 4829 556 4892 eui
583 4848 643 4914 pro
673 4847 773 4912 posse
797 4826 972 4906 assistunt,
997 4813 1350 4890 contra'inramentum
1377 4825 1543 4911 proprium
1565 4830 1690 4890 temere
1713 4826 1885 4892 venientes
1908 4847 1946 4891 ac

299 4934 539 5020 degenerantes
563 4930 603 4996 de
627 4931 700 4996 filiis
722 4931 755 4994 in
776 4930 944 5016 privignos
968 4949 1116 4993 necnon
1140 4936 1324 5016 pugnantes
1347 4929 1446 5016 impie
1470 4936 1582 4995 contra
1605 4937 1751 5012 matrem,
1775 4931 1945 5017 palatium,

219 5063 245 5103 ss
298 5037 384 5124 quod
416 5038 449 5102 in
481 5037 613 5101 civitate
639 5033 816 5098 Basiliensi
844 5032 949 5097 dictus
984 5031 1127 5097 habebat
1161 5033 1353 5119 episcopus,
1380 5031 1527 5098 funditus
1556 5031 1803 5114 destruxerunt,
1836 5035 1884 5100 eis
1913 5040 1947 5100 et

298 5142 384 5208 clero
412 5139 602 5205 Basiliensis
631 5137 769 5203 diocesis
797 5138 909 5222 peiora
940 5135 1047 5200 lacere
1081 5136 1287 5214 cominando;
1317 5143 1451 5223 propter
1483 5136 1568 5222 quod
1596 5136 1682 5202 idem
1713 5137 1885 5225 episcopus
1913 5139 1947 5204 in

297 5267 364 5328 ecs,
387 5245 464 5330 quia
485 5243 660 5328 diligenter
682 5242 723 5307 ab
746 5241 818 5328 ipso
841 5240 957 5305 moniti
980 5261 1080 5326 super
1100 5240 1162 5305 hoc
1187 5241 1377 5306 satisfacere
1400 5262 1438 5305 ae
1461 5241 1654 5328 resipiscere
1676 5262 1697 5305 a
1719 5262 1778 5307 sua
1801 5242 1947 5328 nequitia

398 5507 423 5568 ⁸)
441 5506 469 5556 in
488 5505 519 5556 Ii.
539 5505 639 5570 aliquid
657 5501 778 5555 seddim
795 5501 902 5554 vidctis.

401 5628 427 5694 1)
445 5624 505 5692 Lep.
525 5622 696 5677 ‘Attr'ctrtotre'
713 5622 731 5675 i.
751 5639 772 5676 e.
791 5617 921 5688 Artena,
939 5637 961 5676 s.
980 5636 1042 5677 mar.
1060 5621 1106 5674 cio.
1126 5620 1299 5676 Monam.
1402 5619 1430 5688 2)
1448 5615 1505 5673 Sub
1523 5635 1549 5674 a.
1564 5625 1633 5688 mse,
1651 5617 1720 5674 Nou.
1738 5627 1771 5674 st
1782 5637 1859 5690 papa
1875 5619 1948 5678 itanc

219 5731 245 5768 rc
296 5711 415 5767 cinctam
432 5728 512 5765 sunm
529 5709 723 5779 appellaremt5
739 5710 771 5777 cs.
789 5726 816 5762 n.
829 5713 882 5762 261.
918 5703 961 5760 Do
978 5705 1064 5760 codem
1081 5710 1171 5762 comto
1188 5709 1221 5776 cs.
1240 5708 1317 5762 etiam
1334 5707 1432 5776 Hesper
1448 5711 1518 5760 3110.
