<?xml version="1.0" encoding="UTF-8"?>
<!DOCTYPE html PUBLIC "-//W3C//DTD XHTML 1.0 Transitional//EN"
    "http://www.w3.org/TR/xhtml1/DTD/xhtml1-transitional.dtd">
<html xmlns="http://www.w3.org/1999/xhtml" xml:lang="en" lang="en">
 <head>
  <title>
</title>
<meta http-equiv="Content-Type" content="text/html;charset=utf-8" />
  <meta name='ocr-system' content='tesseract 3.04.00' />
  <meta name='ocr-capabilities' content='ocr_page ocr_carea ocr_par ocr_line ocrx_word'/>
</head>
<body>
  <div class='ocr_page' id='page_1' title='image "./monumentagerman00popegoog_0409.png"; bbox 0 0 4328 6232; ppageno 0'>
   <div class='ocr_carea' id='block_1_1' title="bbox 249 339 1348 412">
    <p class='ocr_par' dir='ltr' id='par_1_1' title="bbox 249 339 1348 412">
     <span class='ocr_line' id='line_1_1' title="bbox 249 339 1348 412; baseline -0.012 0"><span class='ocrx_word' id='word_1_1' title='bbox 249 350 312 412; x_wconf 79' lang='lat'><strong>390</strong></span> <span class='ocrx_word' id='word_1_2' title='bbox 806 341 854 399; x_wconf 78' lang='lat' dir='ltr'><strong>ux</strong></span> <span class='ocrx_word' id='word_1_3' title='bbox 873 339 1091 398; x_wconf 76' lang='lat' dir='ltr'><strong>Innocuurn</strong></span> <span class='ocrx_word' id='word_1_4' title='bbox 1109 339 1148 397; x_wconf 82' lang='lat' dir='ltr'><strong>lv</strong></span> <span class='ocrx_word' id='word_1_5' title='bbox 1167 339 1348 399; x_wconf 76' lang='lat' dir='ltr'><strong>REGlS&#39;l&#39;RO</strong></span> 
     </span>
    </p>
   </div>
   <div class='ocr_carea' id='block_1_2' title="bbox 248 517 1910 2884">
    <p class='ocr_par' dir='ltr' id='par_1_2' title="bbox 248 517 1910 2884">
     <span class='ocr_line' id='line_1_2' title="bbox 249 517 1905 606; baseline 0.001 -23"><span class='ocrx_word' id='word_1_6' title='bbox 249 520 426 606; x_wconf 88' lang='lat' dir='ltr'><strong>imperator</strong></span> <span class='ocrx_word' id='word_1_7' title='bbox 448 520 615 605; x_wconf 84' lang='lat' dir='ltr'><strong>propriam</strong></span> <span class='ocrx_word' id='word_1_8' title='bbox 636 518 835 604; x_wconf 83' lang='lat' dir='ltr'><strong>negligendo</strong></span> <span class='ocrx_word' id='word_1_9' title='bbox 860 519 1000 583; x_wconf 89' lang='lat' dir='ltr'><strong>salutem</strong></span> <span class='ocrx_word' id='word_1_10' title='bbox 1023 517 1373 582; x_wconf 82' lang='lat' dir='ltr'><strong>excommunicationis</strong></span> <span class='ocrx_word' id='word_1_11' title='bbox 1404 518 1614 599; x_wconf 89' lang='lat' dir='ltr'><strong>senteutiam,</strong></span> <span class='ocrx_word' id='word_1_12' title='bbox 1644 539 1744 606; x_wconf 88' lang='lat' dir='ltr'><strong>quarn</strong></span> <span class='ocrx_word' id='word_1_13' title='bbox 1773 520 1807 584; x_wconf 92' lang='lat' dir='ltr'><strong>iu</strong></span> <span class='ocrx_word' id='word_1_14' title='bbox 1830 541 1905 585; x_wconf 88' lang='lat' dir='ltr'><strong>eum</strong></span> 
     </span>
     <span class='ocr_line' id='line_1_3' title="bbox 249 620 1906 710; baseline 0.001 -23"><span class='ocrx_word' id='word_1_15' title='bbox 249 625 316 687; x_wconf 90' lang='lat' dir='ltr'><strong>suis</strong></span> <span class='ocrx_word' id='word_1_16' title='bbox 347 623 452 709; x_wconf 88' lang='lat' dir='ltr'><strong>culpis</strong></span> <span class='ocrx_word' id='word_1_17' title='bbox 484 622 693 707; x_wconf 79' lang='lat' dir='ltr'><strong>exigentibus</strong></span> <span class='ocrx_word' id='word_1_18' title='bbox 722 624 865 687; x_wconf 87' lang='lat' dir='ltr'><strong>ecclesia</strong></span> <span class='ocrx_word' id='word_1_19' title='bbox 887 623 1038 687; x_wconf 87' lang='lat' dir='ltr'><strong>Romana</strong></span> <span class='ocrx_word' id='word_1_20' title='bbox 1063 622 1261 707; x_wconf 79' lang='lat' dir='ltr'><strong>protulerat,</strong></span> <span class='ocrx_word' id='word_1_21' title='bbox 1289 620 1545 707; x_wconf 86' lang='lat' dir='ltr'><strong>dampnabiliter</strong></span> <span class='ocrx_word' id='word_1_22' title='bbox 1571 625 1843 710; x_wconf 79' lang='lat' dir='ltr'><strong>contempnebat,</strong></span> <span class='ocrx_word' id='word_1_23' title='bbox 1872 632 1906 691; x_wconf 89' lang='lat' dir='ltr'><strong>et</strong></span> 
     </span>
     <span class='ocr_line' id='line_1_4' title="bbox 249 723 1905 813; baseline 0.001 -22"><span class='ocrx_word' id='word_1_24' title='bbox 249 733 466 813; x_wconf 85' lang='lat' dir='ltr'><strong>expectantes</strong></span> <span class='ocrx_word' id='word_1_25' title='bbox 501 726 624 790; x_wconf 90' lang='lat' dir='ltr'><strong>diutius</strong></span> <span class='ocrx_word' id='word_1_26' title='bbox 658 732 695 789; x_wconf 91' lang='lat' dir='ltr'><strong>ut</strong></span> <span class='ocrx_word' id='word_1_27' title='bbox 728 747 904 812; x_wconf 89' lang='lat' dir='ltr'><strong>percussus</strong></span> <span class='ocrx_word' id='word_1_28' title='bbox 938 724 1052 788; x_wconf 91' lang='lat' dir='ltr'><strong>dolens</strong></span> <span class='ocrx_word' id='word_1_29' title='bbox 1086 723 1129 788; x_wconf 89' lang='lat' dir='ltr'><strong>ad</strong></span> <span class='ocrx_word' id='word_1_30' title='bbox 1161 723 1397 810; x_wconf 86' lang='lat' dir='ltr'><strong>percutientem</strong></span> <span class='ocrx_word' id='word_1_31' title='bbox 1433 746 1468 789; x_wconf 91' lang='lat' dir='ltr'><strong>se</strong></span> <span class='ocrx_word' id='word_1_32' title='bbox 1499 727 1531 789; x_wconf 90' lang='lat' dir='ltr'><strong>in</strong></span> <span class='ocrx_word' id='word_1_33' title='bbox 1564 726 1750 793; x_wconf 89' lang='lat' dir='ltr'><strong>humilitate</strong></span> <span class='ocrx_word' id='word_1_34' title='bbox 1784 727 1905 793; x_wconf 83' lang='lat' dir='ltr'><strong>rediret</strong></span> 
     </span>
     <span class='ocr_line' id='line_1_5' title="bbox 249 826 1905 914; baseline 0.002 -21"><span class='ocrx_word' id='word_1_35' title='bbox 249 830 414 895; x_wconf 91' lang='lat' dir='ltr'><strong>dominum</strong></span> <span class='ocrx_word' id='word_1_36' title='bbox 440 831 642 894; x_wconf 85' lang='lat' dir='ltr'><strong>exercituum</strong></span> <span class='ocrx_word' id='word_1_37' title='bbox 667 829 872 914; x_wconf 86' lang='lat' dir='ltr'><strong>inquirendo,</strong></span> <span class='ocrx_word' id='word_1_38' title='bbox 896 830 1005 906; x_wconf 91' lang='lat' dir='ltr'><strong>immo,</strong></span> <span class='ocrx_word' id='word_1_39' title='bbox 1030 827 1116 912; x_wconf 94' lang='lat' dir='ltr'><strong>quod</strong></span> <span class='ocrx_word' id='word_1_40' title='bbox 1140 826 1290 891; x_wconf 89' lang='lat' dir='ltr'><strong>dolentes</strong></span> <span class='ocrx_word' id='word_1_41' title='bbox 1314 829 1495 908; x_wconf 80' lang='lat' dir='ltr'><strong>referimus,</strong></span> <span class='ocrx_word' id='word_1_42' title='bbox 1518 829 1668 895; x_wconf 87' lang='lat' dir='ltr'><strong>indurato</strong></span> <span class='ocrx_word' id='word_1_43' title='bbox 1684 831 1785 897; x_wconf 92' lang='lat' dir='ltr'><strong>corde</strong></span> <span class='ocrx_word' id='word_1_44' title='bbox 1801 831 1905 897; x_wconf 90' lang='lat' dir='ltr'><strong>medi-</strong></span> 
     </span>
     <span class='ocr_line' id='line_1_6' title="bbox 249 930 1904 1023; baseline 0.002 -26"><span class='ocrx_word' id='word_1_45' title='bbox 249 935 355 998; x_wconf 89' lang='lat' dir='ltr'><strong>cinam</strong></span> <span class='ocrx_word' id='word_1_46' title='bbox 379 933 560 998; x_wconf 84' lang='lat' dir='ltr'><strong>exborrens</strong></span> <span class='ocrx_word' id='word_1_47' title='bbox 584 940 618 996; x_wconf 91' lang='lat' dir='ltr'><strong>et</strong></span> <span class='ocrx_word' id='word_1_48' title='bbox 640 933 897 1017; x_wconf 86' lang='lat' dir='ltr'><strong>increpationem</strong></span> <span class='ocrx_word' id='word_1_49' title='bbox 928 930 1143 996; x_wconf 88' lang='lat' dir='ltr'><strong>abhominaus</strong></span> <span class='ocrx_word' id='word_1_50' title='bbox 1175 931 1348 1016; x_wconf 83' lang='lat' dir='ltr'><strong>discipline</strong></span> <span class='ocrx_word' id='word_1_51' title='bbox 1378 954 1416 996; x_wconf 94' lang='lat' dir='ltr'><strong>ac</strong></span> <span class='ocrx_word' id='word_1_52' title='bbox 1445 933 1599 997; x_wconf 90' lang='lat' dir='ltr'><strong>malleum</strong></span> <span class='ocrx_word' id='word_1_53' title='bbox 1626 935 1717 1000; x_wconf 81' lang='lat' dir='ltr'><strong>velut</strong></span> <span class='ocrx_word' id='word_1_54' title='bbox 1750 937 1904 1023; x_wconf 88' lang='lat' dir='ltr'><strong>stipulam</strong></span> 
     </span>
     <span class='ocr_line' id='line_1_7' title="bbox 248 1034 1905 1125; baseline 0.004 -26"><span class='ocrx_word' id='word_1_55' title='bbox 248 1042 406 1122; x_wconf 91' lang='lat' dir='ltr'><strong>reputans</strong></span> <span class='ocrx_word' id='word_1_56' title='bbox 435 1058 498 1100; x_wconf 91' lang='lat' dir='ltr'><strong>uon</strong></span> <span class='ocrx_word' id='word_1_57' title='bbox 528 1036 632 1099; x_wconf 90' lang='lat' dir='ltr'><strong>solum</strong></span> <span class='ocrx_word' id='word_1_58' title='bbox 661 1036 752 1099; x_wconf 90' lang='lat' dir='ltr'><strong>nulls</strong></span> <span class='ocrx_word' id='word_1_59' title='bbox 781 1034 972 1121; x_wconf 89' lang='lat' dir='ltr'><strong>penitudine</strong></span> <span class='ocrx_word' id='word_1_60' title='bbox 1004 1054 1039 1097; x_wconf 90' lang='lat' dir='ltr'><strong>se</strong></span> <span class='ocrx_word' id='word_1_61' title='bbox 1071 1036 1229 1114; x_wconf 83' lang='lat' dir='ltr'><strong>correxit,</strong></span> <span class='ocrx_word' id='word_1_62' title='bbox 1262 1056 1375 1099; x_wconf 91' lang='lat' dir='ltr'><strong>verum</strong></span> <span class='ocrx_word' id='word_1_63' title='bbox 1404 1037 1502 1100; x_wconf 90' lang='lat' dir='ltr'><strong>etism</strong></span> <span class='ocrx_word' id='word_1_64' title='bbox 1534 1036 1704 1103; x_wconf 89' lang='lat' dir='ltr'><strong>addicicus</strong></span> <span class='ocrx_word' id='word_1_65' title='bbox 1733 1048 1905 1125; x_wconf 88' lang='lat' dir='ltr'><strong>peccatum</strong></span> 
     </span>
     <span class='ocr_line' id='line_1_8' title="bbox 250 1137 1906 1226; baseline 0.004 -23"><span class='ocrx_word' id='word_1_66' title='bbox 250 1141 396 1226; x_wconf 85' lang='lat' dir='ltr'><strong>peccatis</strong></span> <span class='ocrx_word' id='word_1_67' title='bbox 436 1146 549 1203; x_wconf 88' lang='lat' dir='ltr'><strong>contra</strong></span> <span class='ocrx_word' id='word_1_68' title='bbox 589 1161 624 1203; x_wconf 88' lang='lat' dir='ltr'><strong>se</strong></span> <span class='ocrx_word' id='word_1_69' title='bbox 663 1139 820 1203; x_wconf 86' lang='lat' dir='ltr'><strong>audacter</strong></span> <span class='ocrx_word' id='word_1_70' title='bbox 853 1139 993 1203; x_wconf 82' lang='lat' dir='ltr'><strong>irritavit</strong></span> <span class='ocrx_word' id='word_1_71' title='bbox 1026 1137 1218 1218; x_wconf 90' lang='lat' dir='ltr'><strong>Dominum,</strong></span> <span class='ocrx_word' id='word_1_72' title='bbox 1259 1138 1305 1201; x_wconf 88' lang='lat' dir='ltr'><strong>in</strong></span> <span class='ocrx_word' id='word_1_73' title='bbox 1327 1140 1470 1202; x_wconf 89' lang='lat' dir='ltr'><strong>ecelesia</strong></span> <span class='ocrx_word' id='word_1_74' title='bbox 1503 1160 1563 1205; x_wconf 89' lang='lat' dir='ltr'><strong>sua</strong></span> <span class='ocrx_word' id='word_1_75' title='bbox 1597 1152 1693 1206; x_wconf 84' lang='lat' dir='ltr'><strong>eum·</strong></span> <span class='ocrx_word' id='word_1_76' title='bbox 1726 1144 1759 1207; x_wconf 91' lang='lat' dir='ltr'><strong>in</strong></span> <span class='ocrx_word' id='word_1_77' title='bbox 1794 1145 1906 1209; x_wconf 89' lang='lat' dir='ltr'><strong>multis</strong></span> 
     </span>
     <span class='ocr_line' id='line_1_9' title="bbox 252 1241 1906 1332; baseline 0.004 -25"><span class='ocrx_word' id='word_1_78' title='bbox 252 1245 445 1328; x_wconf 83' lang='lat' dir='ltr'><strong>gravissime</strong></span> <span class='ocrx_word' id='word_1_79' title='bbox 470 1241 708 1330; x_wconf 90' lang='lat' dir='ltr'><strong>persequendo,</strong></span> <span class='ocrx_word' id='word_1_80' title='bbox 732 1242 872 1307; x_wconf 90' lang='lat' dir='ltr'><strong>eundem</strong></span> <span class='ocrx_word' id='word_1_81' title='bbox 896 1243 932 1308; x_wconf 82' lang='lat' dir='ltr'><strong>F.</strong></span> <span class='ocrx_word' id='word_1_82' title='bbox 956 1242 998 1306; x_wconf 90' lang='lat' dir='ltr'><strong>ab</strong></span> <span class='ocrx_word' id='word_1_83' title='bbox 1022 1243 1109 1306; x_wconf 90' lang='lat' dir='ltr'><strong>omni</strong></span> <span class='ocrx_word' id='word_1_84' title='bbox 1133 1242 1292 1326; x_wconf 88' lang='lat' dir='ltr'><strong>dignitate</strong></span> <span class='ocrx_word' id='word_1_85' title='bbox 1316 1263 1354 1306; x_wconf 90' lang='lat' dir='ltr'><strong>ac</strong></span> <span class='ocrx_word' id='word_1_86' title='bbox 1376 1242 1511 1323; x_wconf 91' lang='lat' dir='ltr'><strong>honore,</strong></span> <span class='ocrx_word' id='word_1_87' title='bbox 1534 1245 1652 1330; x_wconf 90' lang='lat' dir='ltr'><strong>quibus</strong></span> <span class='ocrx_word' id='word_1_88' title='bbox 1676 1267 1712 1310; x_wconf 89' lang='lat' dir='ltr'><strong>se</strong></span> <span class='ocrx_word' id='word_1_89' title='bbox 1735 1247 1906 1332; x_wconf 84' lang='lat' dir='ltr'><strong>indignum</strong></span> 
     </span>
     <span class='ocr_line' id='line_1_10' title="bbox 252 1346 1908 1432; baseline 0.002 -21"><span class='ocrx_word' id='word_1_90' title='bbox 252 1346 447 1428; x_wconf 90' lang='lat' dir='ltr'><strong>reddiderat,</strong></span> <span class='ocrx_word' id='word_1_91' title='bbox 472 1347 700 1412; x_wconf 88' lang='lat' dir='ltr'><strong>sententiando</strong></span> <span class='ocrx_word' id='word_1_92' title='bbox 725 1348 924 1432; x_wconf 81' lang='lat' dir='ltr'><strong>privavimus</strong></span> <span class='ocrx_word' id='word_1_93' title='bbox 947 1367 986 1410; x_wconf 91' lang='lat' dir='ltr'><strong>ac</strong></span> <span class='ocrx_word' id='word_1_94' title='bbox 1009 1367 1134 1425; x_wconf 90' lang='lat' dir='ltr'><strong>omnes,</strong></span> <span class='ocrx_word' id='word_1_95' title='bbox 1165 1346 1220 1430; x_wconf 90' lang='lat' dir='ltr'><strong>qui</strong></span> <span class='ocrx_word' id='word_1_96' title='bbox 1244 1346 1275 1410; x_wconf 93' lang='lat' dir='ltr'><strong>ei</strong></span> <span class='ocrx_word' id='word_1_97' title='bbox 1298 1347 1497 1411; x_wconf 88' lang='lat' dir='ltr'><strong>tenebantur</strong></span> <span class='ocrx_word' id='word_1_98' title='bbox 1520 1348 1702 1413; x_wconf 88' lang='lat' dir='ltr'><strong>iuramento</strong></span> <span class='ocrx_word' id='word_1_99' title='bbox 1726 1353 1866 1432; x_wconf 84' lang='lat' dir='ltr'><strong>astricti,</strong></span> <span class='ocrx_word' id='word_1_100' title='bbox 1887 1374 1908 1415; x_wconf 94' lang='lat' dir='ltr'><strong>a</strong></span> 
     </span>
     <span class='ocr_line' id='line_1_11' title="bbox 250 1448 1906 1537; baseline 0.002 -21"><span class='ocrx_word' id='word_1_101' title='bbox 250 1454 432 1516; x_wconf 90' lang='lat' dir='ltr'><strong>iuramento</strong></span> <span class='ocrx_word' id='word_1_102' title='bbox 457 1452 644 1516; x_wconf 89' lang='lat' dir='ltr'><strong>huiusmodi</strong></span> <span class='ocrx_word' id='word_1_103' title='bbox 667 1459 827 1537; x_wconf 89' lang='lat' dir='ltr'><strong>perpetuo</strong></span> <span class='ocrx_word' id='word_1_104' title='bbox 851 1451 1005 1515; x_wconf 85' lang='lat' dir='ltr'><strong>duximus</strong></span> <span class='ocrx_word' id='word_1_105' title='bbox 1028 1448 1258 1515; x_wconf 91' lang='lat' dir='ltr'><strong>absolvendos.</strong></span> <span class='ocrx_word' id='word_1_106' title='bbox 1294 1449 1419 1514; x_wconf 85' lang='lat' dir='ltr'><strong>Verum</strong></span> <span class='ocrx_word' id='word_1_107' title='bbox 1443 1450 1521 1535; x_wconf 91' lang='lat' dir='ltr'><strong>quia</strong></span> <span class='ocrx_word' id='word_1_108' title='bbox 1542 1452 1576 1515; x_wconf 92' lang='lat' dir='ltr'><strong>in</strong></span> <span class='ocrx_word' id='word_1_109' title='bbox 1593 1453 1744 1518; x_wconf 89' lang='lat' dir='ltr'><strong>omnibus</strong></span> <span class='ocrx_word' id='word_1_110' title='bbox 1759 1455 1826 1520; x_wconf 90' lang='lat' dir='ltr'><strong>hiis</strong></span> <span class='ocrx_word' id='word_1_111' title='bbox 1842 1478 1906 1520; x_wconf 91' lang='lat' dir='ltr'><strong>non</strong></span> 
     </span>
     <span class='ocr_line' id='line_1_12' title="bbox 254 1555 1910 1642; baseline 0.004 -23"><span class='ocrx_word' id='word_1_112' title='bbox 254 1564 305 1620; x_wconf 90' lang='lat' dir='ltr'><strong>est</strong></span> <span class='ocrx_word' id='word_1_113' title='bbox 327 1557 484 1619; x_wconf 85' lang='lat' dir='ltr'><strong>aversusb</strong></span> <span class='ocrx_word' id='word_1_114' title='bbox 507 1556 598 1620; x_wconf 88' lang='lat' dir='ltr'><strong>furor</strong></span> <span class='ocrx_word' id='word_1_115' title='bbox 620 1557 691 1620; x_wconf 90' lang='lat' dir='ltr'><strong>cius</strong></span> <span class='ocrx_word' id='word_1_116' title='bbox 715 1555 772 1620; x_wconf 91' lang='lat' dir='ltr'><strong>sed</strong></span> <span class='ocrx_word' id='word_1_117' title='bbox 796 1555 902 1619; x_wconf 90' lang='lat' dir='ltr'><strong>adhuc</strong></span> <span class='ocrx_word' id='word_1_118' title='bbox 931 1575 1046 1618; x_wconf 89' lang='lat' dir='ltr'><strong>manus</strong></span> <span class='ocrx_word' id='word_1_119' title='bbox 1075 1555 1146 1618; x_wconf 92' lang='lat' dir='ltr'><strong>eius</strong></span> <span class='ocrx_word' id='word_1_120' title='bbox 1175 1560 1324 1635; x_wconf 85' lang='lat' dir='ltr'><strong>extenta,</strong></span> <span class='ocrx_word' id='word_1_121' title='bbox 1354 1556 1401 1619; x_wconf 94' lang='lat' dir='ltr'><strong>ita</strong></span> <span class='ocrx_word' id='word_1_122' title='bbox 1427 1560 1463 1617; x_wconf 92' lang='lat' dir='ltr'><strong>ut</strong></span> <span class='ocrx_word' id='word_1_123' title='bbox 1489 1557 1588 1642; x_wconf 88' lang='lat' dir='ltr'><strong>plaga</strong></span> <span class='ocrx_word' id='word_1_124' title='bbox 1617 1558 1686 1622; x_wconf 90' lang='lat' dir='ltr'><strong>eiua</strong></span> <span class='ocrx_word' id='word_1_125' title='bbox 1717 1559 1910 1625; x_wconf 90' lang='lat' dir='ltr'><strong>insanabilis</strong></span> 
     </span>
     <span class='ocr_line' id='line_1_13' title="bbox 252 1658 1907 1749; baseline 0.004 -27"><span class='ocrx_word' id='word_1_126' title='bbox 252 1658 411 1735; x_wconf 88' lang='lat' dir='ltr'><strong>videatur,</strong></span> <span class='ocrx_word' id='word_1_127' title='bbox 436 1666 469 1723; x_wconf 90' lang='lat' dir='ltr'><strong>et</strong></span> <span class='ocrx_word' id='word_1_128' title='bbox 493 1659 627 1745; x_wconf 86' lang='lat' dir='ltr'><strong>dignum</strong></span> <span class='ocrx_word' id='word_1_129' title='bbox 652 1666 714 1738; x_wconf 91' lang='lat' dir='ltr'><strong>est,</strong></span> <span class='ocrx_word' id='word_1_130' title='bbox 738 1667 774 1723; x_wconf 92' lang='lat' dir='ltr'><strong>ut</strong></span> <span class='ocrx_word' id='word_1_131' title='bbox 797 1680 878 1744; x_wconf 91' lang='lat' dir='ltr'><strong>quos</strong></span> <span class='ocrx_word' id='word_1_132' title='bbox 904 1658 1031 1722; x_wconf 90' lang='lat' dir='ltr'><strong>divinus</strong></span> <span class='ocrx_word' id='word_1_133' title='bbox 1054 1659 1153 1721; x_wconf 92' lang='lat' dir='ltr'><strong>timor</strong></span> <span class='ocrx_word' id='word_1_134' title='bbox 1176 1679 1195 1721; x_wconf 89' lang='lat' dir='ltr'><strong>a</strong></span> <span class='ocrx_word' id='word_1_135' title='bbox 1218 1659 1304 1722; x_wconf 92' lang='lat' dir='ltr'><strong>malo</strong></span> <span class='ocrx_word' id='word_1_136' title='bbox 1328 1679 1394 1721; x_wconf 92' lang='lat' dir='ltr'><strong>nou</strong></span> <span class='ocrx_word' id='word_1_137' title='bbox 1415 1667 1559 1737; x_wconf 87' lang='lat' dir='ltr'><strong>revocat,</strong></span> <span class='ocrx_word' id='word_1_138' title='bbox 1581 1664 1771 1749; x_wconf 87' lang='lat' dir='ltr'><strong>temporalis</strong></span> <span class='ocrx_word' id='word_1_139' title='bbox 1792 1664 1907 1729; x_wconf 87' lang='lat' dir='ltr'><strong>saltem</strong></span> 
     </span>
     <span class='ocr_line' id='line_1_14' title="bbox 252 1760 1909 1852; baseline 0.002 -26"><span class='ocrx_word' id='word_1_140' title='bbox 252 1770 404 1826; x_wconf 90' lang='lat' dir='ltr'><strong>coerceat</strong></span> <span class='ocrx_word' id='word_1_141' title='bbox 427 1762 611 1849; x_wconf 87' lang='lat' dir='ltr'><strong>disciplina,</strong></span> <span class='ocrx_word' id='word_1_142' title='bbox 636 1763 662 1825; x_wconf 89' lang='lat' dir='ltr'><strong>si</strong></span> <span class='ocrx_word' id='word_1_143' title='bbox 686 1762 769 1826; x_wconf 85' lang='lat' dir='ltr'><strong>forte</strong></span> <span class='ocrx_word' id='word_1_144' title='bbox 794 1762 927 1826; x_wconf 84' lang='lat' dir='ltr'><strong>vexatio</strong></span> <span class='ocrx_word' id='word_1_145' title='bbox 952 1762 982 1825; x_wconf 91' lang='lat' dir='ltr'><strong>ei</strong></span> <span class='ocrx_word' id='word_1_146' title='bbox 1006 1760 1129 1825; x_wconf 92' lang='lat' dir='ltr'><strong>tribuat</strong></span> <span class='ocrx_word' id='word_1_147' title='bbox 1152 1761 1372 1825; x_wconf 88' lang='lat' dir='ltr'><strong>intellectum:</strong></span> <span class='ocrx_word' id='word_1_148' title='bbox 1397 1784 1456 1847; x_wconf 91' lang='lat' dir='ltr'><strong>per</strong></span> <span class='ocrx_word' id='word_1_149' title='bbox 1479 1765 1661 1848; x_wconf 90' lang='lat' dir='ltr'><strong>apostolica</strong></span> <span class='ocrx_word' id='word_1_150' title='bbox 1674 1765 1770 1829; x_wconf 90' lang='lat' dir='ltr'><strong>vobis</strong></span> <span class='ocrx_word' id='word_1_151' title='bbox 1787 1769 1909 1852; x_wconf 87' lang='lat' dir='ltr'><strong>scripta</strong></span> 
     </span>
     <span class='ocr_line' id='line_1_15' title="bbox 253 1863 1907 1951; baseline 0.002 -21"><span class='ocrx_word' id='word_1_152' title='bbox 253 1868 285 1930; x_wconf 94' lang='lat' dir='ltr'><strong>in</strong></span> <span class='ocrx_word' id='word_1_153' title='bbox 315 1867 434 1930; x_wconf 90' lang='lat' dir='ltr'><strong>virtute</strong></span> <span class='ocrx_word' id='word_1_154' title='bbox 465 1867 652 1931; x_wconf 87' lang='lat' dir='ltr'><strong>obedientie</strong></span> <span class='ocrx_word' id='word_1_155' title='bbox 687 1865 834 1930; x_wconf 87' lang='lat' dir='ltr'><strong>districte</strong></span> <span class='ocrx_word' id='word_1_156' title='bbox 868 1863 1079 1950; x_wconf 87' lang='lat' dir='ltr'><strong>precipiendo</strong></span> <span class='ocrx_word' id='word_1_157' title='bbox 1114 1865 1323 1945; x_wconf 86' lang='lat' dir='ltr'><strong>mandamus,</strong></span> <span class='ocrx_word' id='word_1_158' title='bbox 1358 1867 1510 1950; x_wconf 87' lang='lat' dir='ltr'><strong>quatinus</strong></span> <span class='ocrx_word' id='word_1_159' title='bbox 1545 1868 1665 1951; x_wconf 87' lang='lat' dir='ltr'><strong>singuli</strong></span> <span class='ocrx_word' id='word_1_160' title='bbox 1693 1877 1841 1933; x_wconf 88' lang='lat' dir='ltr'><strong>vestrum</strong></span> <span class='ocrx_word' id='word_1_161' title='bbox 1875 1872 1907 1935; x_wconf 92' lang='lat' dir='ltr'><strong>in</strong></span> 
     </span>
     <span class='ocr_line' id='line_1_16' title="bbox 254 1968 1905 2060; baseline 0.004 -28"><span class='ocrx_word' id='word_1_162' title='bbox 254 1971 371 2033; x_wconf 91' lang='lat' dir='ltr'><strong>vestris</strong></span> <span class='ocrx_word' id='word_1_163' title='bbox 395 1971 579 2034; x_wconf 89' lang='lat' dir='ltr'><strong>civitatibus</strong></span> <span class='ocrx_word' id='word_1_164' title='bbox 603 1977 636 2034; x_wconf 91' lang='lat' dir='ltr'><strong>et</strong></span> <span class='ocrx_word' id='word_1_165' title='bbox 660 1970 843 2034; x_wconf 87' lang='lat' dir='ltr'><strong>diocesibus</strong></span> <span class='ocrx_word' id='word_1_166' title='bbox 867 1977 979 2033; x_wconf 89' lang='lat' dir='ltr'><strong>contra</strong></span> <span class='ocrx_word' id='word_1_167' title='bbox 1002 1968 1125 2032; x_wconf 91' lang='lat' dir='ltr'><strong>dictum</strong></span> <span class='ocrx_word' id='word_1_168' title='bbox 1140 1968 1178 2034; x_wconf 82' lang='lat' dir='ltr'><strong>F.</strong></span> <span class='ocrx_word' id='word_1_169' title='bbox 1195 1976 1228 2034; x_wconf 88' lang='lat' dir='ltr'><strong>et</strong></span> <span class='ocrx_word' id='word_1_170' title='bbox 1244 1968 1281 2035; x_wconf 79' lang='lat' dir='ltr'><strong>O.</strong></span> <span class='ocrx_word' id='word_1_171' title='bbox 1298 1976 1411 2033; x_wconf 91' lang='lat' dir='ltr'><strong>natum</strong></span> <span class='ocrx_word' id='word_1_172' title='bbox 1434 1971 1505 2033; x_wconf 88' lang='lat' dir='ltr'><strong>eius</strong></span> <span class='ocrx_word' id='word_1_173' title='bbox 1530 1991 1567 2034; x_wconf 90' lang='lat' dir='ltr'><strong>ao</strong></span> <span class='ocrx_word' id='word_1_174' title='bbox 1591 1971 1737 2036; x_wconf 84' lang='lat' dir='ltr'><strong>fautores</strong></span> <span class='ocrx_word' id='word_1_175' title='bbox 1761 1973 1905 2060; x_wconf 90' lang='lat' dir='ltr'><strong>ipsorum</strong></span> 
     </span>
     <span class='ocr_line' id='line_1_17' title="bbox 252 2071 1907 2162; baseline 0.004 -26"><span class='ocrx_word' id='word_1_176' title='bbox 252 2074 441 2159; x_wconf 89' lang='lat' dir='ltr'><strong>proponatis</strong></span> <span class='ocrx_word' id='word_1_177' title='bbox 465 2074 622 2138; x_wconf 89' lang='lat' dir='ltr'><strong>subiectis</strong></span> <span class='ocrx_word' id='word_1_178' title='bbox 644 2074 737 2138; x_wconf 89' lang='lat' dir='ltr'><strong>vobis</strong></span> <span class='ocrx_word' id='word_1_179' title='bbox 761 2073 890 2159; x_wconf 91' lang='lat' dir='ltr'><strong>populis</strong></span> <span class='ocrx_word' id='word_1_180' title='bbox 914 2071 1049 2136; x_wconf 90' lang='lat' dir='ltr'><strong>verbum</strong></span> <span class='ocrx_word' id='word_1_181' title='bbox 1073 2073 1190 2153; x_wconf 90' lang='lat' dir='ltr'><strong>crucis,</strong></span> <span class='ocrx_word' id='word_1_182' title='bbox 1214 2071 1347 2137; x_wconf 89' lang='lat' dir='ltr'><strong>eosdem</strong></span> <span class='ocrx_word' id='word_1_183' title='bbox 1370 2074 1511 2158; x_wconf 89' lang='lat' dir='ltr'><strong>populos</strong></span> <span class='ocrx_word' id='word_1_184' title='bbox 1535 2073 1692 2139; x_wconf 90' lang='lat' dir='ltr'><strong>adversus</strong></span> <span class='ocrx_word' id='word_1_185' title='bbox 1717 2078 1809 2162; x_wconf 90' lang='lat' dir='ltr'><strong>ipsos</strong></span> <span class='ocrx_word' id='word_1_186' title='bbox 1824 2085 1907 2141; x_wconf 90' lang='lat' dir='ltr'><strong>tam·</strong></span> 
     </span>
     <span class='ocr_line' id='line_1_18' title="bbox 253 2177 1907 2262; baseline 0.007 -23"><span class='ocrx_word' id='word_1_187' title='bbox 253 2198 349 2261; x_wconf 92' lang='lat' dir='ltr'><strong>quam</strong></span> <span class='ocrx_word' id='word_1_188' title='bbox 385 2198 597 2262; x_wconf 86' lang='lat' dir='ltr'><strong>perversores</strong></span> <span class='ocrx_word' id='word_1_189' title='bbox 631 2177 706 2242; x_wconf 82' lang='lat' dir='ltr'><strong>fidei</strong></span> <span class='ocrx_word' id='word_1_190' title='bbox 741 2185 775 2242; x_wconf 92' lang='lat' dir='ltr'><strong>et</strong></span> <span class='ocrx_word' id='word_1_191' title='bbox 807 2177 969 2241; x_wconf 89' lang='lat' dir='ltr'><strong>libertatis</strong></span> <span class='ocrx_word' id='word_1_192' title='bbox 1005 2178 1229 2241; x_wconf 87' lang='lat' dir='ltr'><strong>ecclesiastice</strong></span> <span class='ocrx_word' id='word_1_193' title='bbox 1265 2179 1479 2242; x_wconf 89' lang='lat' dir='ltr'><strong>subversores</strong></span> <span class='ocrx_word' id='word_1_194' title='bbox 1509 2178 1687 2243; x_wconf 91' lang='lat' dir='ltr'><strong>studiosius</strong></span> <span class='ocrx_word' id='word_1_195' title='bbox 1721 2183 1907 2251; x_wconf 78' lang='lat' dir='ltr'><strong>animando.</strong></span> 
     </span>
     <span class='ocr_line' id='line_1_19' title="bbox 255 2281 1908 2369; baseline 0.002 -25"><span class='ocrx_word' id='word_1_196' title='bbox 255 2283 440 2345; x_wconf 89' lang='lat' dir='ltr'><strong>concessuri</strong></span> <span class='ocrx_word' id='word_1_197' title='bbox 468 2283 662 2346; x_wconf 89' lang='lat' dir='ltr'><strong>auctoritate</strong></span> <span class='ocrx_word' id='word_1_198' title='bbox 690 2289 803 2345; x_wconf 88' lang='lat' dir='ltr'><strong>nostra</strong></span> <span class='ocrx_word' id='word_1_199' title='bbox 832 2282 895 2359; x_wconf 91' lang='lat' dir='ltr'><strong>eis,</strong></span> <span class='ocrx_word' id='word_1_200' title='bbox 925 2282 979 2366; x_wconf 93' lang='lat' dir='ltr'><strong>qui</strong></span> <span class='ocrx_word' id='word_1_201' title='bbox 1006 2281 1192 2344; x_wconf 91' lang='lat' dir='ltr'><strong>huiusmodi</strong></span> <span class='ocrx_word' id='word_1_202' title='bbox 1222 2304 1302 2345; x_wconf 90' lang='lat' dir='ltr'><strong>onus</strong></span> <span class='ocrx_word' id='word_1_203' title='bbox 1329 2281 1361 2344; x_wconf 92' lang='lat' dir='ltr'><strong>iu</strong></span> <span class='ocrx_word' id='word_1_204' title='bbox 1391 2283 1532 2367; x_wconf 92' lang='lat' dir='ltr'><strong>propriis</strong></span> <span class='ocrx_word' id='word_1_205' title='bbox 1560 2286 1711 2369; x_wconf 90' lang='lat' dir='ltr'><strong>personis</strong></span> <span class='ocrx_word' id='word_1_206' title='bbox 1745 2293 1780 2350; x_wconf 94' lang='lat' dir='ltr'><strong>et</strong></span> <span class='ocrx_word' id='word_1_207' title='bbox 1810 2286 1908 2351; x_wconf 86' lang='lat' dir='ltr'><strong>rebus</strong></span> 
     </span>
     <span class='ocr_line' id='line_1_20' title="bbox 254 2385 1907 2473; baseline 0.005 -26"><span class='ocrx_word' id='word_1_208' title='bbox 254 2386 507 2469; x_wconf 87' lang='lat' dir='ltr'><strong>assumpserint,</strong></span> <span class='ocrx_word' id='word_1_209' title='bbox 538 2385 611 2449; x_wconf 87' lang='lat' dir='ltr'><strong>illas</strong></span> <span class='ocrx_word' id='word_1_210' title='bbox 640 2407 771 2449; x_wconf 88' lang='lat' dir='ltr'><strong>suorum</strong></span> <span class='ocrx_word' id='word_1_211' title='bbox 799 2391 1006 2471; x_wconf 89' lang='lat' dir='ltr'><strong>peccatorum</strong></span> <span class='ocrx_word' id='word_1_212' title='bbox 1031 2386 1160 2449; x_wconf 90' lang='lat' dir='ltr'><strong>veniam</strong></span> <span class='ocrx_word' id='word_1_213' title='bbox 1189 2392 1222 2449; x_wconf 90' lang='lat' dir='ltr'><strong>et</strong></span> <span class='ocrx_word' id='word_1_214' title='bbox 1253 2385 1507 2470; x_wconf 84' lang='lat' dir='ltr'><strong>indulgentiam,</strong></span> <span class='ocrx_word' id='word_1_215' title='bbox 1538 2408 1601 2471; x_wconf 90' lang='lat' dir='ltr'><strong>que</strong></span> <span class='ocrx_word' id='word_1_216' title='bbox 1625 2389 1907 2473; x_wconf 81' lang='lat' dir='ltr'><strong>proficiscentibus</strong></span> 
     </span>
     <span class='ocr_line' id='line_1_21' title="bbox 254 2488 1907 2577; baseline 0.005 -27"><span class='ocrx_word' id='word_1_217' title='bbox 254 2488 286 2551; x_wconf 92' lang='lat' dir='ltr'><strong>in</strong></span> <span class='ocrx_word' id='word_1_218' title='bbox 315 2488 417 2553; x_wconf 83' lang='lat' dir='ltr'><strong>Terre</strong></span> <span class='ocrx_word' id='word_1_219' title='bbox 447 2488 568 2553; x_wconf 83' lang='lat' dir='ltr'><strong>Sancte</strong></span> <span class='ocrx_word' id='word_1_220' title='bbox 600 2510 790 2553; x_wconf 82' lang='lat' dir='ltr'><strong>succursum</strong></span> <span class='ocrx_word' id='word_1_221' title='bbox 818 2490 851 2551; x_wconf 92' lang='lat' dir='ltr'><strong>in</strong></span> <span class='ocrx_word' id='word_1_222' title='bbox 879 2489 1026 2572; x_wconf 87' lang='lat' dir='ltr'><strong>generali</strong></span> <span class='ocrx_word' id='word_1_223' title='bbox 1057 2488 1196 2552; x_wconf 90' lang='lat' dir='ltr'><strong>coneilio</strong></span> <span class='ocrx_word' id='word_1_224' title='bbox 1228 2495 1302 2551; x_wconf 89' lang='lat' dir='ltr'><strong>sunt</strong></span> <span class='ocrx_word' id='word_1_225' title='bbox 1332 2510 1503 2556; x_wconf 85' lang='lat' dir='ltr'><strong>concesse:</strong></span> <span class='ocrx_word' id='word_1_226' title='bbox 1536 2498 1729 2577; x_wconf 87' lang='lat' dir='ltr'><strong>preceptum</strong></span> <span class='ocrx_word' id='word_1_227' title='bbox 1762 2501 1907 2557; x_wconf 89' lang='lat' dir='ltr'><strong>nostrum</strong></span> 
     </span>
     <span class='ocr_line' id='line_1_22' title="bbox 253 2592 1909 2683; baseline 0.004 -29"><span class='ocrx_word' id='word_1_228' title='bbox 253 2592 365 2656; x_wconf 90' lang='lat' dir='ltr'><strong>taliter</strong></span> <span class='ocrx_word' id='word_1_229' title='bbox 392 2594 575 2678; x_wconf 89' lang='lat' dir='ltr'><strong>impleturi,</strong></span> <span class='ocrx_word' id='word_1_230' title='bbox 606 2592 693 2678; x_wconf 92' lang='lat' dir='ltr'><strong>quod</strong></span> <span class='ocrx_word' id='word_1_231' title='bbox 716 2592 945 2657; x_wconf 82' lang='lat' dir='ltr'><strong>sollicitudinis</strong></span> <span class='ocrx_word' id='word_1_232' title='bbox 969 2599 1078 2656; x_wconf 89' lang='lat' dir='ltr'><strong>vestre</strong></span> <span class='ocrx_word' id='word_1_233' title='bbox 1102 2593 1243 2656; x_wconf 90' lang='lat' dir='ltr'><strong>studium</strong></span> <span class='ocrx_word' id='word_1_234' title='bbox 1267 2594 1391 2657; x_wconf 90' lang='lat' dir='ltr'><strong>clareat</strong></span> <span class='ocrx_word' id='word_1_235' title='bbox 1413 2615 1473 2679; x_wconf 90' lang='lat' dir='ltr'><strong>per</strong></span> <span class='ocrx_word' id='word_1_236' title='bbox 1495 2596 1649 2659; x_wconf 87' lang='lat' dir='ltr'><strong>ellectum</strong></span> <span class='ocrx_word' id='word_1_237' title='bbox 1673 2603 1708 2659; x_wconf 94' lang='lat' dir='ltr'><strong>et</strong></span> <span class='ocrx_word' id='word_1_238' title='bbox 1731 2598 1909 2683; x_wconf 88' lang='lat' dir='ltr'><strong>apostolica</strong></span> 
     </span>
     <span class='ocr_line' id='line_1_23' title="bbox 255 2694 1908 2786; baseline 0.004 -28"><span class='ocrx_word' id='word_1_239' title='bbox 255 2694 360 2774; x_wconf 88' lang='lat' dir='ltr'><strong>sedes,</strong></span> <span class='ocrx_word' id='word_1_240' title='bbox 384 2703 539 2779; x_wconf 90' lang='lat' dir='ltr'><strong>quantum</strong></span> <span class='ocrx_word' id='word_1_241' title='bbox 564 2696 604 2759; x_wconf 90' lang='lat' dir='ltr'><strong>de</strong></span> <span class='ocrx_word' id='word_1_242' title='bbox 626 2697 720 2761; x_wconf 91' lang='lat' dir='ltr'><strong>vobis</strong></span> <span class='ocrx_word' id='word_1_243' title='bbox 745 2695 907 2761; x_wconf 74' lang='lat' dir='ltr'><strong>confidere</strong></span> <span class='ocrx_word' id='word_1_244' title='bbox 931 2694 1063 2777; x_wconf 91' lang='lat' dir='ltr'><strong>debeat,</strong></span> <span class='ocrx_word' id='word_1_245' title='bbox 1091 2697 1123 2759; x_wconf 93' lang='lat' dir='ltr'><strong>in</strong></span> <span class='ocrx_word' id='word_1_246' title='bbox 1148 2697 1207 2760; x_wconf 90' lang='lat' dir='ltr'><strong>hoo</strong></span> <span class='ocrx_word' id='word_1_247' title='bbox 1231 2704 1458 2775; x_wconf 80' lang='lat' dir='ltr'><strong>argumentum</strong></span> <span class='ocrx_word' id='word_1_248' title='bbox 1484 2697 1618 2762; x_wconf 90' lang='lat' dir='ltr'><strong>evidens</strong></span> <span class='ocrx_word' id='word_1_249' title='bbox 1643 2700 1763 2785; x_wconf 91' lang='lat' dir='ltr'><strong>capiat,</strong></span> <span class='ocrx_word' id='word_1_250' title='bbox 1788 2723 1908 2786; x_wconf 83' lang='lat' dir='ltr'><strong>rosque</strong></span> 
     </span>
     <span class='ocr_line' id='line_1_24' title="bbox 255 2797 1203 2884; baseline 0.005 -24"><span class='ocrx_word' id='word_1_251' title='bbox 255 2797 296 2862; x_wconf 91' lang='lat' dir='ltr'><strong>de</strong></span> <span class='ocrx_word' id='word_1_252' title='bbox 320 2797 543 2863; x_wconf 90' lang='lat' dir='ltr'><strong>inobedientia</strong></span> <span class='ocrx_word' id='word_1_253' title='bbox 566 2800 620 2862; x_wconf 92' lang='lat' dir='ltr'><strong>vel</strong></span> <span class='ocrx_word' id='word_1_254' title='bbox 643 2805 833 2884; x_wconf 91' lang='lat' dir='ltr'><strong>contemptu</strong></span> <span class='ocrx_word' id='word_1_255' title='bbox 855 2800 945 2883; x_wconf 86' lang='lat' dir='ltr'><strong>argui</strong></span> <span class='ocrx_word' id='word_1_256' title='bbox 970 2820 1034 2862; x_wconf 90' lang='lat' dir='ltr'><strong>non</strong></span> <span class='ocrx_word' id='word_1_257' title='bbox 1058 2801 1203 2884; x_wconf 85' lang='lat' dir='ltr'><strong>possitis.</strong></span> 
     </span>
    </p>
   </div>
   <div class='ocr_carea' id='block_1_3' title="bbox 239 2919 627 3006">
    <p class='ocr_par' dir='ltr' id='par_1_3' title="bbox 239 2919 627 3006">
     <span class='ocr_line' id='line_1_25' title="bbox 239 2919 627 3006; baseline -0.015 -18"><span class='ocrx_word' id='word_1_258' title='bbox 239 2975 246 2988; x_wconf 91' lang='lat'>.</span> <span class='ocrx_word' id='word_1_259' title='bbox 359 2919 435 2983; x_wconf 91' lang='lat' dir='ltr'><strong>Dat.</strong></span> <span class='ocrx_word' id='word_1_260' title='bbox 460 2926 495 2983; x_wconf 91' lang='lat' dir='ltr'><strong>ut</strong></span> <span class='ocrx_word' id='word_1_261' title='bbox 518 2942 627 3006; x_wconf 90' lang='lat' dir='ltr'><strong>supra.</strong></span> 
     </span>
    </p>
   </div>
   <div class='ocr_carea' id='block_1_4' title="bbox 874 3062 1286 3070">
    <p class='ocr_par' dir='ltr' id='par_1_4' title="bbox 874 3062 1286 3070">
     <span class='ocr_line' id='line_1_26' title="bbox 874 3062 1286 3070; baseline 0.002 -2"><span class='ocrx_word' id='word_1_262' title='bbox 874 3062 1286 3070; x_wconf 56' lang='grc'><strong>*-</strong></span> 
     </span>
    </p>
   </div>
   <div class='ocr_carea' id='block_1_5' title="bbox 1040 3306 1127 3382">
    <p class='ocr_par' dir='ltr' id='par_1_5' title="bbox 1040 3306 1127 3382">
     <span class='ocr_line' id='line_1_27' title="bbox 1040 3306 1127 3382; baseline 0.057 -4"><span class='ocrx_word' id='word_1_263' title='bbox 1040 3306 1127 3382; x_wconf 62' lang='grc'><strong>559.</strong></span> 
     </span>
    </p>
   </div>
   <div class='ocr_carea' id='block_1_6' title="bbox 255 3419 1909 4048">
    <p class='ocr_par' dir='ltr' id='par_1_6' title="bbox 255 3419 1909 4048">
     <span class='ocr_line' id='line_1_28' title="bbox 359 3419 1907 3532; baseline 0.003 -19"><span class='ocrx_word' id='word_1_264' title='bbox 359 3419 578 3513; x_wconf 79' lang='lat' dir='ltr'><strong>Innocentius</strong></span> <span class='ocrx_word' id='word_1_265' title='bbox 600 3443 657 3512; x_wconf 85' lang='lat' dir='ltr'><strong>IV</strong></span> <span class='ocrx_word' id='word_1_266' title='bbox 673 3468 761 3528; x_wconf 79' lang='lat' dir='ltr'><strong>papa</strong></span> <span class='ocrx_word' id='word_1_267' title='bbox 788 3443 950 3532; x_wconf 77' lang='lat' dir='ltr'><strong>fratribus</strong></span> <span class='ocrx_word' id='word_1_268' title='bbox 976 3447 1116 3511; x_wconf 83' lang='lat' dir='ltr'><strong>Hearico</strong></span> <span class='ocrx_word' id='word_1_269' title='bbox 1149 3449 1186 3512; x_wconf 82' lang='lat' dir='ltr'><strong>clc</strong></span> <span class='ocrx_word' id='word_1_270' title='bbox 1212 3449 1413 3532; x_wconf 78' lang='lat' dir='ltr'><strong>Ankcsperpe</strong></span> <span class='ocrx_word' id='word_1_271' title='bbox 1446 3456 1475 3515; x_wconf 90' lang='lat' dir='ltr'><strong>ct</strong></span> <span class='ocrx_word' id='word_1_272' title='bbox 1503 3449 1689 3517; x_wconf 83' lang='lat' dir='ltr'><strong>Hermanno</strong></span> <span class='ocrx_word' id='word_1_273' title='bbox 1726 3454 1765 3517; x_wconf 84' lang='lat' dir='ltr'><strong>de</strong></span> <span class='ocrx_word' id='word_1_274' title='bbox 1796 3454 1907 3518; x_wconf 87' lang='lat' dir='ltr'><strong>Bolen-</strong></span> 
     </span>
     <span class='ocr_line' id='line_1_29' title="bbox 256 3548 1908 3637; baseline 0.004 -26"><span class='ocrx_word' id='word_1_275' title='bbox 256 3548 401 3612; x_wconf 84' lang='lat' dir='ltr'><strong>brnnnen</strong></span> <span class='ocrx_word' id='word_1_276' title='bbox 434 3549 557 3614; x_wconf 82' lang='lat' dir='ltr'><strong>ordinis</strong></span> <span class='ocrx_word' id='word_1_277' title='bbox 588 3550 755 3614; x_wconf 76' lang='lat' dir='ltr'><strong>Minorum</strong></span> <span class='ocrx_word' id='word_1_278' title='bbox 787 3554 815 3614; x_wconf 88' lang='lat' dir='ltr'><strong>et</strong></span> <span class='ocrx_word' id='word_1_279' title='bbox 843 3550 1053 3636; x_wconf 83' lang='lat' dir='ltr'><strong>[Bertlroldo]</strong></span> <span class='ocrx_word' id='word_1_280' title='bbox 1081 3552 1270 3616; x_wconf 80' lang='lat' dir='ltr'><strong>viccdmnino</strong></span> <span class='ocrx_word' id='word_1_281' title='bbox 1301 3553 1529 3634; x_wconf 81' lang='lat' dir='ltr'><strong>Ratisponcnsi</strong></span> <span class='ocrx_word' id='word_1_282' title='bbox 1560 3555 1604 3620; x_wconf 84' lang='lat' dir='ltr'><strong>ad</strong></span> <span class='ocrx_word' id='word_1_283' title='bbox 1630 3577 1741 3637; x_wconf 80' lang='lat' dir='ltr'><strong>preces</strong></span> <span class='ocrx_word' id='word_1_284' title='bbox 1773 3556 1908 3622; x_wconf 84' lang='lat' dir='ltr'><strong>Oonrndi</strong></span> 
     </span>
     <span class='ocr_line' id='line_1_30' title="bbox 255 3653 1908 3741; baseline 0.004 -25"><span class='ocrx_word' id='word_1_285' title='bbox 255 3654 374 3717; x_wconf 74' lang='lat' dir='ltr'><strong>comilis</strong></span> <span class='ocrx_word' id='word_1_286' title='bbox 396 3653 433 3716; x_wconf 81' lang='lat' dir='ltr'><strong>clc</strong></span> <span class='ocrx_word' id='word_1_287' title='bbox 454 3654 658 3719; x_wconf 83' lang='lat' dir='ltr'><strong>Wasserbnrc</strong></span> <span class='ocrx_word' id='word_1_288' title='bbox 679 3654 819 3731; x_wconf 85' lang='lat' dir='ltr'><strong>mundat,</strong></span> <span class='ocrx_word' id='word_1_289' title='bbox 840 3659 876 3717; x_wconf 83' lang='lat' dir='ltr'><strong>nt</strong></span> <span class='ocrx_word' id='word_1_290' title='bbox 897 3658 1006 3719; x_wconf 86' lang='lat' dir='ltr'><strong>contra</strong></span> <span class='ocrx_word' id='word_1_291' title='bbox 1028 3655 1108 3718; x_wconf 85' lang='lat' dir='ltr'><strong>cives</strong></span> <span class='ocrx_word' id='word_1_292' title='bbox 1129 3656 1166 3719; x_wconf 86' lang='lat' dir='ltr'><strong>dc</strong></span> <span class='ocrx_word' id='word_1_293' title='bbox 1185 3655 1369 3735; x_wconf 82' lang='lat' dir='ltr'><strong>Hoclrnowc,</strong></span> <span class='ocrx_word' id='word_1_294' title='bbox 1392 3660 1616 3724; x_wconf 77' lang='lat' dir='ltr'><strong>nrinistrriclcs</strong></span> <span class='ocrx_word' id='word_1_295' title='bbox 1637 3660 1759 3725; x_wconf 85' lang='lat' dir='ltr'><strong>comitis</strong></span> <span class='ocrx_word' id='word_1_296' title='bbox 1781 3665 1811 3724; x_wconf 86' lang='lat' dir='ltr'><strong>et</strong></span> <span class='ocrx_word' id='word_1_297' title='bbox 1828 3660 1908 3741; x_wconf 72' lang='lat' dir='ltr'><strong>filias</strong></span> 
     </span>
     <span class='ocr_line' id='line_1_31' title="bbox 255 3756 1909 3840; baseline 0.004 -21"><span class='ocrx_word' id='word_1_298' title='bbox 255 3776 361 3819; x_wconf 84' lang='lat' dir='ltr'><strong>coram</strong></span> <span class='ocrx_word' id='word_1_299' title='bbox 383 3759 412 3819; x_wconf 87' lang='lat' dir='ltr'><strong>et</strong></span> <span class='ocrx_word' id='word_1_300' title='bbox 437 3756 617 3822; x_wconf 80' lang='lat' dir='ltr'><strong>Conradnm</strong></span> <span class='ocrx_word' id='word_1_301' title='bbox 639 3759 769 3821; x_wconf 86' lang='lat' dir='ltr'><strong>militem</strong></span> <span class='ocrx_word' id='word_1_302' title='bbox 792 3757 828 3821; x_wconf 87' lang='lat' dir='ltr'><strong>dc</strong></span> <span class='ocrx_word' id='word_1_303' title='bbox 852 3757 999 3834; x_wconf 78' lang='lat' dir='ltr'><strong>Sebrnkc,</strong></span> <span class='ocrx_word' id='word_1_304' title='bbox 1026 3759 1082 3839; x_wconf 85' lang='lat' dir='ltr'><strong>qai</strong></span> <span class='ocrx_word' id='word_1_305' title='bbox 1103 3759 1247 3822; x_wconf 83' lang='lat' dir='ltr'><strong>ccclesias</strong></span> <span class='ocrx_word' id='word_1_306' title='bbox 1272 3760 1382 3824; x_wconf 80' lang='lat' dir='ltr'><strong>ilerum</strong></span> <span class='ocrx_word' id='word_1_307' title='bbox 1405 3763 1560 3840; x_wconf 81' lang='lat' dir='ltr'><strong>rebellent,</strong></span> <span class='ocrx_word' id='word_1_308' title='bbox 1583 3765 1909 3828; x_wconf 78' lang='lat' dir='ltr'><strong>cecommnnirnlr‘onis</strong></span> 
     </span>
     <span class='ocr_line' id='line_1_32' title="bbox 256 3859 1908 3950; baseline 0.004 -30"><span class='ocrx_word' id='word_1_309' title='bbox 256 3862 293 3935; x_wconf 90' lang='lat' dir='ltr'><strong>cl,</strong></span> <span class='ocrx_word' id='word_1_310' title='bbox 316 3861 345 3921; x_wconf 85' lang='lat' dir='ltr'><strong>si</strong></span> <span class='ocrx_word' id='word_1_311' title='bbox 362 3878 482 3923; x_wconf 84' lang='lat' dir='ltr'><strong>necesse</strong></span> <span class='ocrx_word' id='word_1_312' title='bbox 502 3859 613 3945; x_wconf 73' lang='lat' dir='ltr'><strong>fucrit,</strong></span> <span class='ocrx_word' id='word_1_313' title='bbox 638 3860 797 3924; x_wconf 80' lang='lat' dir='ltr'><strong>interdicti</strong></span> <span class='ocrx_word' id='word_1_314' title='bbox 819 3861 991 3924; x_wconf 76' lang='lat' dir='ltr'><strong>anitenties</strong></span> <span class='ocrx_word' id='word_1_315' title='bbox 1007 3862 1217 3943; x_wconf 78' lang='lat' dir='ltr'><strong>promalpenl,</strong></span> <span class='ocrx_word' id='word_1_316' title='bbox 1240 3863 1306 3925; x_wconf 83' lang='lat' dir='ltr'><strong>nisi</strong></span> <span class='ocrx_word' id='word_1_317' title='bbox 1327 3863 1422 3948; x_wconf 83' lang='lat' dir='ltr'><strong>infra</strong></span> <span class='ocrx_word' id='word_1_318' title='bbox 1441 3865 1556 3946; x_wconf 70' lang='lat' dir='ltr'><strong>scatron</strong></span> <span class='ocrx_word' id='word_1_319' title='bbox 1578 3869 1806 3950; x_wconf 79' lang='lat' dir='ltr'><strong>aasnrnptionis</strong></span> <span class='ocrx_word' id='word_1_320' title='bbox 1828 3868 1908 3930; x_wconf 82' lang='lat' dir='ltr'><strong>beate</strong></span> 
     </span>
     <span class='ocr_line' id='line_1_33' title="bbox 256 3961 1824 4048; baseline 0.006 -24"><span class='ocrx_word' id='word_1_321' title='bbox 256 3961 387 4025; x_wconf 83' lang='lat' dir='ltr'><strong>Mariae</strong></span> <span class='ocrx_word' id='word_1_322' title='bbox 409 3961 632 4048; x_wconf 72' lang='lat' dir='ltr'><strong>satisfecerint.</strong></span> <span class='ocrx_word' id='word_1_323' title='bbox 1576 3972 1668 4047; x_wconf 80' lang='lat'><strong>1248,</strong></span> <span class='ocrx_word' id='word_1_324' title='bbox 1691 3969 1778 4038; x_wconf 84' lang='lat' dir='ltr'><strong>Mai.</strong></span> <span class='ocrx_word' id='word_1_325' title='bbox 1795 3971 1824 4036; x_wconf 81' lang='lat'><strong>5.</strong></span> 
     </span>
    </p>
   </div>
   <div class='ocr_carea' id='block_1_7' title="bbox 257 4080 1909 4235">
    <p class='ocr_par' dir='ltr' id='par_1_7' title="bbox 257 4080 1909 4235">
     <span class='ocr_line' id='line_1_34' title="bbox 361 4080 1909 4155; baseline 0.006 -23"><span class='ocrx_word' id='word_1_326' title='bbox 361 4080 424 4134; x_wconf 88' lang='lat' dir='ltr'><strong>Inn.</strong></span> <span class='ocrx_word' id='word_1_327' title='bbox 438 4081 486 4135; x_wconf 89' lang='lat' dir='ltr'><strong>IV</strong></span> <span class='ocrx_word' id='word_1_328' title='bbox 500 4082 564 4151; x_wconf 72' lang='lat' dir='ltr'><strong>Rep.</strong></span> <span class='ocrx_word' id='word_1_329' title='bbox 582 4084 635 4139; x_wconf 84' lang='lat' dir='ltr'><strong>Vol.</strong></span> <span class='ocrx_word' id='word_1_330' title='bbox 654 4084 755 4153; x_wconf 81' lang='grc' dir='ltr'><em>Ι,529;</em></span> <span class='ocrx_word' id='word_1_331' title='bbox 774 4085 834 4139; x_wconf 79' lang='lat' dir='ltr'><strong>Lrlr.</strong></span> <span class='ocrx_word' id='word_1_332' title='bbox 851 4084 882 4153; x_wconf 92' lang='lat' dir='ltr'><strong>V,</strong></span> <span class='ocrx_word' id='word_1_333' title='bbox 901 4092 955 4140; x_wconf 75' lang='lat'><em>813.</em></span> <span class='ocrx_word' id='word_1_334' title='bbox 992 4086 1088 4139; x_wconf 72' lang='lat' dir='ltr'><strong>Paeti</strong></span> <span class='ocrx_word' id='word_1_335' title='bbox 1105 4088 1238 4155; x_wconf 85' lang='lat' dir='ltr'><strong>erernplar</strong></span> <span class='ocrx_word' id='word_1_336' title='bbox 1254 4088 1414 4140; x_wconf 69' lang='lat' dir='ltr'><strong>wantelinus</strong></span> <span class='ocrx_word' id='word_1_337' title='bbox 1430 4104 1490 4141; x_wconf 86' lang='lat' dir='ltr'><strong>cnm</strong></span> <span class='ocrx_word' id='word_1_338' title='bbox 1509 4087 1652 4155; x_wconf 66' lang='lat' dir='ltr'><strong>Sanam,</strong></span> <span class='ocrx_word' id='word_1_339' title='bbox 1676 4088 1749 4142; x_wconf 74' lang='lat' dir='ltr'><strong>Bri-tt.</strong></span> <span class='ocrx_word' id='word_1_340' title='bbox 1771 4088 1909 4143; x_wconf 80' lang='lat' dir='ltr'><strong>Frrrncisr.</strong></span> 
     </span>
     <span class='ocr_line' id='line_1_35' title="bbox 257 4168 540 4235; baseline 0.011 -15"><span class='ocrx_word' id='word_1_341' title='bbox 257 4168 540 4235; x_wconf 56' lang='lat' dir='ltr'><strong>mamam</strong></span> 
     </span>
    </p>
   </div>
   <div class='ocr_carea' id='block_1_8' title="bbox 359 4253 881 4326">
    <p class='ocr_par' dir='ltr' id='par_1_8' title="bbox 359 4253 881 4326">
     <span class='ocr_line' id='line_1_36' title="bbox 359 4253 881 4326; baseline 0.006 -19"><span class='ocrx_word' id='word_1_342' title='bbox 359 4253 488 4323; x_wconf 64' lang='lat' dir='ltr'><strong>Potum,</strong></span> <span class='ocrx_word' id='word_1_343' title='bbox 509 4256 572 4325; x_wconf 66' lang='lat' dir='ltr'><strong>Rea.</strong></span> <span class='ocrx_word' id='word_1_344' title='bbox 586 4265 678 4324; x_wconf 57' lang='lat' dir='ltr'><strong><em>1291ae</em></strong></span> <span class='ocrx_word' id='word_1_345' title='bbox 696 4258 796 4326; x_wconf 72' lang='lat' dir='ltr'><strong>Berpcr</strong></span> <span class='ocrx_word' id='word_1_346' title='bbox 807 4264 881 4312; x_wconf 77' lang='lat'><em>3861.</em></span> 
     </span>
    </p>
   </div>
   <div class='ocr_carea' id='block_1_9' title="bbox 284 4451 1913 4936">
    <p class='ocr_par' dir='ltr' id='par_1_9' title="bbox 284 4451 1913 4936">
     <span class='ocr_line' id='line_1_37' title="bbox 479 4451 1690 4550; baseline 0.007 -27"><span class='ocrx_word' id='word_1_347' title='bbox 479 4451 667 4525; x_wconf 87' lang='lat' dir='ltr'><strong>Dilectis</strong></span> <span class='ocrx_word' id='word_1_348' title='bbox 693 4454 805 4526; x_wconf 87' lang='lat' dir='ltr'><strong>filiis</strong></span> <span class='ocrx_word' id='word_1_349' title='bbox 831 4454 1050 4528; x_wconf 85' lang='lat' dir='ltr'><strong>fratribus</strong></span> <span class='ocrx_word' id='word_1_350' title='bbox 1077 4456 1273 4530; x_wconf 86' lang='lat' dir='ltr'><strong>Haurico</strong></span> <span class='ocrx_word' id='word_1_351' title='bbox 1301 4459 1355 4531; x_wconf 89' lang='lat' dir='ltr'><strong>de</strong></span> <span class='ocrx_word' id='word_1_352' title='bbox 1383 4458 1690 4550; x_wconf 73' lang='lat' dir='ltr'><strong>Ankosperge⁰</strong></span> 
     </span>
     <span class='ocr_line' id='line_1_38' title="bbox 284 4571 1885 4656; baseline 0.007 -13"><span class='ocrx_word' id='word_1_353' title='bbox 284 4577 327 4643; x_wconf 83' lang='lat' dir='ltr'><strong>ot</strong></span> <span class='ocrx_word' id='word_1_354' title='bbox 354 4571 612 4646; x_wconf 88' lang='lat' dir='ltr'><strong>Hermanno</strong></span> <span class='ocrx_word' id='word_1_355' title='bbox 640 4574 693 4647; x_wconf 89' lang='lat' dir='ltr'><strong>de</strong></span> <span class='ocrx_word' id='word_1_356' title='bbox 721 4574 1078 4649; x_wconf 87' lang='lat' dir='ltr'><strong>Botenbruuuen</strong></span> <span class='ocrx_word' id='word_1_357' title='bbox 1106 4578 1281 4650; x_wconf 88' lang='lat' dir='ltr'><strong>ordinis</strong></span> <span class='ocrx_word' id='word_1_358' title='bbox 1308 4579 1499 4652; x_wconf 85' lang='lat' dir='ltr'><strong>fratrum</strong></span> <span class='ocrx_word' id='word_1_359' title='bbox 1525 4579 1744 4654; x_wconf 90' lang='lat' dir='ltr'><strong>Minorum</strong></span> <span class='ocrx_word' id='word_1_360' title='bbox 1773 4588 1816 4655; x_wconf 89' lang='lat' dir='ltr'><strong>et</strong></span> <span class='ocrx_word' id='word_1_361' title='bbox 1845 4637 1885 4656; x_wconf 92' lang='lat'><strong>..</strong></span> 
     </span>
     <span class='ocr_line' id='line_1_39' title="bbox 744 4694 1425 4791; baseline 0.01 -25"><span class='ocrx_word' id='word_1_362' title='bbox 744 4694 1029 4769; x_wconf 90' lang='lat' dir='ltr'><strong>vicedomino</strong></span> <span class='ocrx_word' id='word_1_363' title='bbox 1056 4698 1425 4791; x_wconf 77' lang='lat' dir='ltr'><strong>Rarisponensr.</strong></span> 
     </span>
     <span class='ocr_line' id='line_1_40' title="bbox 366 4839 1913 4936; baseline 0.007 -33"><span class='ocrx_word' id='word_1_364' title='bbox 366 4839 516 4905; x_wconf 89' lang='lat' dir='ltr'><strong>Dilectus</strong></span> <span class='ocrx_word' id='word_1_365' title='bbox 541 4842 627 4907; x_wconf 90' lang='lat' dir='ltr'><strong>filius</strong></span> <span class='ocrx_word' id='word_1_366' title='bbox 656 4844 773 4909; x_wconf 89' lang='lat' dir='ltr'><strong>nobilis</strong></span> <span class='ocrx_word' id='word_1_367' title='bbox 796 4847 844 4910; x_wconf 93' lang='lat' dir='ltr'><strong>vir</strong></span> <span class='ocrx_word' id='word_1_368' title='bbox 868 4846 1030 4911; x_wconf 79' lang='lat' dir='ltr'><strong>Corradus</strong></span> <span class='ocrx_word' id='word_1_369' title='bbox 1060 4869 1170 4914; x_wconf 92' lang='lat' dir='ltr'><strong>eomes</strong></span> <span class='ocrx_word' id='word_1_370' title='bbox 1196 4849 1236 4913; x_wconf 94' lang='lat' dir='ltr'><strong>de</strong></span> <span class='ocrx_word' id='word_1_371' title='bbox 1250 4848 1455 4915; x_wconf 86' lang='lat' dir='ltr'><strong>Wazcrburc</strong></span> <span class='ocrx_word' id='word_1_372' title='bbox 1478 4851 1651 4936; x_wconf 90' lang='lat' dir='ltr'><strong>proposuit</strong></span> <span class='ocrx_word' id='word_1_373' title='bbox 1673 4872 1784 4916; x_wconf 91' lang='lat' dir='ltr'><strong>coram</strong></span> <span class='ocrx_word' id='word_1_374' title='bbox 1808 4850 1913 4925; x_wconf 87' lang='lat' dir='ltr'><strong>nobis,</strong></span> 
     </span>
    </p>
   </div>
   <div class='ocr_carea' id='block_1_10' title="bbox 257 4943 1914 5139">
    <p class='ocr_par' dir='ltr' id='par_1_10' title="bbox 257 4943 1914 5139">
     <span class='ocr_line' id='line_1_41' title="bbox 258 4943 1914 5031; baseline 0.008 -26"><span class='ocrx_word' id='word_1_375' title='bbox 258 4943 344 5028; x_wconf 92' lang='lat' dir='ltr'><strong>quod</strong></span> <span class='ocrx_word' id='word_1_376' title='bbox 367 4944 444 5007; x_wconf 92' lang='lat' dir='ltr'><strong>lieet</strong></span> <span class='ocrx_word' id='word_1_377' title='bbox 466 4946 554 5010; x_wconf 91' lang='lat' dir='ltr'><strong>cives</strong></span> <span class='ocrx_word' id='word_1_378' title='bbox 579 4945 619 5009; x_wconf 94' lang='lat' dir='ltr'><strong>de</strong></span> <span class='ocrx_word' id='word_1_379' title='bbox 641 4947 887 5031; x_wconf 70' lang='lat' dir='ltr'><strong>Hoehnowed2,</strong></span> <span class='ocrx_word' id='word_1_380' title='bbox 910 4950 1140 5017; x_wconf 87' lang='lat' dir='ltr'><strong>ministeriales</strong></span> <span class='ocrx_word' id='word_1_381' title='bbox 1164 4953 1214 5016; x_wconf 93' lang='lat' dir='ltr'><strong>sui</strong></span> <span class='ocrx_word' id='word_1_382' title='bbox 1239 4960 1272 5016; x_wconf 92' lang='lat' dir='ltr'><strong>et</strong></span> <span class='ocrx_word' id='word_1_383' title='bbox 1293 4973 1415 5017; x_wconf 87' lang='lat' dir='ltr'><strong>uxores</strong></span> <span class='ocrx_word' id='word_1_384' title='bbox 1439 4974 1477 5017; x_wconf 91' lang='lat' dir='ltr'><strong>ac</strong></span> <span class='ocrx_word' id='word_1_385' title='bbox 1499 4953 1557 5019; x_wconf 84' lang='lat' dir='ltr'><strong>lilii</strong></span> <span class='ocrx_word' id='word_1_386' title='bbox 1581 4954 1761 5019; x_wconf 91' lang='lat' dir='ltr'><strong>eorundem</strong></span> <span class='ocrx_word' id='word_1_387' title='bbox 1786 4977 1914 5021; x_wconf 89' lang='lat' dir='ltr'><strong>necnon</strong></span> 
     </span>
     <span class='ocr_line' id='line_1_42' title="bbox 257 5047 1913 5139; baseline 0.007 -28"><span class='ocrx_word' id='word_1_388' title='bbox 257 5054 291 5111; x_wconf 91' lang='lat' dir='ltr'><strong>et</strong></span> <span class='ocrx_word' id='word_1_389' title='bbox 314 5047 485 5111; x_wconf 84' lang='lat' dir='ltr'><strong>Conradus</strong></span> <span class='ocrx_word' id='word_1_390' title='bbox 513 5049 608 5112; x_wconf 89' lang='lat' dir='ltr'><strong>miles</strong></span> <span class='ocrx_word' id='word_1_391' title='bbox 632 5050 672 5114; x_wconf 92' lang='lat' dir='ltr'><strong>de</strong></span> <span class='ocrx_word' id='word_1_392' title='bbox 697 5050 869 5117; x_wconf 78' lang='lat' dir='ltr'><strong>Sebrulre³</strong></span> <span class='ocrx_word' id='word_1_393' title='bbox 892 5053 1115 5139; x_wconf 85' lang='lat' dir='ltr'><strong>Frisiugeusis</strong></span> <span class='ocrx_word' id='word_1_394' title='bbox 1139 5055 1279 5120; x_wconf 91' lang='lat' dir='ltr'><strong>diocesis</strong></span> <span class='ocrx_word' id='word_1_395' title='bbox 1303 5055 1343 5120; x_wconf 90' lang='lat' dir='ltr'><strong>ab</strong></span> <span class='ocrx_word' id='word_1_396' title='bbox 1367 5057 1714 5122; x_wconf 84' lang='lat' dir='ltr'><strong>excommunicationis</strong></span> <span class='ocrx_word' id='word_1_397' title='bbox 1737 5060 1913 5137; x_wconf 83' lang='lat' dir='ltr'><strong>sententia,</strong></span> 
     </span>
    </p>
   </div>
   <div class='ocr_carea' id='block_1_11' title="bbox 256 5309 1913 5458">
    <p class='ocr_par' dir='ltr' id='par_1_11' title="bbox 256 5309 1913 5458">
     <span class='ocr_line' id='line_1_43' title="bbox 360 5309 1913 5387; baseline 0.007 -28"><span class='ocrx_word' id='word_1_398' title='bbox 360 5309 385 5374; x_wconf 52' lang='grc' dir='ltr'><strong>Ιδ)</strong></span> <span class='ocrx_word' id='word_1_399' title='bbox 403 5310 441 5359; x_wconf 81' lang='lat' dir='ltr'><strong>ita</strong></span> <span class='ocrx_word' id='word_1_400' title='bbox 453 5309 504 5372; x_wconf 84' lang='lat' dir='ltr'><strong>M.,·</strong></span> <span class='ocrx_word' id='word_1_401' title='bbox 521 5328 580 5362; x_wconf 87' lang='lat' dir='ltr'><strong>emu</strong></span> <span class='ocrx_word' id='word_1_402' title='bbox 599 5312 667 5364; x_wconf 79' lang='lat' dir='ltr'><strong>deest</strong></span> <span class='ocrx_word' id='word_1_403' title='bbox 678 5312 709 5364; x_wconf 92' lang='lat' dir='ltr'><strong>P.</strong></span> <span class='ocrx_word' id='word_1_404' title='bbox 800 5311 826 5380; x_wconf 77' lang='lat' dir='ltr'><strong>b)</strong></span> <span class='ocrx_word' id='word_1_405' title='bbox 845 5316 969 5368; x_wconf 86' lang='lat' dir='ltr'><strong>adversus</strong></span> <span class='ocrx_word' id='word_1_406' title='bbox 982 5315 1022 5380; x_wconf 83' lang='lat' dir='ltr'><strong>P,</strong></span> <span class='ocrx_word' id='word_1_407' title='bbox 1039 5316 1076 5369; x_wconf 83' lang='lat' dir='ltr'><strong>M.</strong></span> <span class='ocrx_word' id='word_1_408' title='bbox 1165 5318 1187 5383; x_wconf 79' lang='lat' dir='ltr'><strong>c)</strong></span> <span class='ocrx_word' id='word_1_409' title='bbox 1205 5319 1380 5387; x_wconf 81' lang='lat' dir='ltr'><strong>Arbrespcrgo</strong></span> <span class='ocrx_word' id='word_1_410' title='bbox 1393 5318 1441 5379; x_wconf 86' lang='lat' dir='ltr'><strong>B.,·</strong></span> <span class='ocrx_word' id='word_1_411' title='bbox 1457 5319 1636 5386; x_wconf 76' lang='lat' dir='ltr'><strong>Arbruspergo</strong></span> <span class='ocrx_word' id='word_1_412' title='bbox 1650 5317 1695 5369; x_wconf 78' lang='lat' dir='ltr'><strong>St.</strong></span> <span class='ocrx_word' id='word_1_413' title='bbox 1781 5315 1807 5383; x_wconf 67' lang='lat' dir='ltr'><strong>d)</strong></span> <span class='ocrx_word' id='word_1_414' title='bbox 1830 5319 1913 5370; x_wconf 82' lang='lat' dir='ltr'><strong>lloclr·</strong></span> 
     </span>
     <span class='ocr_line' id='line_1_44' title="bbox 256 5396 625 5458; baseline 0.005 -10"><span class='ocrx_word' id='word_1_415' title='bbox 256 5413 330 5448; x_wconf 77' lang='lat' dir='ltr'><strong>none</strong></span> <span class='ocrx_word' id='word_1_416' title='bbox 348 5396 395 5458; x_wconf 89' lang='lat' dir='ltr'><strong>B.,·</strong></span> <span class='ocrx_word' id='word_1_417' title='bbox 413 5398 562 5450; x_wconf 79' lang='lat' dir='ltr'><strong>llaebnorve</strong></span> <span class='ocrx_word' id='word_1_418' title='bbox 581 5398 625 5450; x_wconf 78' lang='lat' dir='ltr'><strong>Sd.</strong></span> 
     </span>
    </p>
   </div>
   <div class='ocr_carea' id='block_1_12' title="bbox 255 5530 1912 5685">
    <p class='ocr_par' dir='ltr' id='par_1_12' title="bbox 255 5530 1912 5685">
     <span class='ocr_line' id='line_1_45' title="bbox 362 5530 1912 5608; baseline 0.003 -22"><span class='ocrx_word' id='word_1_419' title='bbox 362 5534 389 5600; x_wconf 93' lang='lat'><strong>1)</strong></span> <span class='ocrx_word' id='word_1_420' title='bbox 410 5530 449 5598; x_wconf 81' lang='lat' dir='ltr'><strong>Os.</strong></span> <span class='ocrx_word' id='word_1_421' title='bbox 467 5550 495 5585; x_wconf 91' lang='lat' dir='ltr'><strong>n.</strong></span> <span class='ocrx_word' id='word_1_422' title='bbox 510 5540 567 5587; x_wconf 76' lang='lat'><em>650.</em></span> <span class='ocrx_word' id='word_1_423' title='bbox 671 5535 699 5603; x_wconf 77' lang='lat'><strong>2)</strong></span> <span class='ocrx_word' id='word_1_424' title='bbox 717 5535 920 5590; x_wconf 83' lang='lat' dir='ltr'><strong>Altenlrolrencn</strong></span> <span class='ocrx_word' id='word_1_425' title='bbox 942 5536 979 5589; x_wconf 85' lang='lat' dir='ltr'><strong>ad</strong></span> <span class='ocrx_word' id='word_1_426' title='bbox 1001 5537 1060 5591; x_wconf 90' lang='lat' dir='ltr'><strong>Inn</strong></span> <span class='ocrx_word' id='word_1_427' title='bbox 1077 5539 1103 5606; x_wconf 69' lang='lat' dir='ltr'><strong>tl.</strong></span> <span class='ocrx_word' id='word_1_428' title='bbox 1123 5554 1209 5606; x_wconf 73' lang='lat' dir='ltr'><strong>serpen</strong></span> <span class='ocrx_word' id='word_1_429' title='bbox 1229 5538 1276 5593; x_wconf 85' lang='lat' dir='ltr'><strong>eir.</strong></span> <span class='ocrx_word' id='word_1_430' title='bbox 1298 5538 1481 5608; x_wconf 70' lang='lat' dir='ltr'><strong>ll&#39;asserburp.</strong></span> <span class='ocrx_word' id='word_1_431' title='bbox 1585 5540 1613 5605; x_wconf 81' lang='lat'><strong>3)</strong></span> <span class='ocrx_word' id='word_1_432' title='bbox 1633 5537 1763 5593; x_wconf 61' lang='lat' dir='ltr'><strong>&amp;duret</strong></span> <span class='ocrx_word' id='word_1_433' title='bbox 1785 5539 1816 5592; x_wconf 84' lang='lat' dir='ltr'><strong>in</strong></span> <span class='ocrx_word' id='word_1_434' title='bbox 1836 5545 1912 5607; x_wconf 77' lang='lat' dir='ltr'><strong>pane</strong></span> 
     </span>
     <span class='ocr_line' id='line_1_46' title="bbox 255 5618 702 5685; baseline 0.011 -14"><span class='ocrx_word' id='word_1_435' title='bbox 255 5618 457 5685; x_wconf 80' lang='lat' dir='ltr'><strong>septentrionali</strong></span> <span class='ocrx_word' id='word_1_436' title='bbox 474 5619 548 5672; x_wconf 75' lang='lat' dir='ltr'><strong>lasa</strong></span> <span class='ocrx_word' id='word_1_437' title='bbox 567 5618 702 5676; x_wconf 65' lang='lat' dir='ltr'><strong>(biensa.</strong></span> 
     </span>
    </p>
   </div>
   <div class='ocr_carea' id='block_1_13' title="bbox 0 0 2178 6228">
    <p class='ocr_par' dir='ltr' id='par_1_13' title="bbox 0 0 2178 6228">
     <span class='ocr_line' id='line_1_47' title="bbox 0 0 2178 6228; baseline 0 0"><span class='ocrx_word' id='word_1_438' title='bbox 0 0 2178 6228; x_wconf 95' lang='lat' dir='ltr'><strong> </strong></span> 
     </span>
    </p>
   </div>
  </div>
 </body>
</html>
