4328 6232
200 319 263 381 524
761 315 810 369 EX
828 314 1047 370 [succussu
1064 315 1103 369 IV
1121 314 1303 370 RffilSTRO

199 490 381 571 Spircasem
399 489 568 570 postulent,
590 510 681 572 qecem
702 489 731 553 si
753 509 818 552 aaa
838 490 1078 570 postulaverint,
1100 489 1244 554 ccclesiae
1258 489 1473 572 Mapaatinae
1489 491 1676 555 asrctmilotc
1690 492 1855 572 apostolico

197 594 375 675 praeficiat.
1525 596 1620 673 1249,
1643 593 1729 660 Mai.
1745 598 1776 658 4.

303 714 367 768 Ina.
380 713 429 767 IV
444 713 508 781 Rea.
520 713 580 769 La.
595 712 644 787 Vt,
659 713 679 780 s.
691 719 733 780 42,
750 729 779 767 a.
788 721 847 768 490.
875 713 1030 783 Exemplar,
1048 715 1121 783 qaod
1131 714 1239 783 Hdllcr,
1255 716 1316 770 aa.
1328 733 1351 770 u.
1365 716 1480 771 Belroim
1487 733 1517 785 p.
1531 724 1581 770 190
1591 715 1683 782 aluit,
1702 718 1856 770 ameum

199 815 261 853 outa
280 799 411 868 umecta
1665 810 1672 817 ·

172 885 177 891 “
303 884 434 953 Parma
454 885 626 953 Rur.13334;
645 885 743 954 Bcrycr
760 891 838 941 4480.

688 1123 727 1140 ..
756 1066 986 1159 episcopo
1014 1067 1378 1161 argentinensi.

311 1215 393 1281 Oum
424 1215 555 1281 dilectis
584 1215 661 1280 liliis
685 1265 717 1282 ..
742 1216 867 1283 decano
895 1224 930 1282 et
959 1217 1102 1303 capitulo
1132 1216 1337 1303 Maguntinis
1370 1218 1492 1282 nostris
1526 1218 1642 1282 demus
1673 1218 1793 1282 litteris
1828 1219 1857 1282 in

202 1320 379 1400 mandatis,
412 1325 449 1383 ut
477 1318 616 1384 ecclesie
639 1318 833 1404 Meguntine
857 1319 898 1384 de
922 1327 1053 1407 pastore
1078 1321 1195 1386 idoneo
1221 1342 1293 1386 cum
1317 1328 1373 1384 tuo
1396 1322 1533 1386 consilio
1558 1328 1592 1386 et
1615 1342 1755 1387 assensu
1778 1320 1859 1384 infra

202 1444 362 1504 mensem,
385 1430 558 1510 postquam
586 1444 687 1509 super
709 1424 772 1488 hoc
796 1424 930 1490 duxeris
946 1426 1201 1491 commonendos
1218 1446 1284 1506 eos,
1310 1426 1467 1491 canonice
1481 1425 1656 1511 prouidere
1673 1432 1858 1512 procurent..

203 1529 347 1593 iniuncto
376 1528 437 1592 tibi
464 1548 524 1614 per
551 1527 632 1591 alies
666 1528 794 1593 litteras
807 1531 827 1607 ¹,
863 1536 913 1610 ut,
949 1529 977 1593 si
1006 1530 1084 1594 dicti
1111 1529 1254 1596 decanus
1283 1536 1317 1594 et
1345 1530 1523 1616 capitulum
1553 1527 1586 1592 id
1616 1529 1751 1594 efficere
1780 1528 1858 1592 forte

203 1631 419 1716 neglexerint,
443 1638 479 1695 tu
502 1638 623 1697 extunc
645 1652 832 1717 personam,
860 1653 924 1717 que
947 1639 1037 1697 tanto
1062 1634 1152 1698 oneri
1176 1640 1335 1718 congruat
1357 1640 1391 1697 et
1413 1633 1539 1710 honori,
1569 1631 1698 1720 prefate
1721 1632 1860 1717 Magon-

202 1737 271 1800 tine
300 1736 440 1800 ecclesie
471 1736 666 1801 auctoritate
697 1742 809 1799 nostra
841 1737 993 1822 proficias
1029 1736 1062 1799 in
1095 1741 1276 1823 pastorem:
1313 1737 1463 1801 volumus
1499 1742 1533 1801 et
1565 1736 1769 1822 presentium
1803 1736 1860 1799 tibi

203 1839 399 1903 auctoritate
428 1839 634 1920 mandamus,
663 1840 815 1924 quatinus
844 1840 982 1926 prefatis
1011 1840 1136 1906 decano
1167 1848 1201 1905 et
1228 1841 1371 1926 capitulo
1401 1840 1442 1906 de
1465 1841 1584 1907 dilecto
1606 1842 1674 1907 filio
1700 1893 1733 1906 ..
1759 1841 1862 1906 electo

204 1942 363 2029 Spirensi,
387 1943 473 2029 quod
497 1944 604 2030 ipsum
629 1945 806 2029 postulent,
831 1944 999 2009 consilinm
1023 1945 1150 2010 tribuas
1174 1952 1207 2010 et
1230 1966 1438 2026 consensum,
1467 1946 1651 2032 ipsumque,
1682 1946 1710 2009 si
1734 1945 1863 2008 forsan·

202 2045 295 2110 illum
317 2047 486 2132 postulare
510 2046 688 2128 omiserint,
713 2047 819 2113 eidem
844 2048 984 2113 ecclesie
1007 2049 1039 2112 in
1064 2049 1360 2135 archiepiscopum,
1383 2047 1585 2114 absolvendo
1602 2069 1678 2113 eum
1696 2069 1716 2111 a
1732 2048 1860 2112 vinculo

204 2169 267 2235 quo
297 2147 445 2234 Spirensi
475 2155 608 2214 tenetur
642 2151 795 2231 ecclesie,
830 2152 1023 2217 auctoritate
1058 2159 1172 2218 nostra
1206 2153 1366 2238 preficere
1400 2173 1466 2216 non
1500 2157 1696 2238 postponam
1730 2156 1860 2214 contra·

203 2251 347 2318 dictores
370 2251 460 2318 etefl.

308 2372 386 2440 Dat.
408 2372 573 2459 Lugduni,
596 2374 667 2439 IIII
689 2375 774 2442 Non.
797 2375 887 2454 Maii,
911 2395 996 2441 anno
1012 2375 1086 2441 VI⁰.

995 2919 1081 2991 708.

310 3027 529 3122 lemonta
551 3057 607 3124 ro
625 3080 716 3141 papa
741 3058 900 3144 [aaran
922 3060 1003 3145 ΠΙ]
1032 3060 1124 3125 aaa
1151 3059 1318 3125 mattae
1349 3061 1393 3125 aa
1423 3080 1529 3142 prees
1559 3062 1757 3148 moretm]
1783 3065 1864 3146 reas

206 3159 422 3225 Romanorum
443 3161 584 3240 mandat,
605 3166 641 3227 ot
663 3183 731 3227 cans
754 3164 945 3249 Wffillolmo]
967 3164 1077 3228 abbate
1092 3164 1205 3230 Sancti
1222 3163 1382 3229 Traaloais
1403 3184 1498 3246 stupor
1520 3187 1562 3245 co,
1584 3166 1669 3248 quod
1689 3167 1785 3253 iulio
1802 3172 1864 3232 octo

205 3263 281 3342 dics,
299 3268 467 3345 postquam
489 3264 628 3330 bobilam
650 3267 864 3330 monachalem
886 3268 1102 3348 accesissent,
1124 3268 1160 3330 ia
1183 3267 1323 3331 alrbulcm
1345 3268 1457 3333 alcetas
1478 3270 1529 3346 sit,
1551 3269 1764 3350 desemine
1782 3277 1863 3356 apat,

203 3371 299 3447 prout
320 3367 465 3451 expedire
487 3367 610 3432 uiderit.
1533 3373 1628 3451 1249,
1650 3372 1735 3438 Mat.
1750 3378 1780 3439 4.

311 3488 374 3542 Ian.
389 3487 439 3542 IV
448 3488 511 3556 aa.
525 3488 583 3542 ta.
597 3488 643 3555 VI,
659 3488 680 3555 s.
694 3496 738 3555 44,
754 3505 782 3542 a.
796 3496 854 3543 607.
883 3489 1032 3558 Exemplar
1042 3490 1161 3558 Balarii,
1182 3490 1258 3546 Misc.
1271 3495 1290 3545 l.
1304 3490 1369 3557 VII,
1384 3498 1477 3558 1⁷·.494
1492 3493 1653 3546 matutinas
1664 3510 1725 3548 cum
1739 3495 1865 3564 aaran

312 3573 445 3642 Pottlrast,
466 3575 533 3644 Rep.
546 3581 640 3640 1333&
658 3576 758 3643 Βεηοετ
776 3583 850 3629 4497.
1399 3610 1401 3615 -

791 3810 830 3829 ..
859 3756 1005 3829 electo
1033 3756 1289 3830 Leodiensi.

316 3902 466 3967 Dilectus
488 3902 576 3967 filius
592 3902 648 3970 W.
665 3903 768 3967 abbas
791 3904 982 3968 monasterii
1007 3905 1113 3969 sancti
1129 3903 1312 3969 Trudonis³
1336 3904 1460 3969 ordinis
1484 3907 1588 3970 sancti
1611 3905 1789 3973 Benedicti
1812 3915 1867 3973 tue

209 4007 350 4072 diocesis
374 4006 407 4069 in
430 4013 542 4071 nostra
564 4008 736 4093 proposuit
757 4009 926 4093 presentia
949 4008 1158 4088 constitutus,
1182 4007 1268 4092 quod
1292 4008 1390 4088 idem,
1415 4009 1492 4073 olim
1517 4009 1678 4095 plebanus
1702 4012 1867 4099 Aquensis

212 4119 245 4176 et
275 4111 434 4176 carissimi
465 4111 497 4175 in
522 4110 654 4176 Christo
683 4111 739 4176 filii
771 4113 873 4177 nostri
899 4163 930 4177 ..
955 4113 1042 4198 regis
1066 4112 1288 4176 Romanorum
1321 4113 1457 4176 illustris
1490 4115 1680 4200 capellanus
1709 4117 1867 4183 existens.

208 4216 361 4280 inductus
385 4216 560 4281 multorum
590 4217 814 4302 religiosorum
847 4217 1109 4282 exortationibus
1138 4215 1261 4280 sedulis
1289 4217 1321 4280 in
1350 4215 1466 4281 eodem
1494 4219 1693 4283 monasterio
1720 4219 1866 4284 habitum

209 4320 436 4384 monachalem
470 4321 663 4407 assumpsit,
699 4327 733 4385 et
764 4321 849 4385 infre
882 4325 956 4385 octo
992 4319 1082 4398 dies,
1115 4319 1319 4405 professione
1349 4319 1390 4383 ab
1422 4321 1494 4407 ipso
1525 4320 1647 4386 ibidem
1682 4323 1867 4408 prehabito.

210 4423 363 4488 monachi
386 4423 532 4489 eiusdem
556 4426 746 4490 monasterii
768 4431 846 4489 tuno
869 4424 1000 4488 abbatis
1024 4423 1183 4509 regimine
1208 4423 1368 4504 destituti,
1392 4423 1567 4489 credentes
1589 4446 1650 4511 per
1669 4427 1774 4511 ipsius
1797 4448 1868 4512 pro·

210 4527 389 4592 videntium
414 4534 447 4591 et
474 4548 604 4592 suorum
636 4528 813 4592 amicorum
844 4527 1025 4612 potentiam
1052 4526 1286 4591 monasterium
1317 4528 1440 4613 ipsum,
1473 4528 1564 4592 ouius
1591 4529 1679 4593 bone
1708 4551 1770 4615 per
1797 4551 1869 4616 prc-

211 4631 421 4695 deoeseorum
453 4652 587 4696 suorum
616 4631 774 4696 incuriam
803 4639 879 4695 sunt
907 4631 1051 4715 graviter
1081 4629 1257 4710 diminuta,
1288 4650 1385 4715 posse
1413 4631 1446 4694 in
1476 4631 1702 4716 spiritualibus
1731 4642 1765 4698 ct
1788 4641 1868 4698 tem·

214 4734 381 4819 poralibus
405 4742 500 4820 grata
523 4735 690 4820 suscipere
714 4735 927 4814 incrementa,
951 4734 1092 4799 eundem
1116 4735 1149 4815 in
1165 4734 1319 4799 abbatem
1336 4734 1438 4820 ipsius
1455 4736 1647 4801 monasterii
1664 4737 1871 4802 concorditer

215 4838 427 4922 elegerunt⁴;
452 4840 503 4902 cui
527 4838 734 4925 postmodum
752 4839 951 4904 venerabilis
974 4839 1075 4903 irater
1099 4846 1210 4903 noster
1225 4838 1393 4903 Arnoldus
1410 4839 1450 4904 de
1468 4839 1581 4904 ordine
1598 4837 1868 4906 cisterciensium

212 4942 374 5026 quondam
393 4942 567 5029 episcopus
584 4943 776 5027 Semigallie
797 4943 838 5007 de
862 4948 919 5007 tua
943 4944 1077 5029 speciali
1101 4944 1233 5007 licentia
1256 4950 1290 5007 ct
1312 4943 1466 5008 mandato
1490 4965 1609 5008 munus
1632 4944 1868 5009 benedictionis

315 5201 339 5266 ⁸)
359 5205 454 5254 lorsam
473 5202 506 5255 Il.

317 5339 343 5405 l)
360 5338 437 5391 Ilaec
453 5354 490 5406 cp.
509 5354 565 5391 aon
583 5344 718 5407 superest:
741 5355 803 5393 crem
820 5356 847 5393 a
864 5346 910 5394 tao
928 5339 1039 5394 mittatis
1060 5337 1198 5395 mutandis
1221 5339 1393 5394 emtomdossc
1410 5339 1522 5394 adana
1611 5341 1639 5403 2)
1656 5340 1779 5409 Apparet
1797 5341 1869 5409 copi·

211 5426 297 5478 lubun
321 5424 517 5494 Maprtosliaum
542 5425 574 5478 dc
599 5427 650 5480 bac
676 5444 715 5495 ep.
739 5431 796 5479 tam
822 5427 901 5480 mitri
922 5427 1054 5494 damase,-
1079 5427 1112 5493 cf.
1129 5444 1159 5481 a.
1175 5434 1225 5483 toll
1245 5433 1268 5481 d
1289 5427 1326 5481 Ν.
1337 5429 1372 5480 Δ.
1390 5433 1409 5482 l.
1424 5426 1463 5494 X,
1480 5443 1509 5495 p.
1523 5434 1578 5482 666.
1669 5428 1697 5493 3)
1716 5426 1756 5480 St.
1775 5426 1871 5491 lboml,

102 5518 108 5528 ·
212 5526 245 5563 ea
266 5517 329 5579 sept.
354 5515 379 5564 et
400 5527 453 5565 occ.
476 5511 523 5564 cic.
540 5510 706 5566 Loadicasis.
811 5513 838 5579 4)
858 5512 934 5567 Ecum
953 5521 1074 5581 a.1249,
1093 5512 1205 5570 Fabae
1226 5513 1344 5569 musea
1365 5515 1468 5580 sadum
1489 5530 1544 5567 esse
1567 5519 1687 5567 merant
1710 5512 1790 5565 Gesta
1813 5513 1869 5567 ato.

215 5595 244 5650 s,
266 5595 347 5650 aaa.
367 5596 419 5650 ss.
437 5601 455 5649 a
470 5597 507 5659 x,
522 5613 551 5665 p.
563 5603 628 5663 esa·
644 5598 676 5665 es.
690 5598 926 5687 nonme-aeter,
945 5599 961 5653 t.
975 5616 997 5654 c.
1015 5605 1113 5667 asse,
1127 5582 1234 5673 ploro.
