4328 6232
817 331 865 386 EX
884 329 1102 386 INNOOEN'I'H
1120 328 1159 383 IV
1177 325 1358 384 scelerae

1045 632 1132 703 555.

363 748 582 842 Innocentius
608 775 634 837 I
636 773 665 836 V
681 796 772 856 papo
799 775 980 855 praeposito
1013 773 1156 838 ecciesiae
1188 771 1225 834 de
1251 769 1396 851 Deirapo
1423 767 1676 832 Mediolanensis
1709 764 1842 829 diocesis
1873 762 1917 826 ed

256 897 364 959 preces
389 879 430 945 G.
452 877 573 941 concitis
598 879 636 942 dc
662 879 837 946 &ionii-ieie
864 878 1008 955 rescierint,
1036 881 1070 940 nt
1092 875 1203 940 David
1229 874 1311 939 dicto
1332 874 1519 938 Bonaeenio
1545 872 1655 936 elerico
1677 869 1916 934 Mediolanensi

260 983 296 1045 in
318 982 429 1062 aliena
451 981 647 1046 ecclesianam
673 983 918 1048 Mediolanensis
940 981 1077 1045 ciuitatis
1099 980 1146 1043 oei
1168 979 1311 1055 diocesis,
1340 975 1514 1041 cathedrali
1535 977 1677 1058 excepta,
1706 973 1745 1037 de
1772 971 1917 1053 beneficio

260 1085 463 1149 ecclesiastico
480 1086 654 1168 provideat.
1301 1140 1303 1143 .
1554 1081 1649 1155 1248,
1671 1076 1758 1140 Mai.
1776 1080 1828 1141 13.

366 1206 427 1258 nn
441 1206 489 1259 ru
504 1207 569 1276 aa.
589 1206 681 1274 aar,
700 1213 761 1273 sen·
778 1205 839 1260 mo.
857 1205 886 1274 ν,
904 1212 961 1261 sec.
998 1204 1149 1273 amotam
1166 1218 1199 1257 a
1217 1200 1334 1271 aenne
1351 1198 1486 1268 campan
1503 1198 1533 1252 u.
1544 1197 1584 1253 cr.
1594 1196 1625 1252 0.
1642 1196 1674 1251 a
1693 1195 1788 1251 noae

364 1291 464 1362 Beroe
479 1300 556 1348 acer.

367 1528 405 1546 ..
434 1471 669 1564 preposito
698 1469 881 1544 ecclesie
909 1471 960 1543 de
987 1468 1199 1560 Dairago¹
1225 1464 1584 1540 Mediolanensis
1608 1462 1819 1536 diocesis.

369 1620 422 1684 Ad
446 1620 663 1707 provisionem
687 1620 831 1698 illorum,
856 1619 911 1703 qui
934 1618 1079 1682 clericali
1103 1617 1216 1681 militie
1241 1623 1316 1681 sunt
1338 1616 1488 1702 ascripti,
1517 1613 1617 1679 officii
1640 1613 1743 1676 nostri
1768 1610 1915 1677 debitum

261 1746 320 1787 nos
343 1724 476 1788 inducit.
515 1723 597 1788 Cum
622 1724 720 1808 igitur
742 1723 882 1786 dilectus
906 1722 991 1785 filius
1007 1721 1115 1785 David
1138 1720 1243 1785 dictus
1265 1719 1479 1783 Bouaventus
1503 1718 1641 1781 clericus
1657 1715 1915 1781 Mediolanensis

261 1827 385 1890 nullum
409 1827 525 1909 adhue,
549 1836 644 1912 prout
666 1828 793 1908 asserit,
818 1826 1076 1891 ecclesiasticum
1099 1824 1294 1889 beneficium
1317 1825 1360 1887 sit
1382 1822 1531 1908 adeptus,
1554 1842 1624 1903 nos,
1647 1821 1788 1885 obtentu
1804 1817 1913 1883 dilecti

262 1931 318 1994 filii
342 1932 460 1995 nobilis
478 1932 540 1995 viri
556 1931 596 1996 G.
613 1932 740 1995 comitis
764 1930 804 1995 de
823 1928 1027 1995 Oavalliate²
1049 1928 1145 1992 nobis
1169 1949 1289 2013 proco
1314 1926 1528 2013 supplicantis
1552 1924 1687 2004 inducti,
1711 1921 1914 2000 mandamus,

262 2035 414 2118 quatinus
451 2035 558 2099 eidem
594 2035 713 2099 elerico
750 2035 783 2097 iu
817 2035 928 2120 alique
962 2034 1176 2098 ecclesiarum
1211 2030 1467 2096 Mediolanensis
1502 2029 1644 2093 civitatis
1675 2028 1729 2091 vel
1766 2024 1914 2104 diocesis,

262 2137 442 2203 cathedrali
476 2138 647 2202 dumtaxat
683 2145 837 2224 excepta,
874 2137 1049 2223 provideas
1086 2137 1280 2201 auctoritate
1316 2140 1429 2199 nostra
1460 2134 1512 2198 vel
1547 2130 1712 2219 provideri
1747 2129 1852 2194 facias
1883 2129 1914 2192 in

262 2242 485 2306 ecclesiastico
522 2241 680 2305 beneficio
715 2242 928 2327 competenti,
964 2242 1061 2304 etiam
1096 2241 1123 2303 si
1157 2260 1268 2304 curam
1302 2235 1424 2302 habeat
1456 2237 1654 2315 animarum,
1689 2233 1717 2296 si
1747 2238 1845 2296 vacat
1875 2230 1913 2295 sd

262 2366 400 2430 presens
423 2345 477 2409 vel
500 2365 597 2429 qnam
620 2346 761 2429 primum
784 2343 825 2407 ad
850 2344 882 2408 id
906 2344 1061 2408 obtulerit
1085 2365 1120 2407 se
1144 2343 1301 2422 facultas,
1325 2378 1366 2388 —
1389 2361 1454 2404 non
1485 2339 1636 2403 obstante
1660 2343 1723 2402 etc.
1753 2342 1791 2400 ut
1819 2355 1912 2422 supra
1950 2358 1959 2395 ι

261 2449 294 2511 in
318 2447 571 2512 DCOCXXVII
595 2448 759 2534 capitulo·
780 2468 900 2533 usque:
923 2446 1140 2532 preferendus
1164 2470 1221 2521 -3
1245 2443 1500 2510 contradictores
1524 2447 1586 2506 etc.

370 2568 447 2633 Dat.
472 2574 508 2633 ut
532 2591 640 2655 supra.

883 2709 1296 2716 ——-——.—.——-----

1050 2953 1137 3027 556.

368 3066 585 3160 Innocnrtins
612 3092 671 3158 IV
685 3115 775 3176 popa
804 3092 961 3176 Swippero
995 3093 1143 3157 canonico
1172 3092 1318 3176 Spirensi
1350 3090 1394 3156 od
1420 3112 1529 3172 preces
1560 3090 1704 3158 &nendi
1733 3091 1856 3154 comitis
1883 3088 1919 3154 de

269 3198 474 3265 Wnsserbnrc
495 3197 644 3279 ‘indnipet
666 3201 702 3259 nt
723 3198 752 3261 ci
768 3202 897 3280 praeter
920 3198 1067 3279 beneficio-
1089 3198 1153 3261 ianr
1176 3197 1299 3261 obtenta
1321 3196 1449 3260 nnicnm
1471 3194 1563 3260 alind
1585 3195 1776 3276 beneficiam,
1806 3195 1837 3259 si
1860 3194 1921 3275 ipsi

264 3302 412 3368 canonice
433 3300 594 3379 offeratur,
616 3300 750 3364 retinere
773 3301 872 3367 liceat.
1561 3301 1655 3376 1248,
1677 3297 1763 3364 Mai.
1782 3301 1835 3364 13.

369 3421 433 3475 Inn
447 3418 497 3473 IV
511 3419 574 3488 Rep.
594 3419 687 3487 Vocl,
705 3425 769 3484 5345
785 3419 847 3473 Dio.
869 3419 897 3485 V,
913 3426 972 3475 869.
1008 3421 1211 3489 Epidamnios
1231 3420 1349 3491 Repcstn
1366 3419 1504 3488 daona
1523 3417 1553 3472 V.
1568 3417 1608 3472 Oi.
1621 3416 1695 3473 0.de
1706 3415 1800 3472 Faue

369 3508 468 3575 Berper
484 3512 559 3562 3907.

720 3611 982 3709 Scoiggerob
1009 3618 1224 3691 canonico
1252 3616 1472 3709 Spirensi.

374 3766 520 3851 Dignum
544 3771 605 3843 est,
628 3774 664 3829 ut
687 3766 793 3850 gratia
817 3765 905 3830 sedis
929 3768 1111 3853 apostolice
1135 3767 1268 3831 uberius
1292 3766 1488 3831 extendatur
1511 3764 1553 3830 ad
1575 3766 1658 3839 illos,
1682 3765 1739 3851 qui
1763 3785 1838 3829 eam
1862 3762 1923 3827 sibi

268 3869 400 3934 student
434 3877 467 3933 et
496 3869 635 3954 propriis
668 3868 761 3933 donis
797 3878 830 3933 et
864 3868 1021 3933 nobilium
1051 3869 1242 3935 devotorum
1276 3870 1417 3934 ecclesie
1449 3870 1600 3956 precibus
1629 3866 1820 3934 vendicare.
1871 3866 1922 3932 Ad

267 3971 452 4037 faciendam
476 3973 575 4056 igitur
597 3971 656 4035 tibi
680 3974 818 4056 gratiam
842 3974 1019 4059 specialem
1044 3979 1076 4037 et
1099 3971 1160 4035 οἱ)ο
1182 3972 1386 4037 nobilitatem
1410 3994 1537 4038 morum
1566 3981 1600 4038 et
1630 3973 1777 4059 generis,
1808 3970 1924 4057 quibus

267 4076 413 4140 adiuvari
443 4075 577 4156 diceris,
610 4080 643 4139 et
671 4075 808 4139 obtentu
837 4075 948 4140 dilecti
978 4077 1035 4139 filii
1064 4075 1183 4139 nobilis
1211 4076 1273 4140 riri
1298 4076 1440 4140 Conradi
1472 4078 1601 4141 comitis
1630 4077 1670 4142 de
1692 4073 1925 4142 Wazeburc¹¹⁸

267 4179 361 4244 nobis
389 4201 448 4264 pro
479 4187 512 4243 te
541 4179 753 4265 supplicantis
781 4178 921 4257 inducti,
955 4180 1148 4243 auctoritate
1178 4179 1238 4244 tibi
1267 4182 1468 4266 presentium
1497 4180 1721 4267 indulgemus,
1751 4186 1788 4244 ut
1815 4186 1926 4266 preter

267 4283 430 4348 beneficia
452 4283 691 4361 ecclesiastica,
725 4304 787 4368 que
812 4305 897 4348 nunc
928 4282 1074 4363 obtines,
1105 4305 1238 4368 quorum
1271 4284 1412 4369 quedam
1442 4291 1478 4349 ut
1507 4285 1627 4350 asseris
1658 4305 1771 4349 curam
1803 4282 1927 4348 habent

268 4388 448 4452 animamm
479 4408 657 4468 annexam,
694 4388 793 4453 liceat
824 4388 884 4452 tibi
916 4388 1048 4452 unicum
1083 4388 1280 4453 beneficium
1308 4390 1361 4453 vel
1390 4389 1584 4473 dignitatem
1615 4394 1672 4452 aut
1701 4393 1924 4473 personatum,

269 4492 366 4555 etiam
390 4491 417 4554 si
434 4490 573 4554 similem
590 4511 700 4554 curam
723 4491 855 4569 habeat,
880 4492 906 4555 si
929 4492 989 4556 tibi
1012 4493 1168 4556 canonice
1193 4493 1360 4572 offeratur,
1385 4495 1531 4578 recipere
1554 4513 1756 4557 ecunacum
1782 4489 1925 4556 obtentis

269 4592 369 4657 libere
402 4594 544 4657 retinere
571 4629 613 4639 -
640 4594 872 4658 constitutione
904 4597 1068 4678 generalis
1099 4597 1228 4660 concilii
1259 4618 1357 4682 super
1388 4597 1451 4661 hoc
1480 4595 1568 4660 edita
1595 4618 1660 4661 uon
1690 4595 1848 4659 obstante
1870 4616 1925 4666 -;

269 4698 399 4784 proviso
422 4697 509 4782 quod
531 4697 701 4777 beneficia,
725 4698 900 4782 dignitates
925 4706 957 4763 et
981 4707 1179 4784 personatus
1197 4707 1258 4765 etc.
1280 4722 1400 4785 usque:
1425 4701 1621 4787 negligatur.
1657 4698 1749 4764 Nulli
1766 4720 1846 4784 ergo
1863 4702 1924 4762 etc.

269 4807 379 4865 nostre
404 4802 625 4864 concessionis
650 4809 713 4868 etc.

377 4919 454 4986 Dat.
477 4919 640 5006 Lugduni,
663 4919 714 4984 ΙΙΙ
737 4921 816 4985 Idus
839 4920 928 5002 Maii,
954 4943 1038 4986 anno
1055 4923 1112 4989 V0.

373 5147 399 5213 ⁸)
416 5149 444 5197 in
463 5147 512 5198 lonc
529 5164 576 5213 ep,
594 5147 692 5213 Berper
707 5151 785 5210 3875,
803 5148 868 5197 tolia
886 5149 940 5199 aire
958 5149 1034 5200 doeio
1052 5167 1105 5200 non
1123 5159 1223 5214 entem
1240 5153 1357 5217 fortasse
1375 5151 1577 5202 mcccxxvln
1595 5152 1730 5218 legendnm
1748 5162 1793 5215 eet,
1813 5154 1923 5217 fortasse

270 5236 463 5287 nccxxxvss
481 5231 518 5303 [c.
538 5253 620 5302 snpra
637 5235 683 5285 sab
700 5253 726 5285 n.
739 5232 814 5301 532J,
836 5235 880 5285 uei
891 5237 1027 5301 formulae
1040 5238 1202 5303 perscriptae
1220 5246 1286 5288 sunt.
1391 5235 1417 5303 ¹³)
1436 5239 1473 5288 ita
1484 5238 1530 5300 13.,·
1552 5240 1599 5305 lep.
1612 5239 1755 5306 Swiggero.
1857 5238 1881 5301 ο)
1898 5246 1924 5287 et

269 5339 360 5387 apoyr.
373 5321 406 5372 F.
512 5318 537 5386 d)
557 5322 709 5373 Wirzabura
720 5320 754 5371 B.

374 5444 401 5506 1)
421 5442 495 5497 Inter
512 5442 559 5497 cin.
579 5440 805 5496 Mediolanensem
827 5444 850 5492 et
869 5439 975 5494 Iacnm
997 5440 1128 5494 nmnrero.
1232 5444 1260 5506 2)
1280 5442 1418 5511 Canopiici,
1442 5458 1474 5496 en
1494 5448 1556 5511 sept.
1574 5448 1599 5496 et
1616 5459 1666 5498 oce
1684 5444 1732 5497 cic.
1750 5439 1922 5497 Veram

271 5528 330 5582 Sec
346 5535 463 5598 a.1248,
483 5530 551 5584 Noc.
570 5530 714 5598 inperator
732 5526 825 5579 lorino
841 5530 865 5579 et
879 5526 962 5580 Petro
977 5525 1060 5592 fratri
1077 5527 1135 5581 eins
1152 5534 1176 5582 et
1193 5528 1314 5582 monilia
1330 5529 1394 5581 aliis
1410 5529 1548 5583 maidens
1564 5528 1595 5583 de
1608 5528 1756 5585 &mame
1771 5528 1923 5587 mm

270 5619 293 5668 et
307 5615 486 5684 possessiones
503 5631 567 5669 snas
584 5615 763 5684 ωιιῄιιιιιιυίις
780 5611 1010 5686 mona-Fater,
1029 5615 1046 5669 1.
1063 5631 1084 5669 c.
1096 5621 1168 5672 3727.
1255 5617 1283 5685 3)
1307 5615 1485 5691 Wasserlrnrp,
1503 5616 1536 5683 cs.
1554 5633 1584 5674 n.
1596 5622 1648 5675 sao
1662 5618 1691 5675 d
1704 5622 1761 5675 ffl-
