4328 6232
269 1391 413 1451 §ae-86.

834 374 1033 431 epistotae
1051 376 1241 433 subucula.
1279 381 1353 435 1245.

1063 733 1124 806 91.

369 844 588 937 Irrrreeeatias
607 872 666 936 IV
678 893 768 955 papa
791 873 1039 952 Swrrrrlcpotema
1066 874 1173 938 duee-ra
1196 874 1403 940 Paraetoniae
1437 877 1625 942 veliementer·
1651 880 1809 961 oblatrant,
1842 881 1926 961 qarorl

269 993 333 1036 carra
355 974 498 1037 Leloinr's
518 979 547 1038 ct
570 974 721 1039 Praene
747 974 866 1040 Christi
892 975 1001 1056 fideles
1027 979 1057 1040 et
1077 976 1203 1060 fratres
1231 978 1397 1058 hospitalis
1422 979 1658 1045 Teutmricerroa
1680 983 1716 1045 ire
1739 986 1825 1047 terro
1851 985 1925 1050 Cul-

269 1077 364 1139 anensi
392 1081 421 1140 et
444 1076 597 1141 Penariae
624 1078 773 1159 portibus
805 1081 985 1144 constitutos
1014 1081 1097 1146 diris
1127 1082 1275 1146 rrrotestiis
1304 1082 1442 1165 affligat,
1474 1104 1604 1164 canique
1633 1086 1783 1165 obsecrat,
1817 1091 1852 1152 at
1881 1088 1925 1152 ad

268 1180 416 1261 arentiam
436 1180 580 1245 ecclesiia
602 1181 726 1246 redieras
748 1181 858 1246 iisden
879 1201 911 1245 sc
934 1183 1044 1247 reddat
1066 1184 1236 1263 affabilem.
1579 1191 1672 1265 1245,
1694 1189 1788 1257 Febr.
1808 1196 1837 1257 1.

366 1300 430 1353 Ina.
444 1297 465 1353 Ι
468 1299 494 1353 V
510 1300 573 1369 Ray.
592 1300 645 1354 Vol.
660 1302 682 1369 I,
704 1308 762 1367 ιᾰῖς
780 1301 893 1369 11111,
913 1310 971 1357 285.
1004 1304 1101 1358 Parisii
1118 1306 1249 1372 uremplar
1267 1305 1428 1359 contradimus
1450 1323 1510 1360 cara
1529 1307 1620 1377 Ruyn.
1640 1309 1715 1364 Arra.
1733 1311 1789 1364 eccl.
1807 1329 1833 1364 u.
1848 1319 1922 1379 1245,

368 1472 503 1540 Potthoat,
530 1474 593 1543 Rep.
613 1482 703 1536 naim
730 1474 870 1542 Perlbach,
898 1475 1003 1530 Pressa.
1032 1478 1094 1546 Req.
1117 1496 1145 1531 a.
1162 1487 1226 1546 2215
1251 1479 1389 1547 Perlbach,
1416 1479 1575 1534 Pommersll.
1604 1481 1633 1535 U.
1654 1482 1689 1534 B.
1707 1498 1738 1549 p.
1757 1489 1804 1549 68,
1829 1502 1855 1536 rr.
1877 1490 1923 1550 815

271 1558 361 1626 aanor
378 1565 453 1613 1028.

426 1756 586 1830 Nobili
612 1758 708 1830 viro
736 1760 1064 1851 Suantopolco
1093 1762 1194 1834 duci
1221 1758 1511 1837 Pomeranie¹
1539 1763 1756 1854 spiritum

879 1881 1071 1954 consilii
1099 1882 1311 1955 sanioris

370 2027 522 2092 Potentia
551 2036 605 2092 tue
636 2028 734 2092 robur
762 2030 793 2091 in
823 2051 862 2093 eo
894 2028 1032 2093 deberes
1057 2030 1199 2114 experiri
1229 2030 1414 2114 potissime,
1444 2031 1530 2116 quod
1554 2040 1644 2097 esset
1667 2032 1739 2097 Deo
1765 2034 1921 2118 placitum

268 2138 296 2192 et
327 2129 513 2194 Christiane
547 2130 713 2216 religionis
746 2133 909 2218 proferret
944 2140 1165 2218 augmentum.
1222 2132 1288 2197 Sed
1323 2141 1373 2214 tu,
1413 2137 1497 2199 sieut
1532 2137 1688 2201 mirantes
1723 2137 1920 2221 accepimus,

267 2234 460 2297 contrarium
496 2234 627 2299 officere
659 2237 772 2299 niteris
807 2258 873 2301 non
910 2237 1035 2322 absque
1069 2239 1160 2322 gravi
1196 2238 1396 2302 contumelia
1424 2237 1606 2313 Creatoris,
1642 2238 1756 2304 lideles
1786 2240 1857 2304 eius
1889 2248 1922 2304 et

269 2334 403 2402 dilectos
426 2338 529 2415 filios,
560 2338 678 2403 fratres
702 2339 872 2425 hospitalis
897 2347 1008 2406 sancte
1031 2341 1135 2405 hiarie
1159 2341 1434 2406 'theutonicorum
1460 2344 1654 2407 constitutos
1678 2343 1710 2406 in
1734 2349 1819 2406 terra
1843 2341 1920 2406 Cul-

219 2463 226 2495 .=.
268 2442 369 2505 mensi
394 2448 428 2505 et
449 2441 584 2506 Pruseie
606 2444 770 2528 partibus,
794 2445 872 2510 diris
896 2446 1094 2531 affligendoa
1117 2447 1275 2511 molestiis
1300 2454 1346 2527 et,
1371 2447 1457 2532 quod
1481 2455 1532 2513 est
1556 2448 1705 2533 gravius,
1737 2446 1921 2512 invadendo

265 2544 454 2609 multotiens
478 2567 551 2610 eum
575 2547 744 2632 paganis².
785 2549 936 2635 Stupeut,
961 2550 1014 2635 qui
1039 2549 1175 2613 audiunt
1199 2551 1280 2614 tenti
1304 2550 1421 2614 erroris
1446 2572 1628 2630 excessum,
1653 2551 1827 2637 presertim
1849 2571 1920 2613 cunr

265 2670 391 2714 omnem
422 2651 670 2737 tirampnidem,
707 2673 836 2717 omnem
870 2660 1005 2741 superet
1035 2653 1199 2718 feritatem
1232 2675 1305 2718 cum
1336 2654 1485 2720 Letoinis
1519 2663 1552 2719 et
1579 2656 1732 2720 Prutenis
1767 2654 1920 2718 familiam

264 2750 490 2837 Redemptoris
521 2755 678 2839 impetere
708 2761 741 2818 et
771 2763 884 2821 contra
914 2758 1106 2842 peregrinos
1140 2757 1292 2821 innoxios
1323 2757 1498 2843 dampnate
1528 2761 1635 2843 gentis
1664 2758 1808 2844 gladium
1842 2778 1920 2820 eon-

265 2855 374 2927 citare,
398 2855 598 2921 destmendo
622 2858 791 2943 negotium
815 2859 902 2941 fidei,
926 2882 985 2945 pro
1010 2882 1073 2946 quo
1092 2883 1111 2924 a
1127 2861 1232 2945 longis
1251 2868 1337 2925 retro
1354 2862 1558 2947 temporibus
1575 2870 1608 2926 et
1625 2864 1767 2927 ecelesia
1783 2862 1921 2926 multum

204 2984 222 3018 a
264 2958 493 3023 sollicitudinis
525 2960 640 3025 habuit
670 2967 703 3025 et
726 2961 933 3026 Christianus
961 2964 1102 3049 populus
1131 2984 1204 3027 cum
1234 2965 1282 3027 sui
1307 2965 1468 3029 effusione
1493 2967 1660 3051 sanguinis
1684 2967 1814 3031 labores
1837 2964 1920 3029 mul·

202 4532 220 4565 m

261 3062 391 3149 tiplices
419 3063 579 3129 toleravit.
617 3064 805 3130 Videndum
835 3072 886 3130 cst
913 3066 988 3146 tihi,
1016 3067 1066 3130 vir
1092 3067 1222 3142 nobilis,
1257 3089 1297 3131 ne
1327 3076 1459 3153 propter
1481 3068 1541 3133 hoc
1565 3077 1676 3133 contra
1700 3076 1733 3133 te
1756 3089 1919 3154 provoces

261 3166 341 3230 iram
364 3166 430 3232 Dei
458 3173 492 3231 et
518 3167 576 3233 des
604 3171 781 3254 apostolice
809 3169 879 3235 sedi
911 3170 1121 3256 presumendi
1151 3172 1337 3251 materiam,
1369 3171 1455 3257 quod
1478 3171 1555 3238 fidei
1577 3173 1720 3259 puritate
1745 3193 1859 3236 careas
1883 3177 1917 3234 et

261 3271 321 3335 tibi
343 3272 386 3335 sit
409 3272 442 3335 in
465 3271 620 3356 gaudium
644 3274 754 3338 claves
777 3275 919 3339 ecclesie
943 3273 1107 3340 deducere
1131 3276 1163 3339 in
1188 3281 1428 3362 contemptum,
1456 3277 1541 3341 sicut
1563 3283 1681 3362 patens
1705 3298 1747 3341 ex
1772 3297 1811 3341 eo
1836 3297 1913 3339 con-

263 3376 388 3440 iectura
413 3377 560 3455 sumitur,
592 3376 677 3462 quod
706 3383 757 3456 tu,
786 3398 845 3463 pro
873 3378 1052 3441 afflictione
1082 3378 1175 3453 cleri,
1208 3379 1421 3443 ecclesiarum
1451 3378 1655 3445 desolatione
1684 3379 1918 3464 multiplicius

199 3496 217 3533 2³
263 3500 320 3564 pro
343 3479 457 3543 multis
481 3479 643 3545 horrende
659 3482 835 3567 impietatis
852 3482 1044 3546 excessibus
1060 3482 1125 3546 iam
1142 3503 1203 3567 per
1219 3490 1292 3547 octo
1311 3504 1424 3559 annos,
1448 3490 1483 3546 ul
1501 3484 1670 3564 asseritur,
1694 3482 1917 3547 exeommuni-

262 3584 390 3648 catione
421 3584 542 3669 ligatus
553 3583 577 3665 ⁸,
610 3585 715 3650 redire
748 3585 789 3650 ad
817 3585 1006 3650 mandatum
1038 3586 1178 3650 ecclesie
1210 3608 1274 3650 non
1305 3587 1435 3651 curasti.
1486 3585 1535 3651 Te
1562 3588 1673 3672 itaque
1705 3608 1765 3672 por
1797 3585 1919 3650 domini

262 3686 337 3752 Iesu
363 3684 486 3752 Christi
517 3710 648 3754 erucem
676 3696 709 3754 et
735 3689 928 3774 sanguinem
955 3690 1182 3769 obsecramus,
1215 3691 1366 3776 quatinus
1396 3691 1484 3755 omni
1510 3690 1664 3756 dilatione
1691 3698 1723 3755 ct
1747 3690 1919 3756 occasione

262 3792 454 3878 postpositis
479 3792 520 3856 ad
544 3793 632 3880 pium
657 3793 786 3858 rediens
810 3795 922 3858 matris
940 3795 1080 3859 ecclesie
1098 3794 1269 3878 gremium,
1293 3794 1460 3879 negotium
1478 3793 1611 3872 Christi,
1635 3793 1720 3879 quod
1736 3794 1769 3857 in
1783 3793 1920 3858 Pruseie

262 3895 396 3978 geritur,
434 3895 614 3960 efficaciter
646 3894 771 3960 habeas
800 3896 1076 3975 commendatum,
1113 3895 1270 3981 predictis
1301 3896 1458 3961 fratribus
1488 3904 1521 3962 et
1548 3898 1672 3962 eisdem
1703 3897 1854 3961 fidelibus
1886 3902 1918 3959 tc

264 3997 430 4063 reddendo
459 4000 625 4065 affabilem
654 4020 692 4064 ae
721 3999 843 4064 eisdem
875 4022 933 4086 pro
962 4000 1072 4066 divina
1103 4007 1137 4064 et
1165 4006 1279 4064 nostra
1307 4002 1491 4064 reverentia
1522 4001 1709 4066 benivolum
1742 3999 1919 4088 prestando

264 4101 420 4182 favorem,
443 4110 480 4167 ut
504 4125 546 4168 ex
570 4103 631 4167 hoc
655 4104 718 4167 celi
742 4125 854 4188 regem
878 4105 1057 4168 constituas
1082 4103 1141 4168 tibi
1166 4104 1343 4190 propitium
1368 4110 1401 4168 et
1424 4105 1606 4189 apostolica
1630 4105 1737 4177 sedes,
1761 4126 1823 4190 que
1840 4103 1918 4168 Cul-

265 4225 410 4270 mensem
449 4214 482 4270 et
515 4207 692 4292 acquisitas
721 4206 854 4271 Pruseie
890 4213 993 4272 terras
1029 4208 1062 4271 in
1096 4209 1145 4270 ius
1180 4214 1213 4271 et
1248 4208 1483 4292 proprietatem
1514 4209 1603 4273 beati
1631 4208 1721 4272 Petri
1753 4209 1918 4293 recepisse

263 4308 451 4388 dinoscitur,
476 4333 519 4374 ex
541 4311 603 4375 hoc
627 4312 686 4376 tibi
711 4311 751 4375 ad
775 4312 938 4396 speciales
961 4312 1085 4396 gratias
1108 4318 1271 4376 teneatur.
1310 4311 1402 4375 Alias
1428 4318 1548 4390 autem,
1573 4334 1646 4375 cum
1670 4333 1734 4375 non
1758 4312 1918 4397 possimus

265 4412 325 4477 Dei
351 4434 483 4478 causam
506 4416 692 4500 negligere,
722 4416 777 4500 qui
800 4417 851 4479 ius
875 4436 968 4479 suum
993 4414 1160 4478 studemus
1183 4415 1358 4499 unicuique
1382 4435 1591 4490 conservare,
1623 4422 1736 4479 contra
1759 4423 1806 4494 te,
1832 4413 1917 4499 quod

265 4515 367 4597 absit,
398 4518 430 4581 iu
460 4520 580 4584 talibus
604 4519 837 4605 persistentem
863 4518 1070 4596 excessibus,
1104 4518 1214 4582 taliter
1237 4526 1369 4583 auctore
1393 4518 1533 4582 Domino
1557 4517 1789 4604 procedemus,
1820 4526 1855 4581 ut
1878 4517 1917 4581 dc

263 4623 463 4688 necessitate
485 4624 663 4710 percipias,
692 4624 835 4707 qualiter
857 4623 996 4687 ecclesia
1020 4621 1115 4687 corde
1139 4623 1294 4709 tangitur,
1326 4621 1412 4708 quod
1440 4644 1499 4709 per
1522 4628 1554 4686 tc
1578 4622 1654 4687 fidei
1679 4621 1847 4707 negotium
1871 4621 1917 4684 sic

262 4723 515 4812 dampnabiliter
536 4728 779 4813 perturbatur‘.

368 4846 447 4912 Dat.
471 4844 634 4932 Lugduni,
657 4845 817 4913 Kalendis
840 4847 936 4912 Febr.
963 4870 1048 4911 anno
1073 4849 1229 4913 secundo.

366 5113 389 5169 ⁵)
407 5109 537 5176 alligando
549 5109 582 5159 u.

370 5247 395 5312 l)
410 5244 585 5298 Pomcruniae
597 5245 737 5298 orientalis
748 5245 765 5313 [
767 5245 974 5316 1’0aoaeretleaj,
989 5243 1153 5313 principilia
1167 5244 1288 5297 Grhrntre
1300 5243 1445 5313 [DumipJ.
1507 5244 1534 5309 ⁶2)
1549 5243 1672 5295 Priorem
1683 5260 1708 5296 a.
1723 5249 1792 5308 1212,
1810 5260 1831 5295 r.
1844 5241 1917 5294 Pert-

266 5329 336 5398 lau,
351 5329 458 5384 Pressas.
472 5329 533 5399 Ray.
545 5330 595 5384 sub
607 5348 634 5384 n.
646 5340 696 5385 191.
749 5333 775 5398 3)
792 5331 821 5385 V.
834 5331 895 5386 ibid.
909 5349 937 5386 a.
952 5340 997 5386 164
1009 5337 1032 5384 et
1047 5330 1129 5400 Veipt
1150 5330 1242 5385 uada.
1258 5330 1403 5383 Preasseras
1416 5335 1433 5382 t.
1447 5329 1490 5396 II,
1500 5346 1528 5396 p.
1541 5335 1596 5393 5¹36,
1613 5334 1667 5381 act.
1682 5337 1702 5381 1.
1755 5331 1783 5393 4)
1800 5327 1828 5382 V.
1842 5346 1916 5381 errara-

267 5413 330 5469 dare
345 5416 493 5488 [ΝΜ]
511 5415 705 5486 oretriepiaeepo
725 5417 873 5472 Gramma·
890 5424 914 5472 st
931 5418 1111 5488 saffrapnneia
1128 5418 1184 5471 eirea
1201 5415 1233 5470 dc
1249 5432 1280 5470 ea
1296 5432 1324 5469 rc
1340 5415 1427 5469 eodem
1444 5415 1486 5470 dis
1503 5414 1579 5477 datm
1605 5413 1735 5482 Pettlarat,
1756 5414 1819 5484 Rep.
1834 5422 1916 5482 11525,

268 5500 359 5570 ΕΜ
375 5509 449 5559 1031.
