4328 6232
269 334 331 405 318
819 330 869 393 tx
887 330 1107 394 Innocnnrn
1127 333 1164 392 rv
1184 327 1367 390 neersrno

268 518 419 595 tenqnem
455 511 716 594 inenpnpnebitia
753 511 936 589 muniverit,
975 512 1019 575 ite
1056 510 1246 585 custodient,
1280 513 1316 572 nt
1347 509 1391 573 nd
1422 527 1538 571 inaneis
1571 506 1732 572 Frideriei
1763 507 1918 589 petendam

270 618 469 696 imperatoris
490 616 538 680 ecl
556 615 723 701 santeenm
745 618 812 679 eins
828 616 995 695 ynrrnnrire
1016 635 1080 677 reon
1097 615 1231 698 possint.
1574 615 1667 690 1247,
1692 613 1757 676 tlet.
1786 618 1834 679 11.

371 736 434 789 Inn.
448 735 495 788 IV
505 735 569 805 Rep.
588 735 642 789 Vct.
656 736 680 803 I,
694 743 758 801 4665
770 735 830 788 Ino.
850 735 880 802 V,
893 742 952 789 240.
991 735 1089 787 Perteii
1104 735 1235 800 acemane-
1249 733 1409 786 eontnlimns
1425 749 1485 786 enm
1502 731 1610 800 Boceel‘,
1630 732 1689 785 (lert.
1703 731 1768 800 dipl.
1784 733 1920 785 Mornrirn

269 829 286 876 t.
306 823 366 890 III,
379 840 409 890 p.
425 829 463 890 78,
480 840 507 878 n.
524 831 579 877 105.

374 909 504 977 Poenam,
525 909 590 977 nn.
603 915 695 975 127183
713 909 811 976 Beryti·
830 913 907 962 3289.

436 1089 672 1163 Fratribus
700 1090 861 1162 domus
887 1087 1288 1160 Theutonicorum
1316 1087 1370 1159 de
1398 1085 1761 1158 Sarkemlic1·ctr²¹

650 1216 692 1282 ct
719 1211 771 1282 de
800 1208 1068 1282 Gotensten²
1096 1215 1243 1282 eastra
1270 1208 1544 1281 tenentibus,

373 1358 579 1424 Prosentium
604 1360 697 1424 vobis
725 1361 920 1424 auctoritate
943 1360 976 1423 in
1001 1361 1118 1425 virtute
1135 1359 1320 1424 obedientie
1337 1358 1473 1423 firmiter
1488 1357 1698 1443 precipiendo
1715 1356 1926 1433 mandamus,

271 1462 423 1546 quatinus
461 1463 501 1528 de
542 1462 794 1528 Starkemberoh
832 1471 865 1527 et
901 1462 941 1526 de
979 1462 1174 1528 Gotenstein
1212 1470 1334 1538 eastra,
1373 1483 1436 1547 que
1475 1462 1561 1527 clare
1601 1462 1758 1524 memorie
1790 1460 1938 1525 ..dun

271 1566 405 1630 Austris
425 1573 590 1653 tamquam
613 1566 884 1652 inexpugnabilia
912 1567 952 1630 ad
976 1575 1124 1653 tempora
1147 1567 1246 1651 longa
1267 1567 1414 1641 munivit,
1439 1567 1558 1630 curctis
1582 1585 1654 1629 oum
1673 1566 1761 1628 omni
1779 1563 1939 1649 diligen—

271 1669 374 1733 tinet
398 1671 631 1750 sollieitudine,
663 1671 709 1734 ita
738 1671 824 1756 quod
862 1671 902 1734 ad
941 1692 1054 1734 manus
1077 1670 1236 1734 Friderioi
1264 1669 1425 1754 quondam
1458 1669 1659 1754 imperatoris
1683 1669 1734 1732 vel
1760 1668 1951 1734 fautorem:

272 1773 372 1859 ipsius
395 1775 565 1859 pervenire
596 1795 658 1837 non
688 1773 850 1854 valeantl,
889 1774 1069 1848 custodire3
1107 1773 1296 1837 rnarnlatum
1335 1781 1479 1837 nostrum
1518 1774 1548 1836 in
1588 1773 1648 1836 hac
1687 1778 1782 1858 parte
1814 1773 1951 1837 taliter

272 1875 443 1962 impleturi,
467 1877 553 1962 quod
577 1877 720 1941 studium
737 1885 881 1941 vestrum
905 1899 969 1941 non
993 1878 1154 1942 immerito
1179 1877 1456 1948 commendantes,
1481 1884 1651 1940 teneamur
1668 1877 1760 1938 vobis
1785 1875 1948 1962 proinde

271 1979 312 2042 ad
336 1981 452 2045 merita
474 1981 662 2067 gratiarum.

376 2101 450 2166 Dat.
475 2100 637 2187 Lugduni,
654 2100 685 2164 V
702 2099 752 2165 Id.
776 2099 909 2168 Octobr.
933 2124 1018 2168 anno
1035 2102 1091 2169 V0.

893 2366 1302 2374 —.--—.-.——--

1054 2612 1141 2686 nti.

380 2708 597 2803 Innocentius
622 2734 679 2800 IV
692 2757 783 2818 pepe
804 2734 982 2800 attritissee
1004 2741 1033 2801 et
1055 2735 1220 2802 eonventne'
1248 2734 1431 2798 erronesten'i
1454 2733 1645 2799 Scandensis
1671 2733 1797 2798 ottentn
1826 2732 1919 2800 tltriei

277 2840 314 2903 de
338 2840 479 2920 Otinpen,
496 2859 557 2919 per
578 2859 609 2903 se
631 2859 668 2902 ne
689 2857 761 2902 snos
782 2838 825 2903 nd
846 2839 991 2904 tenorent
1011 2840 1094 2904 sedis
1116 2839 1302 2920 apostoticae
1325 2839 1455 2914 intenti,
1478 2837 1623 2914 emendet,
1646 2842 1682 2900 nt
1703 2837 1869 2919 Rudepcro
1887 2838 1920 2901 de

281 2942 429 3022 Ynndorf
440 2940 620 3025 masopane
640 2941 677 3005 de
700 2941 843 3022 beneficio
865 2942 1068 3007 eeclesiastico
1088 2947 1132 3007 ert
1154 2942 1346 3006 collationem
1369 2961 1460 3006 sitnm
1481 2945 1637 3024 spectante
1654 2941 1854 3022 prevaleant,

1578 3047 1671 3122 1247,
1696 3044 1762 3108 oct.
1787 3050 1838 3111 11.

377 3147 440 3201 Ian.
452 3147 501 3201 IV
517 3147 579 3216 ttae.
599 3145 653 3201 Vol.
667 3148 690 3218 1,
703 3155 767 3215 476,
786 3147 845 3201 Lib.
868 3147 898 3216 V,
916 3155 973 3203 342.
1011 3149 1163 3217 nemorum
1180 3165 1212 3202 en
1231 3148 1349 3217 Repente
1365 3147 1500 3215 descripsit
1519 3147 1547 3200 V.
1561 3146 1600 3201 Ct.
1617 3147 1646 3200 0.
1664 3145 1699 3199 de
1717 3146 1812 3202 Fene.

376 3234 475 3302 Beryer
491 3240 568 3289 3392.

353 3470 361 3486 .
392 3470 401 3487 .
429 3414 667 3488 abbatisse
695 3420 736 3488 et
762 3416 1014 3488 conventui
1044 3415 1309 3488 monasterii
1337 3411 1633 3488 Scandensis⁴
1660 3413 1851 3488 ordinis

650 3535 794 3609 sancti
820 3535 1054 3609 Benedicti
1080 3534 1316 3609 Curiensis
1342 3534 1567 3608 diocesis.

377 3683 564 3748 Inducimur
586 3685 711 3750 meritis
741 3684 851 3749 dilecti
878 3684 934 3748 filii
966 3685 1084 3749 nobilis
1115 3685 1174 3748 viri
1197 3684 1299 3750 Utriei
1323 3685 1364 3750 de
1388 3684 1574 3771 oliaginea
1597 3685 1640 3750 ad
1664 3686 1725 3753 hoo
1749 3694 1846 3773 prout
1869 3709 1922 3752 ac-

274 3787 418 3872 cepimus
442 3788 558 3852 intenti
581 3788 734 3869 sollicite,
768 3788 855 3874 quod
886 3810 945 3873 per
981 3809 1017 3853 se
1056 3809 1094 3853 ae
1124 3809 1200 3852 suos
1222 3788 1379 3853 honorem
1404 3789 1585 3875 apostolice
1610 3789 1699 3855 sedis
1723 3792 1829 3877 possit
1851 3791 1921 3856 Deo

272 3892 413 3977 propitio
437 3913 638 3977 promovere,
661 3894 751 3957 utin
775 3893 848 3970 hiis,
873 3914 936 3978 que
960 3892 1057 3978 digne
1081 3913 1260 3979 possumus,
1284 3893 1387 3978 ipsius
1404 3892 1577 3958 desideriis
1599 3915 1794 3961 annuamus.
1839 3896 1923 3960 Hine

274 4002 335 4075 est,
359 3994 445 4079 quod
468 4016 527 4060 nos
551 3997 619 4060 eius
643 3996 779 4061 obtentu
803 4018 841 4060 ae
866 3997 964 4061 etiarn
989 3997 1110 4060 intuitu
1134 3997 1246 4061 dilecti
1274 3997 1329 4060 tilii
1360 3995 1396 4062 F.
1421 3997 1567 4061 canonici
1591 3997 1826 4078 Beronensis⁶,
1850 4022 1921 4087 pre·

275 4098 360 4162 dicte
383 4100 470 4164 sedis
493 4099 648 4165 honorem
672 4101 757 4165 sieut
781 4102 967 4186 accepimus
990 4100 1165 4165 devotione
1190 4102 1318 4165 sincera
1341 4107 1375 4164 et
1398 4101 1507 4165 stabili
1523 4105 1737 4187 procurantis,
1762 4105 1921 4168 universi·

275 4209 376 4267 tatem
411 4210 552 4268 vestram
581 4204 759 4289 rogandam
790 4204 943 4269 duximus
978 4211 1011 4269 et
1048 4206 1259 4283 monendam,
1298 4205 1491 4271 mandantes
1524 4207 1677 4291 quatinus
1706 4206 1828 4272 dilecto
1857 4208 1922 4271 filio

273 4304 450 4391 Rudegero
478 4306 518 4372 dc
542 4307 709 4373 Tundorfl
731 4309 940 4396 presbytero,
964 4310 1082 4374 devoto
1110 4310 1229 4397 prefati
1258 4309 1376 4374 nobilis
1400 4317 1434 4374 et
1457 4310 1566 4396 nepoti
1590 4309 1738 4374 eiusdem
1763 4311 1921 4385 canonici,

273 4411 306 4474 in
328 4410 437 4495 aliqua
466 4413 679 4477 ecclesiarum
707 4412 748 4479 ad
772 4421 914 4477 vestram
942 4414 1148 4479 collationem
1187 4414 1403 4499 spectantium
1438 4413 1479 4479 de
1510 4413 1670 4478 beneficio
1700 4416 1921 4480 ecclesiastico

275 4515 486 4600 competenti,
516 4516 599 4600 quod
628 4519 712 4583 solet
739 4518 864 4583 clericis
895 4518 1099 4583 secularibus
1123 4519 1300 4603 assignari,
1324 4539 1420 4602 quam
1444 4519 1509 4582 cite
1534 4539 1569 4582 se
1592 4519 1733 4584 facultas
1757 4520 1922 4597 obtulerit,

274 4636 331 4702 pro
354 4618 529 4704 apostolice
553 4620 640 4684 sedis
663 4628 696 4686 et
718 4629 831 4686 nostra
855 4623 1039 4687 reverentia
1061 4621 1233 4707 providere
1250 4622 1370 4686 curctis
1387 4656 1427 4668 —
1445 4643 1508 4686 non
1532 4623 1684 4688 obstante
1708 4625 1734 4687 si
1754 4625 1848 4690 vobis
1863 4646 1920 4711 pro

274 4719 345 4784 aliis
368 4721 489 4806 scripta
511 4727 622 4786 nostra
644 4722 831 4802 direximus,
856 4726 973 4811 quibus
995 4727 1143 4790 nolumus
1168 4733 1231 4791 etc.
1254 4746 1373 4810 usque:
1404 4727 1566 4811 generari,
1590 4728 1659 4791 sive
1683 4727 1794 4813 aliqua
1817 4727 1922 4792 indul·

274 4825 393 4908 gentio,
416 4824 456 4889 de
480 4846 544 4910 qua
566 4828 744 4912 specialem
768 4830 801 4892 in
824 4831 944 4895 litteris
967 4832 1085 4895 nostris
1109 4837 1259 4917 oporteat
1273 4830 1344 4895 fieri
1362 4831 1561 4896 mentionem
1580 4855 1634 4906 -;
1658 4852 1774 4917 preces
1798 4840 1923 4897 nostras

276 4933 308 4990 et
337 4928 523 4993 mandatum
553 4931 663 4995 taliter
697 4932 886 5018 impleture,
926 4940 960 4998 ut
994 4933 1080 5020 apud
1113 4955 1172 4998 nos
1201 4934 1299 5019 digna
1328 4934 1479 4999 laudibus
1510 4943 1543 5000 et
1574 4935 1684 5001 farore
1708 4946 1844 5023 propter
1864 4937 1924 5001 hee

378 5152 404 5217 ²)
421 5154 458 5204 ita
476 5154 522 5218 P.,·
539 5156 753 5209 Snrkemberrooh
772 5157 819 5217 B.;
837 5159 1031 5211 Starkemboreh
1054 5160 1114 5224 Ba,
1131 5161 1200 5227 qued
1218 5162 1295 5227 tepus.
1401 5160 1425 5226 b)
1444 5162 1539 5230 Cl'igin
1559 5162 1605 5227 B.;
1623 5164 1670 5229 lep.
1688 5165 1784 5232 cngin.

378 5274 403 5339 1)
424 5271 464 5338 Cf.
482 5289 510 5326 n.
528 5281 584 5327 427.
670 5275 697 5340 2)
718 5274 891 5342 Gntterestein,
910 5293 967 5330 non
984 5278 1096 5330 mntem
1108 5295 1127 5330 a
1142 5283 1228 5331 cestro
1241 5277 1417 5333 Starkenrtere
1428 5279 1538 5334 dinone.
1619 5281 1646 5346 3)
1667 5279 1705 5346 Gt
1712 5297 1743 5350 p.
1755 5290 1815 5350 209,
1832 5287 1887 5337 aot.
1900 5289 1923 5337 2.

273 5357 302 5423 4)
322 5357 464 5426 sennan,
482 5360 550 5413 inter
567 5361 655 5413 herrm
676 5360 843 5415 toramen
863 5367 886 5415 et
903 5363 992 5415 lucum
1011 5363 1152 5417 Weteneee.
1265 5366 1293 5432 5)
1312 5364 1430 5434 Klineen
1448 5367 1478 5418 in
1496 5366 1582 5419 Kont.
1604 5367 1750 5437 Theman,
1767 5385 1781 5422 e
1797 5386 1860 5427 m.
1877 5371 1922 5426 eir.

276 5442 492 5497 constantiense.
595 5448 622 5513 e)
641 5446 726 5500 Hnne
739 5447 821 5514 [nime
833 5452 964 5515 peterrnn
984 5448 1228 5504 indesinentia.
1249 5451 1309 5505 Ber.
1333 5452 1470 5505 amentem
1493 5457 1517 5505 et
1539 5453 1726 5507 dimitientem
1749 5458 1876 5511 cendum
1890 5456 1921 5511 de

274 5529 405 5668 {ibam}
415 5529 528 5669 danne
552 5533 585 5597 cs.
603 5533 702 5601 Bnyer
719 5538 799 5601 3130,
821 5540 901 5603 3346,
920 5542 995 5603 ente,
1014 5542 1086 5591 3394.
1196 5538 1222 5604 7)
1244 5536 1370 5591 Ftntnsse
1396 5538 1543 5607 Tanatnrs,
1571 5538 1718 5607 Donnlors
1738 5541 1769 5594 in
1794 5540 1922 5598 mre-a

301 5656 306 5669 .
354 5657 360 5668 .
393 5633 430 5670 ret
456 5632 540 5685 tnytn.
