4328 6232
652 137 703 200 nx
720 135 938 199 innocentii
956 135 996 197 lV
1015 134 1194 198 REGISTRO

877 442 965 517 550.

197 559 414 650 Innocentius
437 585 458 649 1
464 583 495 648 V
506 605 599 668 papa
625 585 809 669 [Conrado]
836 585 976 665 episcopo
1002 585 1205 666 Frisinpensi
1238 584 1374 666 aliisque
1402 585 1578 650 nonainotis
1607 585 1756 663 nanda,

93 697 128 755 ut
149 692 173 776 [
171 691 311 754 (ittonam
333 689 392 774 ΙΙ]
413 689 519 752 ducem
542 689 723 767 Bouariae,
745 688 933 773 Monetam]
955 708 1082 752 nauem
1106 693 1135 753 et
1153 688 1239 770 filios
1260 689 1329 752 eiua
1349 692 1378 752 et
1399 688 1550 770 maedam
1572 689 1658 753 alios
1678 689 1757 770 fact·

94 805 175 859 tores
189 791 349 859 Friderici
370 791 527 873 qnondam
551 792 747 872 irupecaton's
769 792 937 874 efficaciter
959 791 1123 866 inducant,
1144 796 1180 855 ut
1197 791 1343 858 Conrado
1363 791 1467 856 comiti
1484 789 1524 854 de
1540 791 1757 873 Wasserbnrp

93 902 198 962 uestra
219 900 248 960 ct
263 894 482 975 possessiones,
510 916 589 976 qnae
610 894 770 959 detineant
791 901 950 977 occupata,
980 897 1157 974 restituant,
1179 914 1297 977 eosque,
1324 895 1354 959 si
1374 893 1430 959 hoc
1446 891 1557 978 facere
1577 895 1756 972 noluerint,

88 1021 149 1084 per
170 997 498 1063 caccnuunnicationis
520 1003 549 1061 ct
569 997 729 1063 interdicti
748 1000 920 1062 sententias
942 999 986 1063 ad
1007 999 1041 1062 id
1063 1002 1181 1081 copant.
1410 999 1505 1074 1243,
1528 996 1614 1064 Mai.
1631 998 1662 1061 5.
1811 1025 1823 1060 s

199 1119 261 1171 Inn.
275 1118 323 1171 IV
337 1119 399 1186 aa.
416 1118 470 1172 Vol.
485 1119 509 1186 I,
525 1125 588 1185 52&
606 1119 664 1174 Iul.
681 1119 710 1186 V,
723 1125 781 1174 809.
817 1119 915 1172 Pactoli
932 1120 1068 1188 coemptor
1083 1119 1247 1172 emdulimna
1258 1133 1319 1171 cum
1331 1116 1469 1184 Sbamtea,
1487 1117 1596 1170 Bullor.
1609 1116 1757 1171 dionaeo.

94 1210 112 1258 t.
127 1205 153 1271 I,
173 1221 203 1272 p.
214 1212 272 1272 515,
296 1223 324 1258 n.
337 1212 392 1259 277.
429 1205 540 1258 inituim
563 1206 681 1274 insuper,
706 1221 842 1273 aeneaque
864 1206 976 1259 mmina
996 1205 1109 1273 properio
1133 1206 1266 1272 kpuntur,
1290 1204 1387 1256 iterum
1410 1219 1472 1256 eum
1496 1202 1615 1271 Repertis
1639 1205 1756 1256 mandit

98 1290 129 1344 V.
144 1290 183 1344 ct.
199 1291 229 1344 0.
247 1290 279 1344 de
300 1290 392 1344 Falto.

199 1377 326 1444 Pedicant,
347 1376 521 1444 Rep.12885;
538 1377 636 1446 Bcrper
652 1383 727 1432 3857.

327 1613 364 1630 ..
391 1556 693 1648 Frisingensi,
722 1611 762 1631 ..
789 1555 1084 1645 Pataviensi¹,
1117 1611 1156 1630 ..
1184 1554 1514 1648 Ratisponensi
1809 1579 1830 1617 a

96 1682 139 1746 et
167 1732 206 1750 ..
234 1677 505 1753 llistetensi'¹
539 1677 763 1769 episcopis
796 1701 846 1751 ac
879 1678 1056 1752 dilectis
1087 1675 1199 1749 filiis
1227 1730 1266 1749 ..
1295 1676 1439 1750 electo
1466 1675 1757 1767 Angustensi

408 1805 450 1873 et
477 1856 517 1874 ..
546 1799 829 1892 procuratori
857 1798 1047 1873 ecclesie
1075 1798 1436 1889 Salzbnrgensis

206 1945 304 2026 Cum,
342 1947 426 2010 sicut
462 1946 599 2011 dilectus
628 1947 714 2010 filius
747 1946 869 2011 nobilis
899 1947 949 2010 vir
976 1945 1147 2010 Conradus
1177 1967 1288 2011 comes
1322 1945 1363 2011 de
1392 1945 1603 2011 Wazeburc²
1636 1965 1754 2011 aruce-

94 2048 255 2132 signatus,
286 2049 427 2114 ecclesie
450 2048 601 2114 Romane
631 2050 787 2130 devotus,
819 2049 914 2114 nobis
945 2050 1096 2136 exposuit
1125 2049 1371 2135 conquerendo,
1401 2049 1521 2114 nobilis
1549 2050 1602 2115 vir
1625 2099 1660 2115 ..
1683 2047 1753 2112 dux

94 2149 267 2216 Bawarie³
292 2159 325 2217 et
347 2152 389 2218 A.
412 2173 496 2216 uxor
520 2158 553 2216 et
575 2152 657 2216 filiib
681 2151 762 2229 eius,
789 2151 918 2238 Repeto
942 2152 1108 2238 palatinus
1130 2151 1292 2232 Bawarie,
1315 2151 1516 2217 Berthnidus
1537 2152 1687 2218 marchio
1709 2150 1752 2214 de
1803 2183 1826 2221 a

92 2254 350 2337 Ilahenbureh4,
379 2256 573 2322 Gebeardns
602 2255 643 2321 de
666 2255 865 2342 Hisperch⁵,
895 2255 979 2320 Octo
1003 2255 1043 2319 de
1074 2254 1453 2321 Bleien⁰etA1bertus
1481 2256 1523 2321 de
1547 2255 1752 2320 Mesbnrchl

93 2360 246 2438 comites,
278 2360 535 2424 Liutnemannus
566 2360 606 2424 de
635 2360 792 2447 Lapide⁸,
819 2358 1002 2424 Wernerns
1036 2359 1076 2423 de
1102 2359 1243 2441 Laber⁹,
1280 2361 1445 2425 Henrieus
1474 2361 1516 2426 de
1532 2360 1704 2424 Wilheam
1715 2361 1754 2439 ²⁸,

92 2462 290 2528 Ludovvicus
315 2464 355 2528 de
377 2464 622 2550 Hegenowe¹¹,
652 2464 875 2549 Engescalcus
903 2463 944 2527 de
967 2462 1219 2548 Hagineberc¹²
1248 2470 1281 2527 at
1303 2463 1515 2528 Hermannus
1543 2464 1650 2528 frater
1673 2464 1752 2537 eins,

92 2565 256 2631 Henricus
292 2567 333 2632 de
370 2567 635 2649 Lechsberch¹³,
675 2567 814 2631 Siiridus
849 2565 890 2631 de
925 2564 1187 2646 Frounberoh¹⁴,
1222 2565 1354 2632 Ulricns
1388 2566 1430 2632 de
1462 2567 1753 2642 Friuntsbercli¹⁸,

97 2667 236 2733 Sifridus
270 2669 311 2735 de
342 2671 578 2736 Fronohven¹⁶
607 2677 641 2735 et
668 2670 865 2734 Bertoldus⁰
899 2668 939 2733 de
972 2668 1239 2734 Sehilthberch¹⁷
1270 2676 1304 2734 ct
1337 2670 1468 2755 quidam
1500 2671 1557 2736 alii
1591 2692 1750 2756 sequaces
1795 2698 1815 2737 n

96 2792 209 2835 eorum
233 2781 413 2838 vestrarum
437 2775 622 2856 diocesem,
651 2774 795 2838 lautores
819 2773 979 2838 Friderici
1007 2773 1172 2857 qnondam
1203 2775 1424 2860 imperatoris,
1453 2774 1518 2838 Dei
1546 2780 1581 2839 et
1611 2774 1752 2838 ecclesie

94 2874 230 2955 inimici,
260 2885 383 2959 castra,
415 2879 508 2942 villas
532 2885 566 2943 et
588 2879 812 2964 possessiones
836 2898 913 2942 suas
937 2877 1097 2942 hostiliter
1118 2877 1328 2957 invadentes,
1362 2899 1403 2942 ea
1426 2878 1537 2942 omnia
1559 2878 1751 2964 occuparint

98 2985 132 3042 et
154 2978 326 3045 detineant
341 2991 500 3069 occupata
511 2983 548 3064 ¹⁸,
572 2991 706 3070 propter
721 2981 808 3066 qnod
826 2983 876 3046 sui
892 2982 957 3045 voti
974 2982 1126 3046 executio
1142 2980 1333 3068 impeditur:
1357 2981 1563 3059 mandamns,
1588 2983 1750 3068 quatinus,

96 3083 124 3147 si
153 3088 204 3148 est
233 3085 296 3166 ita,
324 3084 426 3151 dictos
455 3086 587 3163 ducem,
619 3107 756 3151 uxorem
785 3091 818 3150 et
844 3086 930 3150 filios
953 3106 1079 3150 necnon
1104 3086 1238 3150 comites
1261 3106 1299 3149 ac
1322 3085 1417 3165 alios,
1447 3092 1484 3149 ut
1507 3083 1616 3151 eidem
1642 3084 1751 3151 comiti

96 3193 213 3266 cestre,
237 3189 333 3254 villas
356 3197 389 3254 et
411 3194 637 3276 possessiones
660 3193 808 3279 predicta
831 3213 903 3256 cum
927 3190 1087 3255 fructibus
1111 3195 1294 3275 atempore
1318 3190 1542 3275 occupationis
1565 3189 1751 3254 huiusmodi
1804 3218 1810 3254 s

95 3293 259 3377 perceptis
284 3296 397 3359 exeis
421 3296 840 3376 restituantnttenentnr,
874 3302 908 3360 et
930 3294 971 3358 ab
996 3294 1097 3380 ipsius
1121 3314 1159 3357 ac
1189 3300 1274 3357 terre
1304 3312 1361 3356 sue
1392 3291 1545 3357 molestia
1572 3299 1607 3356 et
1635 3313 1750 3378 grava·

96 3394 237 3458 minibus
261 3395 301 3461 de
325 3405 436 3462 cetero
460 3400 700 3484 conquiescant,
723 3400 886 3464 moneatis
910 3399 1066 3463 attentius
1091 3405 1124 3462 et
1147 3397 1325 3462 efficaciter
1346 3397 1520 3476 inducatis,
1545 3399 1636 3484 ipsos
1652 3397 1692 3462 ad
1708 3397 1750 3478 id,

96 3498 123 3559 si
147 3498 279 3562 monitis
303 3501 514 3585 acquiescere
538 3525 601 3567 non
626 3505 820 3584 curaverint,
844 3524 904 3590 per
928 3501 1272 3566 excommunicationis
1295 3501 1329 3566 iu
1352 3523 1508 3588 personas
1532 3501 1622 3566 etin
1647 3510 1750 3567 terras

96 3620 209 3663 eorum
232 3602 396 3668 interdicti
419 3607 598 3670 sententias
621 3607 842 3692 appellatione
871 3612 998 3671 remota
1028 3610 1203 3689 cogentes,
1236 3626 1359 3690 easque
1390 3605 1586 3684 sententias,
1621 3606 1650 3670 si
1678 3628 1751 3692 pro·

95 3704 230 3768 tervitas
258 3708 407 3791 exegerit
435 3707 629 3789 eorundem,
663 3709 800 3794 singulis
829 3708 945 3773 diebus
969 3707 1141 3772 dominicis
1164 3712 1198 3770 et
1219 3706 1349 3772 festivis
1376 3729 1436 3793 per
1458 3709 1546 3790 loca,
1576 3710 1750 3796 inquibus

95 3806 251 3890 expedire
275 3808 436 3892 videritis,
466 3814 603 3897 pulsatis
636 3813 804 3899 campanis
837 3820 870 3876 et
893 3811 1037 3876 candelis
1067 3812 1215 3876 accensis
1245 3813 1439 3877 innovantes
1462 3812 1693 3898 sollempniter
1720 3821 1753 3877 et

199 4066 400 4131 ⁸)Cist'cen13.
504 4069 529 4136 b)
547 4071 651 4155 filiisdt.
756 4072 779 4137 ο)
798 4073 921 4124 Betoldns
934 4070 966 4124 R.

94 4206 216 4254 amau
241 4203 273 4256 in
300 4204 386 4273 meina
410 4203 535 4272 fidelitate
561 4207 775 4276 prmnpttssimn,
806 4207 876 4261 nuit
904 4207 990 4276 micat
1017 4211 1112 4260 contra
1136 4205 1356 4261 consuetudinem
1381 4224 1400 4259 a
1422 4205 1670 4275 pedamenta
1695 4209 1745 4264 aa

93 4286 267 4356 mammam,
290 4305 351 4344 cum
369 4293 464 4359 parati
485 4293 541 4346 sint
561 4308 650 4347 mrum
663 4310 739 4362 papa
755 4294 814 4347 iuri
831 4299 912 4361 mare,
937 4293 1054 4347 canu:
1080 4310 1132 4348 nee
1154 4297 1183 4348 te
1205 4297 1305 4364 gravet
1327 4295 1378 4347 ant
1397 4293 1450 4347 tibi
1469 4294 1619 4349 molestum
1639 4296 1740 4351 malet

95 4372 118 4426 si
137 4389 170 4426 ex
192 4374 313 4442 quadam
336 4376 450 4445 urgenti
474 4368 641 4433 necessitate
665 4382 694 4433 et
718 4378 842 4433 evidenti
865 4379 992 4433 utilitate
1014 4382 1132 4450 propter
1155 4380 1263 4434 instans
1287 4379 1432 4449 negotium
1455 4380 1636 4447 mandamns,
1659 4385 1733 4437 uta

94 4476 207 4528 presens
224 4477 293 4530 agas
312 4462 409 4516 mitius
428 4480 490 4517 cum
509 4464 655 4534 predictis,
680 4465 812 4534 quoniam
835 4468 962 4536 tempore
983 4465 1088 4537 aptiori
1110 4483 1194 4537 super
1217 4465 1362 4535 exigendis
1384 4468 1413 4520 et
1435 4466 1574 4522 habendis
1591 4468 1629 4523 ab
1647 4469 1729 4524 aindas

95 4545 221 4614 plenarie
240 4549 297 4603 tuis
315 4549 422 4604 iuribus
441 4549 495 4604 tibi
513 4551 663 4606 efficaciter
680 4553 841 4607 assistemus
858 4558 918 4619 de.,·
935 4554 1034 4621 Bcrpcr
1046 4559 1120 4608 3864.

199 4637 224 4701 1)
242 4635 284 4689 Dc
301 4635 342 4689 tia
359 4636 392 4701 cs.
405 4652 432 4689 n
446 4644 502 4690 447.
585 4638 613 4703 2)
630 4637 802 4707 Waaeerbuty
819 4637 856 4691 ad
867 4639 924 4692 Inn
940 4641 967 4706 tt.
984 4639 1061 4705 iufra
1076 4639 1123 4692 cia
1138 4638 1304 4692 Rmenteim.
1385 4637 1412 4704 3)
1432 4638 1488 4692 isra
1504 4639 1554 4693 too
1567 4639 1622 4706 san
1638 4645 1718 4710 tempe

94 4720 251 4788 capitaneus
267 4722 412 4790 imperialis
428 4721 543 4777 ducatus
560 4725 688 4778 Austrioe
704 4726 865 4779 mustitutns
881 4731 933 4792 eot,·
956 4724 1189 4792 amma-maer,
1214 4726 1230 4779 l.
1249 4741 1269 4778 c.
1282 4731 1354 4792 3707,
1372 4724 1406 4791 cs.
1420 4730 1497 4780 3708.
1593 4727 1624 4792 4)
1643 4726 1674 4780 E
1688 4742 1712 4780 ιι

93 4806 141 4860 cio.
160 4807 285 4876 Aniena·
307 4808 339 4862 dc
357 4809 510 4863 marchiam
526 4810 558 4875 cs.
572 4809 802 4879 Bellicum-Fidus,
824 4812 841 4865 1.
860 4827 883 4865 e.
900 4817 968 4866 3637
983 4816 1006 4864 et
1023 4818 1095 4867 3706.
1190 4814 1217 4878 5)
1237 4811 1363 4878 Hirzbera
1381 4826 1413 4863 aa
1429 4816 1493 4879 sept.
1511 4816 1535 4864 et
1551 4827 1590 4866 or.
1607 4813 1656 4867 cic.
1668 4811 1708 4866 Ei

93 4891 171 4948 aaut.
267 4897 296 4963 6)
315 4895 420 4964 Playen
436 4911 468 4949 ca
485 4912 535 4950 occ.
553 4897 599 4950 eie.
617 4896 750 4967 Soletum.
848 4900 876 4967 l)
897 4898 1045 4967 Moooburq
1061 4914 1094 4952 cc
1111 4903 1172 4966 cept.
1191 4903 1214 4951 et
1231 4914 1270 4952 or.
1288 4898 1334 4951 cir.
1349 4896 1484 4966 Freieinq.
1581 4899 1610 4966 8)
1628 4898 1700 4953 &cia

92 4983 156 5047 sept.
177 4984 201 5032 et
226 4996 266 5034 or.
287 4981 507 5051 cio.1uoolatadt.
619 4985 646 5051 9)
670 4984 718 5038 Ec
739 4990 803 5054 sept.
827 4990 851 5038 et
873 5001 922 5039 occ.
947 4986 992 5039 eia.
1016 4985 1189 5054 Repenaburo.
1298 4986 1340 5052 10)
1364 4984 1395 5038 Ε
1416 5001 1477 5040 mer.
1503 4986 1579 5039 lacus
1596 4987 1696 5040 Am

96 5067 139 5132 11)
158 5064 295 5135 Heauton
311 5067 348 5121 od
365 5069 422 5121 Inn
435 5070 464 5137 tl.
478 5069 554 5136 infra
571 5068 618 5124 cio.
633 5068 745 5139 Oottutp.
833 5072 876 5139 12)
890 5072 921 5126 E
930 5089 993 5126 mer.
1006 5077 1030 5126 et
1041 5088 1078 5125 or.
1090 5072 1136 5125 cic.
1147 5071 1301 5140 duodenum
1319 5071 1351 5137 ct.
1365 5071 1598 5140 Bolum-Mar,
1614 5073 1691 5127 iet

95 5151 138 5218 13)
156 5150 206 5205 Ec
221 5168 272 5207 occ.
290 5155 365 5208 laeua
376 5156 530 5209 Amneraec.
619 5158 663 5224 14)
682 5157 713 5210 E
729 5173 789 5212 uer.
808 5163 831 5211 et
848 5174 886 5212 or.
902 5158 950 5212 cio.
964 5159 1102 5227 Proiciun-
1122 5159 1154 5224 cs.
1168 5156 1398 5226 nume-maer,
1417 5159 1433 5212 l.
1446 5174 1468 5213 c.
1480 5164 1551 5214 eota
1639 5159 1682 5226 lt)

93 5252 131 5291 or.
142 5238 190 5292 cio.
203 5239 361 5295 lamma.
434 5245 477 5308 16)
491 5243 685 5312 Flaumtosut
699 5245 839 5314 mairac.
853 5245 979 5299 Dactau.
1051 5247 1095 5313 ll)
1109 5245 1157 5299 En
1168 5261 1206 5300 or.
1220 5245 1302 5298 castri
1320 5244 1497 5300 wamma.
1569 5243 1679 5315 18)(111

99 5321 273 5393 amoueo
284 5344 310 5382 a.
321 5335 392 5395 1247,
409 5329 481 5384 circo
497 5330 594 5397 sedum
605 5331 691 5384 sanati
702 5331 820 5386 Martini
829 5332 913 5402 [Noc.
925 5334 977 5403 11],
989 5338 1146 5400 ooeupatam
1158 5349 1211 5385 oeae
1222 5331 1334 5385 tradant
1345 5333 1420 5386 ,tun
1430 5330 1566 5399 quiton
1577 5349 1605 5388 a.
1613 5338 1674 5389 ml

93 5411 113 5467 t
127 5408 158 5465 X
163 5409 225 5478 1¹11„
239 5418 338 5480 11313.
370 5415 458 5472 &maa
475 5435 501 5472 a.
515 5422 589 5487 1249,
609 5417 694 5472 Most.
706 5424 737 5474 21
754 5418 785 5472 in
801 5420 880 5474 crema
898 5420 1023 5475 unaue·
1038 5420 1106 5492 roais
1120 5419 1202 5487 suinae
1219 5419 1335 5484 cuidam
1357 5416 1593 5495 Bostare-W,
1607 5416 1661 5477 lo.
