4328 6232
847 336 1264 398 nP1snonnnsannc'nnn.
1301 342 1376 399 124&
1875 346 1938 411 397

293 512 355 577 sine
377 512 483 577 multa
504 518 614 599 strage
636 512 803 577 hominum
824 513 976 599 agitatas,
999 513 1141 579 nobilem
1158 517 1329 581 mulierem
1347 515 1501 602 Sophiam
1523 524 1634 583 natam
1650 519 1753 605 ipsius
1769 519 1938 597 Friderici,

292 624 402 703 quarta
423 637 499 680 eum
521 616 815 701 consanguinitatis
846 623 880 681 et
907 617 1075 681 affinitatis
1108 619 1196 682 linea
1224 621 1484 705 contingentem,
1518 620 1648 686 duxerit
1675 623 1707 686 in
1735 644 1872 688 uxorem
1900 644 1938 688 ao

291 720 410 807 prolem
442 719 626 806 susceperit
653 741 696 785 ex
724 719 841 785 eadem
872 742 933 785 nec
963 722 1068 806 possit
1093 721 1279 787 huiusmodi
1302 724 1543 788 matrimonium
1567 724 1673 789 dirimi
1697 726 1822 810 absque
1845 728 1939 812 gravi

291 834 322 889 et
348 823 465 911 grandi
495 824 642 910 periculo
669 824 883 910 plurimorum
914 823 1087 909 dictusque
1121 846 1232 889 comes
1262 826 1302 889 de
1330 826 1493 892 Friburoh
1524 828 1555 891 in
1591 829 1729 894 ecclesie
1764 829 1939 894 devotione

291 929 455 1014 persistat:
484 949 545 992 nos
568 927 638 1009 tibi,
661 930 716 1014 qui
741 949 839 1014 super
862 929 924 993 hiis
948 931 1072 1015 poteris
1096 929 1219 994 habere
1244 932 1391 995 notitiam
1416 933 1607 1017 pleniorem,
1632 931 1842 1018 dispensandi
1865 954 1939 998 cum

292 1030 401 1097 eodem
424 1032 559 1111 comite,
589 1032 681 1096 utin
705 1031 890 1097 huiusmodi
913 1034 1116 1097 matrimonio
1140 1070 1180 1079 —
1204 1033 1437 1120 impedimento
1461 1056 1525 1100 non
1549 1035 1702 1100 obstante
1726 1036 1873 1122 predicto
1898 1072 1938 1085 -

293 1156 456 1201 remunero
484 1135 575 1200 licite
603 1137 747 1215 valeant,
781 1157 843 1200 nec
871 1144 1026 1223 suscepte
1058 1138 1139 1223 proli
1167 1159 1209 1201 ox
1236 1139 1441 1203 matrimonio
1471 1140 1517 1202 sic
1546 1146 1730 1219 contracto,
1765 1140 1939 1225 quominus

294 1246 456 1329 reputetur
478 1239 635 1323 legitima,
658 1239 872 1325 prciudicium
895 1249 1080 1325 generetur,
1104 1243 1234 1327 plenam
1260 1242 1319 1306 tibi
1343 1242 1553 1307 concedimus
1576 1243 1777 1308 facultatem.

388 1358 464 1425 Dat.
487 1358 652 1443 Lugduni,
674 1359 739 1424 XV
754 1358 830 1425 Kal.
853 1358 949 1443 Iunii,
973 1383 1058 1425 anno
1077 1361 1134 1425 V0.

908 1624 1229 1633 -α---Ψ-
1234 1626 1318 1633 ——n--

1070 1853 1157 1926 560.

245 2000 264 2039 ¹⁰
390 1965 609 2058 Innocentius
630 1991 684 2056 IV
697 2012 788 2076 popo
809 1989 995 2076 [Conrado]
1016 1990 1124 2055 obtati
1146 1990 1302 2073 Accpicnsi
1322 2011 1381 2071 pro
1403 1991 1523 2073 nogotio
1550 1990 1694 2055 ccclesiae
1720 1990 1849 2071 aliquos
1866 2008 1940 2070 pos-

300 2097 435 2161 sessiones
449 2096 634 2159 monosterii
648 2097 699 2159 sni
714 2095 805 2159 titolo
815 2094 963 2178 pignoris
978 2094 1138 2177 obligandi
1149 2092 1337 2179 focnltotom
1352 2094 1498 2158 concedit.
1593 2096 1686 2171 1248,
1702 2093 1788 2160 Mai.
1800 2095 1851 2159 19.

389 2216 451 2271 na.
465 2215 516 2270 IV
530 2215 596 2285 aa.
613 2214 705 2284 nom,
725 2222 792 2280 ssc-
809 2214 869 2269 rm.
887 2213 918 2282 v,
937 2222 991 2269 mn

388 2302 483 2371 Beroen
498 2308 573 2356 corn

624 2469 663 2487 ..
692 2413 855 2488 abbati
882 2412 1111 2506 Augensis
1139 2413 1406 2488 monosterii
1434 2412 1609 2486 ordinis

243 2553 261 2590 ¹⁵
300 2534 442 2608 sancti
467 2533 699 2608 Benedicti
727 2536 781 2608 ad
808 2536 1053 2609 Romanam
1081 2534 1319 2608 ecclesiam
1346 2535 1470 2608 nullo
1498 2534 1642 2607 medio
1671 2531 1943 2624 pertinentis

802 2655 1181 2730 Constantiensis
1207 2655 1429 2730 diocesis¹.

392 2803 439 2868 Ut
461 2805 630 2890 negotium
654 2805 795 2870 ecclesie
819 2805 851 2869 in
875 2806 939 2869 tuis
967 2805 1118 2869 manibus
1148 2805 1306 2891 suscipiat
1335 2806 1588 2880 incrementum,
1621 2801 1707 2888 qnod
1738 2824 1804 2867 non
1833 2808 1943 2889 potest

295 2907 372 2971 ellici
400 2907 524 2993 absque
556 2908 648 2993 gravi
670 2930 769 2974 onere
794 2930 1031 2994 expensarum,
1062 2915 1098 2972 ut
1121 2909 1232 2993 aliqua
1256 2909 1296 2975 de
1320 2907 1587 2996 possessionibus
1612 2908 1659 2970 tui
1682 2907 1876 2970 monasterii
1899 2905 1940 2971 de

294 3012 419 3075 consilio
442 3018 623 3076 conventus
648 3012 750 3096 ipsius
775 3014 880 3098 possis
904 3034 963 3099 pro
986 3013 1050 3076 tuis
1074 3012 1327 3077 necessitatibus
1344 3014 1439 3077 titulo
1455 3011 1600 3097 pignoris
1617 3009 1776 3094 obligare,
1798 3011 1940 3074 auctori-

230 3120 249 3160 Μ
294 3117 356 3179 tate
379 3114 437 3179 tibi
461 3116 665 3201 presentium
689 3116 897 3181 concedimus
921 3116 1058 3180 liberam
1082 3115 1282 3180 facultatem.

393 3235 471 3302 Dat.
493 3234 658 3320 Lugduni,
681 3235 786 3300 XIIII
809 3236 886 3304 Kal.
909 3236 1005 3319 Iunii,
1028 3258 1113 3301 anno
1130 3235 1209 3300 V⁰².

908 3499 1320 3509 ——-——-—-———

1070 3729 1157 3802 561.

391 3838 608 3931 [innocentius
628 3865 686 3932 IV
698 3888 788 3952 popo
814 3867 912 3933 cidem
939 3867 1088 3947 cmcccctit,
1122 3873 1157 3931 nt
1185 3868 1410 3933 ininistmintcs
1439 3872 1469 3932 et
1497 3868 1651 3933 cossnttos
1681 3867 1865 3933 monosterii
1891 3865 1943 3931 sni

300 3966 469 4055 C[onrodo]
489 3974 567 4035 noto
588 3971 785 4056 F[ri‹tcrici]
806 3973 963 4053 quotidem
986 3974 1186 4053 imperatoris
1208 3973 1413 4038 caramentes
1428 3994 1490 4054 por
1510 3973 1753 4037 subtractionem
1770 3970 1942 4056 feudorum

292 4074 456 4154 conmcttot,
478 4077 515 4137 nt
535 4096 555 4139 α
578 4075 790 4139 contestatione
812 4076 994 4140 monosterii
1016 4077 1179 4141 desistant.
1585 4078 1679 4153 1248,
1701 4074 1786 4139 Mon.
1801 4076 1855 4139 20.

208 4182 230 4223 ²⁵
389 4192 453 4248 Inn.
466 4192 516 4246 IV
531 4192 596 4262 Rnp.
614 4194 669 4248 Vol.
684 4194 710 4262 Ι,
727 4200 878 4263 643-ῦ44;
895 4195 954 4250 Lao.
972 4195 1002 4264 V,
1022 4204 1082 4251 966.

388 4278 484 4349 Bcrper
499 4285 572 4335 4013.

628 4447 670 4464 ..
698 4392 851 4466 abbati
878 4393 1104 4487 Augensis
1131 4392 1397 4467 monasterii
1424 4391 1598 4464 ordinis

295 4508 426 4582 sancti
450 4511 686 4586 Benedicti
713 4514 765 4586 ad
788 4513 1033 4589 Romanam
1062 4515 1313 4590 ecclesiaml
1342 4513 1467 4586 nullo
1494 4511 1640 4586 medio
1667 4510 1943 4603 pertinentis

809 4635 1180 4711 Constantiensis
1207 4633 1412 4708 diocesis.

193 4770 213 4811 ³⁰
391 4780 560 4868 Experto
583 4788 639 4847 tua
662 4782 724 4848 luit
746 4785 946 4871 propositum
971 4805 1081 4850 coram
1104 4785 1211 4866 nobis,
1235 4783 1322 4869 quod
1345 4783 1490 4848 nonnulli
1507 4782 1738 4847 ministeriales
1756 4788 1790 4846 et
1805 4781 1943 4845 vassalli

292 4885 471 4951 monasterii
498 4886 561 4965 tui,
590 4907 611 4950 a
632 4891 665 4951 te
694 4887 794 4953 leuda
821 4895 987 4969 tenentes,
1023 4895 1130 4975 spreto
1160 4890 1344 4952 iuramento
1373 4886 1557 4965 fidelitatis,
1587 4905 1651 4970 quo
1681 4884 1741 4948 tibi
1772 4888 1937 4960 tenentur,

574 5048 688 5054 ..—.—.
696 5049 713 5054 ..
731 5049 926 5056 -.-—-—.
949 5050 1007 5056 ——
1020 5048 1214 5056 ...—-——-.-.—-
1348 5046 1370 5051 —
1383 5044 1480 5050 ———
1489 5044 1646 5051 ·-·-·--·
1656 5045 1674 5049 --

386 5142 410 5207 ⁸)
428 5142 541 5208 ceqndtnr
559 5143 587 5193 in
599 5141 646 5196 ln:
663 5153 711 5197 stc.
732 5154 761 5197 ut
778 5163 857 5213 supra
873 5147 901 5197 in
919 5148 1051 5214 proxima3
1070 5149 1104 5213 cf.
1123 5147 1197 5213 infra
1215 5154 1266 5197 not.
1279 5148 1303 5196 2.

391 5278 419 5343 l)
438 5275 478 5343 Os.
495 5294 524 5333 n.
535 5284 590 5333 568.
678 5280 705 5347 Ξ)
725 5279 782 5333 Sub
802 5281 870 5333 Mai.
883 5288 918 5335 20
935 5279 1023 5333 aomo
1041 5285 1065 5333 ct
1082 5277 1221 5333 concentui
1238 5277 1418 5346 Arcpienmbnc
1440 5276 1567 5344 indulsit,
1591 5281 1623 5330 nt
1644 5275 1682 5329 od
1702 5276 1872 5344 receptionem
1895 5291 1943 5328 sein

291 5362 459 5427 moun
475 5362 594 5418 oticnino
606 5381 659 5433 per
675 5367 779 5420 litteras
796 5368 956 5435 namncticae
965 5368 1098 5436 permotas
1110 5365 1226 5433 conspetti
1237 5380 1293 5416 non
1302 5368 1422 5431 pocomi,-
1439 5363 1488 5416 snb
1500 5363 1570 5416 Μαί.
1583 5369 1623 5425 29,
1641 5367 1671 5414 nt
1682 5377 1742 5414 cinna
1754 5360 1944 5414 monumentum

196 5434 220 5475 ⁸⁵
295 5460 390 5517 mn,
415 5448 455 5503 ‘in
470 5449 558 5505 nodio
570 5467 672 5520 praem
688 5457 711 5505 ct
724 5469 864 5521 pererrans
882 5453 1001 5506 nntimris
1018 5453 1117 5519 siticm',
1140 5452 1171 5505 in
1188 5449 1372 5518 ternpornlnlms
1389 5450 1533 5517 orllnpsnm
1550 5454 1626 5515 asset,
1649 5449 1757 5513 frendens
1770 5447 1855 5515 primi
1873 5447 1945 5499 cenni

294 5530 479 5605 huetium,
494 5534 534 5591 od
548 5538 714 5592 wltnfionmn
731 5539 850 5607 ipsormm
861 5540 1047 5608 spectantium,
1067 5556 1135 5607 mccc
1146 5538 1221 5604 infra
1232 5536 1378 5590 trienninm
1389 5552 1484 5590 rimare
1494 5536 1663 5604 continpcret,
1677 5534 1813 5602 micipsae
1823 5548 1856 5585 nc
1866 5533 1945 5587 libert

294 5618 404 5679 m
412 5624 541 5693 me
555 5622 657 5695 Βσρσ
672 5632 738 5681 mro
754 5632 779 5680 ec
799 5625 931 5693 Potamon,
952 5627 1016 5695 Ra).
1029 5632 1148 5694 reason·
1165 5625 1262 5694 Rapo
1279 5629 1353 5678 4012.
