4734 6334
861 419 1062 478 EPIS'I’OLAE
1080 424 1272 482 SELEOTAE.
1310 429 1384 483 1249.

1079 727 1165 801 657.

399 826 618 922 Innocentius
640 857 696 922 IV
710 879 804 940 popu
824 860 1012 949 [Bertoldo]
1033 865 1221 933 unedomino
1243 867 1471 950 Ratisponensi
1492 871 1637 949 mandat,
1666 877 1700 937 nt
1721 893 1791 938 men
1817 873 1949 954 eotteqae

294 958 347 1022 sni
376 958 519 1042 inpediti
549 960 626 1037 sint,
663 963 749 1027 sotns
775 963 868 1028 inesto
893 965 1028 1032 directore
1055 969 1117 1036 ster·
1144 975 1173 1036 et
1200 972 1245 1035 eis
1274 972 1396 1036 litteras
1421 973 1640 1050 alienationes,
1670 976 1699 1039 si
1724 995 1804 1056 quus
1825 975 1949 1061 [Rade-

293 1061 404 1146 perns]
426 1063 586 1144 episeopus
607 1062 809 1131 Puteoiensis
831 1065 868 1132 de
890 1068 979 1134 bonis
1000 1073 1144 1140 ecelesiae
1166 1094 1243 1140 snae
1265 1076 1501 1157 attemptaverit,
1526 1076 1638 1141 irritos
1659 1076 1830 1144 dennnte'et.

659 1254 663 1266 Ι
927 1213 930 1224 2
1583 1183 1677 1260 1249,
1699 1181 1793 1247 Febr.
1810 1183 1860 1247 15.

400 1251 462 1305 Inn.
477 1252 526 1306 IV
542 1252 606 1322 Περ.
625 1254 686 1310 Iob.
706 1256 752 1324 VI,
768 1257 842 1324 ess,
860 1275 887 1310 n.
901 1265 958 1315 369.

399 1337 528 1409 Pottltust,
546 1340 610 1410 lta.
624 1349 714 1410 13217;
732 1343 830 1415 Berptr
847 1351 918 1402 4361.

769 1597 808 1616 ..
836 1541 1116 1618 vicedomino
1143 1549 1479 1642 Ratisponensi.

406 1684 490 1752 Cum
512 1689 589 1754 olim
612 1689 670 1754 tibi
694 1697 727 1756 et
749 1691 878 1758 dilectis
901 1695 977 1760 liliis
999 1695 1155 1762 iratribus
1171 1698 1362 1764 Hermanno
1386 1700 1427 1766 de
1443 1700 1730 1769 Bothenkrimene
1753 1709 1785 1768 et
1800 1703 1946 1768 Henrieo

297 1787 337 1852 dc
360 1789 588 1878 Honlsespehb
611 1793 733 1860 ordinis
756 1795 894 1862 fratrum
917 1798 1080 1864 Minorum
1109 1799 1255 1866 dicamur
1284 1803 1406 1869 nostris
1436 1805 1555 1870 litteris
1584 1803 1791 1872 mandavisse
1804 1807 1825 1888 ¹,
1855 1814 1892 1870 ut
1915 1856 1947 1870 ..

298 1891 489 1960 Pataviensi
517 1895 688 1984 episcopo,
726 1919 766 1963 ne
796 1899 981 1981 infeudare,
1011 1902 1171 1983 vendere,
1207 1912 1408 1991 permutare,
1444 1906 1625 1974 distrahere
1654 1929 1713 1974 seu
1742 1909 1948 1995 aliquomodo

297 1997 469 2082 quicquam
485 1998 526 2065 de
543 2002 637 2067 bonis
653 2001 860 2070 Pataviensis
878 2007 1016 2072 ecclesie
1033 2007 1179 2074 alienare
1195 2015 1409 2095 presumeret,
1433 2012 1627 2078 anctoritate
1644 2019 1757 2078 nostra
1773 2012 1948 2078 studeretis

296 2099 475 2168 districtius
498 2104 662 2171 inhibere:
695 2108 785 2191 quia,
809 2109 949 2174 sicutte
973 2110 1136 2176 referente
1160 2115 1361 2200 accepimus,
1384 2112 1479 2179 dictis
1503 2114 1660 2180 fratribus
1683 2117 1755 2181 aliis
1780 2116 1948 2203 occupatis

297 2205 434 2289 negotiis
458 2212 494 2271 tn
518 2209 605 2274 solus
629 2232 693 2275 non
717 2219 812 2296 potes
835 2215 954 2299 exequi
977 2215 1165 2279 mandatum
1189 2219 1405 2303 apostolieum
1427 2219 1460 2282 in
1484 2219 1545 2283 hac
1562 2225 1665 2305 parte,
1689 2239 1758 2300 nos,
1780 2220 1950 2285 volentes⁰

296 2307 523 2396 indempnitati
547 2312 692 2379 eiusdem
719 2316 858 2381 ecclesie
881 2324 1018 2404 paterna
1042 2319 1262 2386 sollicitudine
1285 2342 1476 2408 precavere,
1500 2323 1708 2401 mandamus,
1740 2323 1892 2409 quatinus
1916 2324 1949 2387 in

298 2411 445 2477 mandati
472 2417 574 2480 nostri
604 2437 703 2503 super
730 2419 924 2485 inhibitione
953 2421 1136 2486 huiusmodi
1167 2425 1362 2489 executione
1391 2425 1551 2511 procedes
1573 2427 1666 2491 iuxta
1689 2425 1884 2492 directarum
1908 2424 1949 2491 ad

261 2525 271 2538 ·
297 2519 330 2578 te
359 2535 397 2580 ae
424 2518 515 2604 ipsos
543 2519 661 2585 fratres
690 2523 923 2589 continentiam
950 2525 1148 2607 litterarum,
1181 2527 1376 2594 denuntians
1406 2529 1633 2594 nichilominus
1662 2531 1891 2611 alienationes,
1921 2531 1949 2595 ei

297 2638 378 2703 quas
401 2640 462 2706 per
483 2623 591 2708 ipsum
609 2625 798 2713 episcopum
813 2616 1012 2715 attemptari
1020 2621 1202 2716 contigerit,
1226 2632 1335 2697 irritas
1352 2637 1385 2697 et
1400 2634 1529 2708 inanes3
1554 2631 1809 2699 contradictores
1827 2629 1947 2721 [etc.]‘¹.

404 2740 482 2809 Dat.
504 2741 668 2830 Lugduni,
691 2745 756 2810 XV
779 2746 856 2815 Kal.
878 2747 1000 2832 Martii,
1024 2751 1199 2818 annoV10.

918 3013 1328 3022 ———.-.-.—-—-.-.-.-

1081 3275 1168 3349 658.

401 3378 620 3474 Innocentius
639 3411 664 3474 Ι
668 3409 696 3474 V
709 3432 800 3496 popa
822 3413 934 3480 Sancti
948 3415 1172 3479 Emnnramne
1187 3414 1430 3496 Rotisponensie
1451 3419 1481 3480 et
1502 3416 1539 3479 de
1559 3415 1766 3483 Wotderbeclr
1787 3417 1951 3496 abbatibus

218 3569 228 3580 ,
296 3509 435 3589 mandat,
458 3515 493 3575 nt
507 3511 738 3599 [Rediperntn]
751 3515 926 3597 episcopam
940 3515 1169 3595 Potueiensem,
1186 3539 1248 3599 per
1263 3516 1352 3582 cuins
1367 3517 1588 3601 neptipentiarn
1609 3519 1736 3584 eeclesia
1751 3519 1952 3585 Poteoiensis

293 3613 434 3695 praeder
454 3613 497 3678 sit
518 3614 670 3696 oottupse,
693 3616 737 3681 od
757 3619 1000 3702 resipnutionern
1022 3622 1229 3704 episcopatos,
1249 3621 1485 3703 pontificatibus
1506 3621 1569 3685 sibi
1589 3621 1771 3700 reservatis,
1797 3622 1952 3688 inducent

295 3719 391 3798 elene,
412 3718 443 3782 st
464 3720 597 3796 cesserit,
619 3719 656 3784 de
678 3720 768 3785 bonis
790 3723 1016 3806 episcopatibus
1038 3744 1170 3808 carpene
1188 3724 1319 3810 foeteret
1333 3725 1507 3805 prouideri.
1585 3727 1679 3803 1249,
1701 3725 1796 3790 Febr.
1813 3727 1863 3792 15.

399 3838 463 3894 Inn.
477 3837 525 3891 IV
541 3839 604 3907 Rep.
618 3839 678 3894 In'b.
692 3840 740 3909 VI,
756 3842 833 3908 f.28,
852 3859 879 3897 n.
892 3849 949 3899 370.
978 3844 1126 3913 Exemplar
1138 3844 1254 3912 Bolani,
1270 3843 1346 3898 Mne.
1360 3849 1377 3898 t.
1394 3844 1457 3914 VII,
1471 3862 1501 3914 p.
1512 3852 1560 3900 465
1577 3843 1737 3900 oontnlimna
1753 3861 1814 3900 enm
1826 3845 1950 3917 Repertis.

399 3923 526 3992 Panae,
546 3923 610 3994 Ra.
624 3931 716 3993 reeta·
733 3927 828 3996 Rape
845 3935 918 3985 esee.

411 4179 449 4198 ..
478 4123 642 4199 Sancti
668 4125 921 4200 Emesamni
947 4125 1305 4220 Ratisponensis
1332 4132 1375 4201 et
1404 4184 1442 4202 ..
1470 4129 1522 4201 de
1540 4125 1848 4202 Walerbarch⁰

691 4246 1037 4338 Ratisponensis
1064 4246 1255 4322 diocesis
1281 4245 1554 4334 abhatibus².

406 4395 498 4461 Sicut
526 4416 590 4460 non
618 4396 742 4482 absque
771 4397 870 4461 animi
903 4396 1090 4461 turbatione
1119 4396 1318 4477 audivimus,
1347 4395 1555 4461 Pataviensis
1586 4396 1729 4460 ecclesia
1756 4416 1815 4482 per
1843 4396 1948 4482 negli-

296 4499 440 4583 gentiam
471 4504 505 4564 et
532 4500 704 4583 incuriam,
736 4521 796 4566 seu
825 4501 985 4564 malitiam
1014 4501 1121 4587 potius
1146 4549 1178 4565 ..
1203 4500 1350 4585 episcopi
1371 4499 1581 4564 Pataviensis
1609 4499 1641 4562 in
1670 4497 1893 4584 spiritualibus
1918 4505 1952 4564 et

297 4603 532 4688 temporalibus
560 4604 706 4688 graviter
734 4608 785 4668 est
813 4603 974 4690 collapsa,
1010 4624 1071 4668 nee
1100 4603 1170 4689 ipsa
1197 4602 1352 4682 ecelesia,
1386 4622 1449 4687 que
1479 4602 1556 4666 olim
1591 4602 1762 4666 consuevit
1792 4601 1951 4666 bonorum

297 4709 448 4774 ubertate
476 4709 607 4789 llorere,
641 4728 701 4794 per
728 4727 803 4773 eum
831 4712 980 4792 speratur
1009 4727 1108 4793 posse
1137 4706 1179 4771 ad
1206 4705 1359 4770 decorem
1389 4712 1493 4770 status
1522 4705 1649 4791 pristini
1678 4707 1862 4785 reformari,
1892 4705 1951 4771 sed

295 4832 402 4897 neque
426 4811 589 4897 generalis
613 4811 752 4878 ecclesie
776 4811 959 4895 negotium,
992 4811 1064 4896 ipso
1094 4829 1129 4875 se
1154 4830 1253 4895 super
1276 4808 1339 4874 hoo
1363 4807 1520 4874 reddente
1543 4810 1689 4896 tepidum
1713 4816 1746 4875 et
1768 4811 1950 4892 remissum,

295 4936 354 5000 per
377 4915 516 4980 cundem
540 4915 573 4980 in
595 4915 713 4981 melius
736 4914 873 5000 proficit,
896 4915 1020 4978 utinam
1044 4935 1110 4978 non
1134 4914 1166 4977 in
1183 4913 1288 4999 peius.
1325 4911 1432 4994 Unde,
1457 4912 1484 4977 ei
1501 4911 1608 4978 dictus
1625 4913 1799 5001 episcopus
1816 4913 1952 5000 provida

294 5016 507 5084 meditatione
524 5018 718 5097 consideret,
743 5018 830 5105 quod
848 5018 875 5082 si
891 5018 1063 5103 episcopus
1079 5017 1219 5082 nominis
1243 5038 1309 5081 nou
1333 5023 1517 5102 exequatur
1539 5017 1705 5098 ellectum,
1728 5015 1814 5083 unde
1838 5015 1950 5082 dolere

296 5127 403 5208 potest
425 5122 560 5202 invenit,
584 5121 723 5208 quiade
748 5121 898 5208 primatu,
922 5142 1020 5206 quern
1043 5121 1076 5184 in
1100 5121 1196 5185 terris
1220 5120 1355 5199 obtinet,
1379 5119 1602 5185 contusionem
1620 5119 1839 5206 expectetfin
1856 5121 1950 5186 celis:

297 5225 475 5313 prudenter
502 5223 610 5290 anime
639 5246 697 5290 sue
727 5225 875 5290 consulet
905 5230 939 5288 et
968 5225 1095 5303 honori,
1128 5225 1155 5288 si
1185 5225 1410 5311 episcopatui⁸
1438 5245 1573 5310 corpore
1602 5222 1712 5304 cedet,
1744 5225 1796 5289 cni
1823 5225 1953 5289 videtur

398 5487 422 5552 θ)
442 5485 643 5538 Bothenhrimar's
661 5485 708 5544 R.,·
727 5485 775 5551 lep.
793 5485 1002 5536 Bothenbrunen.
1106 5483 1131 5548 b)
1152 5485 1198 5550 lep.
1217 5485 1375 5550 Ankesperc.
1481 5485 1503 5550 ⁰)
1521 5501 1568 5536 vos
1587 5483 1703 5534 nolentes
1721 5482 1755 5534 R.
1859 5479 1883 5548 d)
1901 5490 1949 5536 etc.

294 5574 362 5626 deest
376 5573 409 5624 R.
513 5573 537 5637 ⁰)
555 5569 703 5624 Warbbsich
721 5589 787 5623 corr.
802 5570 958 5636 watham
976 5572 1005 5622 in
1022 5587 1104 5637 morp.
1122 5577 1269 5622 resecatum.
1374 5566 1450 5634 'lite
1467 5569 1500 5620 R.
1607 5567 1632 5634 Β)
1652 5567 1802 5638 episcopatu
1821 5569 1852 5622 lt.

400 5711 426 5776 1)
448 5707 486 5776 ΟΥ.
501 5725 532 5778 p.
543 5715 598 5778 391,
618 5712 702 5764 nott
718 5711 741 5764 et
758 5723 786 5763 n
799 5715 854 5766 bot.
941 5707 971 5776 2)
991 5705 1029 5776 Of.
1048 5723 1077 5762 a.
1089 5713 1136 5766 662
1152 5711 1177 5762 ct
1192 5712 1247 5762 ott.
