4328 6232
931 362 1146 419 PRAEFATIO.
1832 366 1872 420 IX

210 545 292 617 lene
319 546 540 636 compositam
566 551 596 616 ol
623 550 813 616 correctam
835 567 926 636 prae
959 565 994 614 se
1027 542 1202 630 labuerit,
1238 543 1278 613 in
1305 567 1372 633 qua
1399 551 1518 615 utrum
1544 543 1769 617 ‘accusativus
1794 569 1872 618 acm

210 664 392 753 infinitioo’
422 687 469 734 an
499 664 604 736 rerba
638 665 740 756 quod
888 663 1007 755 possit
1028 662 1194 753 ponenda
1220 669 1344 754 essent,
1366 665 1548 755 perspicue
1581 686 1777 755 coqnoscere
1802 688 1872 737 non

204 784 319 877 potm‘t
327 784 348 855 ¹.
401 784 449 872 5)
477 782 518 855 Si
544 784 714 856 nonnulla
741 785 816 856 loca
842 785 1064 876 Reqestorum
1090 790 1296 871 nostrorum,
1323 791 1402 856 teste
1428 785 1469 855 P.
1487 785 1536 856 H.
1566 784 1732 877 Datur,
1759 810 1872 858 uacua

210 907 336 979 relicta
361 912 452 995 sunt,
479 908 519 976 in
546 904 670 996 quiirus
696 929 844 978 rasurae
869 929 941 978 non
968 907 1308 992 aninrodoertnntur‚
1335 927 1412 975 eum
1438 904 1497 976 illo
1524 905 1759 979 concludimus
1784 911 1870 980 scri·

204 1034 342 1119 plorem
356 1049 407 1116 ea,
423 1049 512 1118 quae
531 1027 751 1117 reqistranda
770 1032 889 1116 essent,
904 1026 1012 1117 leqere
1032 1048 1101 1096 non
1122 1026 1287 1116 potuisse.
1340 1024 1421 1095 Has
1448 1031 1562 1097 autem
1584 1029 1736 1098 ninutas
1761 1028 1872 1118 fuisse

208 1171 279 1219 non
305 1149 422 1219 minus
442 1145 622 1239 probabile
649 1152 698 1218 est
726 1170 829 1237 quam
858 1147 931 1217 alia
957 1146 1105 1236 Reqesto
1125 1146 1228 1237 prius
1255 1144 1405 1235 scripta,
1437 1145 1478 1215 id
1505 1147 1597 1236 quod
1622 1143 1763 1238 Danista
1782 1170 1870 1238 pro·

204 1271 328 1359 pon-it;
354 1291 438 1339 nam
465 1267 612 1358 Repesta
633 1267 785 1360 papalia
812 1275 883 1339 tam
909 1266 999 1338 male
1015 1268 1184 1339 custodita
1200 1265 1320 1355 fuisse,
1348 1272 1387 1335 ut
1406 1268 1577 1356 quaedam
1597 1275 1719 1359 partes
1746 1269 1870 1341 mems-

209 1392 298 1461 simo
329 1392 494 1480 tenrporis
519 1389 630 1481 spatio
658 1390 806 1461 detritae
831 1388 885 1460 oel
912 1388 1098 1460 ullomodo
1117 1386 1342 1475 deletaesint,
1361 1387 1495 1458 medere
1518 1409 1589 1458 non
1605 1411 1800 1479 possumus.
1819 1427 1871 1436 -

211 1509 282 1581 His
308 1510 350 1580 de
375 1509 509 1581 eausis'
531 1532 744 1600 persuasam
770 1509 867 1581 nobis
894 1510 1064 1599 tenuesque
1088 1531 1157 1579 nou
1184 1514 1233 1581 est
1251 1506 1399 1594 Reqesto
1425 1514 1547 1579 nostro
1574 1510 1775 1601 apoqraplra
1800 1532 1871 1583 osse

211 1629 434 1721 chostorum
453 1630 627 1719 priorum.
693 1622 902 1716 Confitemur
939 1629 1076 1718 quidem
1107 1649 1172 1696 nos
1206 1629 1382 1716 iqnoraro,
1418 1651 1488 1717 qua
1522 1630 1659 1700 ratione
1691 1653 1748 1717 ea,
1785 1654 1872 1721 quae

211 1747 353 1839 Deuille
380 1750 422 1820 do
446 1749 527 1820 Inn.
545 1748 619 1820 III
639 1747 722 1820 Lib.
740 1746 791 1819 Π
812 1748 993 1834 disseruit,
1027 1746 1134 1836 facile
1167 1746 1336 1837 explicari
1366 1751 1516 1838 possint,
1543 1751 1614 1821 nisi
1642 1751 1872 1824 coniecturam

211 1869 254 1940 oo
281 1891 319 1941 eo
345 1867 476 1957 factam
505 1871 733 1958 accipiamus,
760 1867 822 1938 sed
849 1867 1032 1957 quominus
1069 1889 1143 1938 eom
1175 1868 1223 1936 ad
1251 1889 1367 1938 omnes
1393 1868 1481 1939 alios
1508 1869 1615 1941 libros
1641 1873 1871 1963 emendamus,

206 1990 334 2081 qraaia
366 1993 405 2058 ut
441 1989 749 2060 demonstravimus
782 1987 914 2059 obstant
949 1992 1152 2079 arqumenta
1186 1992 1217 2057 et
1255 1988 1424 2077 quaedam
1454 1990 1494 2059 id
1524 1993 1641 2083 utique
1676 1992 1871 2064 occludunt.

210 2110 270 2180 Ea
297 2132 387 2197 aero,
415 2132 503 2200 quae
523 2107 806 2180 Kalmnbmmncr
831 2108 869 2179 in
894 2109 1044 2179 uredium
1064 2107 1243 2197 produxit,
1269 2106 1414 2178 multum
1442 2108 1662 2198 disfiaoltatis
1687 2119 1726 2183 ut
1751 2114 1871 2205 opina·

211 2254 292 2301 m-ur
317 2251 388 2301 non
415 2229 589 2319 afferunt,
615 2252 699 2300 nam
724 2229 854 2300 codices
875 2228 1060 2319 praeclaro
1090 2232 1120 2298 et
1145 2249 1215 2298 uno
1240 2229 1422 2318 eodemque
1450 2232 1550 2302 modo
1577 2235 1724 2321 euaroti,
1752 2232 1872 2323 quales

212 2350 359 2441 Roqesla
385 2357 505 2422 nostra
526 2357 614 2441 sunt,
639 2357 710 2421 tum
729 2372 860 2441 quoqne
878 2350 957 2439 lieri
977 2355 1154 2441 poterant,
1183 2371 1261 2419 cum
1278 2348 1498 2439 Reqistrator
1519 2353 1672 2423 minuitas
1698 2353 1777 2425 bene
1804 2354 1871 2427 ool·

211 2471 316 2544 lactas
343 2477 373 2543 ot
395 2478 546 2564 paratas
572 2469 825 2542 transcriberet.

316 2592 498 2684 Epistoias
530 2615 600 2664 non
637 2614 679 2663 eu
710 2590 915 2662 authenticis
951 2591 1012 2661 scd
1043 2613 1085 2661 ea
1119 2591 1262 2662 minutis
1298 2592 1337 2661 in
1363 2592 1511 2683 Reqesta
1543 2593 1672 2665 relatas
1706 2618 1775 2667 esse
1801 2598 2028 2688 torosa-,rua

205 2713 346 2804 pridem
373 2713 543 2800 dirimas,
572 2718 603 2783 ot
630 2734 706 2783 cum
732 2733 841 2800 neque
866 2710 1098 2801 ncqaaerimns
1122 2733 1230 2801 noque
1255 2734 1415 2801 nepemns
1447 2713 1641 2784 autlrentioa
1667 2738 1799 2807 qnoque
1826 2719 1873 2788 ad
1896 2709 2010 2760 ‘’M'-

211 2835 474 2923 reqistroturam
501 2833 618 2905 delata
652 2855 743 2921 esse,
778 2832 1055 2903 cousuetudinem
1088 2838 1203 2903 tamen
1235 2834 1331 2924 apud
1360 2832 1494 2904 curiam
1524 2833 1634 2923 fuisse
1660 2838 1877 2928 reqistrandi

211 2980 254 3029 ea
279 2955 422 3026 urinutis
447 2956 536 3027 sind
562 2959 666 3025 anteo
690 2956 742 3024 ita
771 2957 801 3022 et
827 2974 920 3023 nnnc
945 2953 1182 3023 contendimus
1192 2977 1205 3041 ;
1233 2976 1338 3043 quam
1356 2955 1560 3025 sententiam
1577 2958 1629 3026 ita
1646 2960 1871 3030 sustinemus:

211 3078 257 3163 1)
285 3078 436 3166 <acidam
472 3077 557 3148 ordo
592 3073 853 3163 chronoloqicus
881 3074 972 3144 inter
1007 3072 1168 3164 epistolas
1195 3074 1401 3163 reqistratas
1427 3074 1533 3164 saaile
1560 3077 1871 3169 animaduertitnr;

210 3201 273 3271 sed
298 3198 429 3289 aliquot
455 3218 575 3268 camum
602 3193 717 3282 multo,
743 3193 870 3266 scilicet
895 3200 1055 3284 quattuor
1081 3193 1135 3266 oel
1147 3193 1310 3285 plurilus
1332 3198 1547 3286 septimanis,
1568 3205 1651 3287 post
1678 3223 1754 3271 eum
1781 3200 1873 3272 diem

210 3320 414 3410 rapistratao
444 3323 540 3405 sunt,
576 3338 676 3407 quem
709 3321 792 3385 noto
826 3315 1064 3405 euronotoptco
1099 3311 1258 3387 indieot⁴.
1317 3314 1422 3387 Fieri
1455 3323 1565 3388 autem
1596 3318 1653 3389 rin
1678 3322 1807 3410 potnit,
1833 3326 1872 3391 ut

211 3441 365 3511 oninium
391 3440 516 3509 lorcam
550 3434 778 3528 epistolarum
813 3436 1006 3507 aminaea
1039 3441 1111 3506 tam
1138 3436 1197 3506 diu
1223 3438 1264 3507 in
1292 3436 1392 3507 curio
1419 3440 1658 3529 retinerentur,
1686 3446 1717 3511 ct
1744 3441 1869 3532 episto·

211 3559 281 3630 lom
307 3567 329 3631 t.
348 3559 380 3646 I,
407 3583 441 3629 n.
461 3560 533 3629 309
560 3560 781 3647 reqistratam
807 3580 887 3645 esse,
901 3561 1086 3648 postquam
1104 3557 1334 3629 anothenticum
1360 3559 1400 3628 in
1423 3559 1581 3631 aeonibus
1608 3583 1725 3631 eornm
1749 3560 1871 3652 fuerit,

211 3682 259 3751 od
288 3702 372 3772 quos
398 3679 544 3771 epistola
570 3679 704 3749 directa
730 3683 814 3768 erat,
841 3678 991 3767 Reqesta
1021 3679 1099 3768 ipsa
1126 3678 1257 3748 docent.
1310 3676 1417 3768 Sequi
1435 3681 1581 3769 violetur,
1608 3681 1734 3754 sitnisi
1758 3689 1870 3754 certae

212 3824 337 3874 causae
364 3802 495 3888 obsunt,
523 3803 586 3872 leus
613 3798 779 3892 epistolas
805 3821 847 3869 ea
873 3797 1014 3868 minutis
1040 3798 1079 3867 in
1097 3797 1245 3884 Roqesta
1262 3797 1392 3869 relatos
1411 3799 1604 3872 lateamus.
1658 3802 1764 3873 Hono
1790 3824 1870 3875 oom-

211 3922 397 3993 clusionem
425 3922 563 4011 Denifle
588 3943 627 3992 eo
654 3921 887 4011 impuqnaoit,
926 3919 1017 4008 quod
1056 3919 1299 3989 elemmrstraoit
1307 3917 1328 4007 ⁵,
1356 3920 1544 4010 correpturos
1571 3922 1738 4012 epistolas
1763 3923 1869 3994 Mar·

211 4043 274 4113 tini
292 4043 356 4115 IV
371 4065 489 4134 papae
514 4064 639 4128 unum,
665 4041 750 4110 dnos
776 4045 808 4110 et
835 4061 956 4109 nouem
982 4059 1113 4109 nronses
1149 4039 1188 4106 in
1214 4038 1312 4109 onorio
1342 4044 1548 4113 ronronsisse
1584 4066 1708 4134 casque
1733 4047 1871 4116 tandem

210 4185 281 4233 rma
307 4186 330 4232 a
355 4162 516 4234 Martino
545 4163 605 4233 sed
632 4160 674 4231 al
700 4163 773 4232 cius
798 4181 994 4230 sooccessore
1012 4158 1172 4229 Honorio
1191 4156 1219 4226 Ι
1222 4158 1256 4229 V
1278 4158 1403 4231 missas
1430 4161 1528 4233 esse⁶.
1581 4162 1652 4234 Sed
1678 4164 1777 4236 nolis
1801 4187 1870 4236 uon

210 4289 354 4371 constat,
381 4306 465 4354 nuru
482 4283 674 4373 Martinus,
701 4283 732 4352 si
758 4286 830 4351 tum
856 4281 1004 4367 aluisset,
1033 4303 1092 4350 eos
1119 4280 1341 4370 expediturus
1367 4280 1486 4370 suerit,
1514 4289 1544 4353 et
1569 4286 1732 4374 epistolas
1758 4290 1869 4378 scrip·

210 4408 266 4474 tas
292 4405 466 4476 interdum
494 4408 650 4475 cassatos
678 4423 750 4473 csse
775 4423 885 4492 supra
911 4401 1070 4471 uidimus.
1124 4395 1182 4470 Sit
1201 4407 1324 4489 cerotem,
1351 4407 1389 4472 ut
1416 4402 1554 4493 aliquae
1581 4428 1705 4476 causae
1732 4409 1870 4498 capedi-

210 4525 336 4596 tionem
362 4523 584 4615 epistolarum
610 4522 755 4594 illorum
779 4522 1043 4609 retardaverint,
1066 4519 1261 4610 permultas
1287 4521 1370 4593 illas
1397 4523 1566 4612 epistolas,
1594 4548 1682 4614 quae
1699 4548 1812 4599 mense
1839 4535 1872 4600 et

212 4644 360 4736 amplius
381 4651 463 4735 post
490 4645 582 4715 diem
606 4643 643 4713 in
668 4648 752 4713 noto
787 4638 1026 4732 claronoloqica
1056 4640 1291 4730 subsiqnalum
1325 4643 1527 4733 rapistratae
1552 4651 1648 4734 sunt,
1676 4653 1707 4717 ct
1727 4651 1869 4738 praeci·

205 4788 277 4856 pue
304 4787 372 4854 eas,
402 4789 490 4856 quoae
515 4765 614 4855 ipsas
641 4785 695 4834 res
722 4762 883 4835 ecclesiae
909 4762 1091 4832 Romanae
1119 4759 1357 4852 attinqelaut⁷,
1385 4767 1562 4856 confectos
1593 4771 1624 4836 et
1644 4789 1712 4857 per
1737 4775 1871 4840 tontmn

212 4893 342 4976 tempus
370 4887 467 4976 apud
492 4887 628 4958 curiam
652 4891 803 4956 retentos
830 4884 937 4972 [icisse
960 4882 1145 4955 uerisimile
1172 4883 1269 4954 nobis
1295 4907 1366 4954 non
1393 4891 1451 4971 est,
1479 4886 1539 4955 sed
1564 4909 1681 4958 earum
1709 4892 1871 4980 asinatas,

643 5087 1075 5093 *—
1100 5087 1213 5093 --—-
1267 5090 1282 5094 .-
1305 5089 1693 5097 —.—.-.—-—.-
1711 5093 1737 5097 .-

317 5224 343 5287 1)
364 5220 405 5287 Cf.
424 5221 502 5287 intra
515 5238 544 5290 p.
561 5229 603 5288 94,
623 5221 705 5274 noto
722 5225 745 5273 ot
759 5236 789 5288 p.
802 5228 862 5286 454,
880 5225 960 5273 note
976 5225 999 5273 et
1016 5218 1054 5272 N.
1075 5220 1110 5272 A.
1128 5224 1146 5273 t.
1162 5219 1198 5285 X,
1213 5236 1243 5287 p.
1256 5226 1318 5286 stu
1343 5237 1364 5273 r.
1384 5221 1463 5275 etnam
1480 5238 1525 5288 oa,
1544 5239 1612 5290 quau
1629 5222 1661 5275 do
1676 5223 1764 5289 torum
1783 5224 1870 5277 minio·

211 5312 302 5360 torrem
315 5324 344 5375 p.
359 5307 428 5360 ΧΠ
440 5307 512 5362 diota
529 5313 601 5362 sunt.
693 5308 721 5374 2)
739 5308 756 5360 1.
775 5323 797 5360 c.
812 5324 841 5375 p.
854 5314 893 5360 62.
981 5308 1008 5375 3)
1026 5306 1093 5360 Non
1114 5307 1233 5375 amptius
1257 5308 1440 5362 contendimus
1456 5325 1584 5362 nummos
1601 5308 1780 5376 epistolarum,
1804 5326 1871 5377 qnos

213 5395 241 5446 in
261 5393 324 5461 Roq.
347 5394 505 5462 rapuimus,
530 5393 642 5447 minutis
664 5409 770 5461 quoque
796 5393 936 5461 inscriptos
961 5393 1057 5460 fisum,
1081 5398 1225 5461 postquam
1248 5393 1356 5462 Danista
1374 5412 1402 5463 p.
1420 5402 1452 5449 64
1476 5411 1526 5447 uos
1549 5393 1636 5447 domuit
1658 5410 1785 5448 ntemaros
1804 5395 1870 5465 Roq.

212 5479 339 5534 11⁸an
354 5478 505 5535 launa
522 5480 576 5535 ΠΙ
588 5496 645 5534 non
661 5498 681 5534 a
697 5481 863 5550 roqistratore
883 5479 927 5534 sod
939 5486 1034 5548 postea
1048 5481 1136 5546 factos
1156 5496 1218 5534 esee.
1256 5478 1417 5533 Notandum
1439 5486 1529 5534 autem
1547 5479 1652 5533 ridetur
1670 5479 1734 5535 Lib.
1748 5480 1769 5534 I
1782 5486 1807 5534 at
1825 5479 1875 5534 IV

212 5563 296 5618 -VI
310 5581 436 5620 nummos
457 5581 519 5620 oum
538 5566 675 5635 wara
692 5565 793 5634 positor
810 5581 871 5621 osse.
968 5566 996 5633 4)
1017 5563 1058 5631 Of.
1076 5565 1113 5620 N.
1132 5567 1168 5620 A.
1186 5570 1204 5619 t.
1221 5565 1259 5634 X,
1274 5581 1302 5633 p.
1314 5572 1361 5619 616
1379 5569 1404 5618 et
1420 5581 1490 5634 sequ
1595 5568 1622 5633 5)
1640 5566 1657 5619 l.
1674 5581 1696 5620 e.
1710 5582 1738 5634 p.
1754 5573 1794 5634 69,
1813 5571 1870 5620 not.

212 5653 240 5718 6)
264 5655 352 5708 Uriam
367 5651 468 5706 honam
484 5652 658 5721 maana
675 5652 880 5706 oommnnoraoit
896 5652 975 5706 etiam
994 5651 1108 5719 Munati,
1122 5670 1154 5722 p.
1166 5658 1200 5708 23
1210 5657 1235 5707 et
1248 5658 1289 5706 27.
1379 5650 1404 5718 7)
1427 5650 1467 5718 Of.
1480 5651 1519 5706 N.
1531 5653 1567 5706 A.
1582 5652 1619 5719 X,
1634 5668 1664 5720 p.
1676 5659 1725 5706 619
1743 5656 1769 5705 ot
1779 5655 1833 5705 not.
1847 5659 1870 5705 1.

317 5755 382 5809 Rea.
401 5754 485 5809 Pon.
503 5753 538 5808 Π.
1645 5770 1662 5807 ιι
