4328 6232
840 322 1041 379 EPISTOLAE
1058 324 1248 381 SELECTAE.
1286 327 1361 381 1246,
1870 333 1929 396 141

271 496 414 560 filiorum
430 494 470 560 B.
486 496 617 562 comitis
638 494 681 563 de
697 495 835 564 Hurach
858 503 893 563 et
906 496 1048 580 Radulfi,
1071 498 1208 564 fratrum
1232 499 1318 565 bone
1338 500 1494 565 memorie
1512 499 1549 568 Ο.
1563 501 1756 568 Portuensis
1773 503 1931 590 episcopi,

270 598 468 664 devotorum
490 606 687 679 nostrorum,
709 600 804 666 nobis
828 601 1081 689 supplicantium
1102 624 1162 689 pro
1186 603 1302 668 eodem
1324 603 1458 684 inducti,
1483 605 1684 689 presentium
1707 605 1768 670 tibi
1787 607 1930 672 auotori-

270 709 342 769 tate
365 703 616 785 committimus,
646 711 684 770 ut
712 726 786 770 oum
809 704 881 793 ipso
904 727 1002 793 super
1024 708 1192 793 premissis
1216 714 1277 774 etc.
1302 728 1418 793 usquc:
1451 709 1599 794 pensatis
1623 709 1875 775 circumstantiis
1898 718 1932 776 ct.

271 806 423 872 eiusdem
446 808 585 872 rectoris
608 808 732 873 meritis
753 830 859 895 nsque
878 808 919 873 ad
936 812 1161 894 quantitatem,
1185 832 1282 896 quam
1298 810 1478 876 secundum
1494 811 1601 876 Deum
1619 810 1739 877 videris
1757 813 1930 899 expedire:

204 937 216 969 .·.
272 911 406 998 proviso
428 916 493 976 etc.
515 931 635 996 usque:
659 912 857 999 negligatur.

381 1029 462 1098 Dat.
484 1038 521 1095 ut
543 1052 644 1117 supra
667 1032 699 1096 in
723 1035 883 1119 proxima.

901 1295 1312 1305 ——---—.-————-

1065 1576 1149 1650 187.

379 1690 603 1784 Innocentius
622 1716 679 1781 IV
690 1737 781 1800 papa
802 1716 961 1781 universis
982 1717 1041 1782 bas
1062 1718 1185 1782 litteras
1207 1718 1395 1800 inspecturis
1417 1722 1524 1783 notnrn
1542 1718 1638 1803 facit,
1661 1738 1694 1783 sc
1715 1718 1935 1804 [Barordnm]

270 1822 542 1906 wdiepnccpnm
553 1819 828 1898 Panonnitannr'n
838 1820 1094 1907 [Bodobaldnrn]
1104 1824 1280 1907 episoma-eon
1289 1820 1484 1905 Papicnscm,
1502 1825 1530 1885 ct
1540 1822 1751 1901 Casinonscm,
1766 1821 1934 1889 &oensem

270 1931 300 1991 et
327 1926 529 1992 wocnocac
558 1923 699 2003 aomar,
728 1925 858 1989 nuntios
880 1926 1040 1990 Fn'dcrica'
1069 1926 1226 2008 qnondam
1253 1926 1463 2007 imperatoris,
1492 1926 1547 2007 qni
1566 1927 1786 2009 pnrpationcna
1808 1927 1876 1990 eins
1897 1926 1934 1989 dc

193 2062 219 2101 ra
271 2030 434 2095 hamatico
451 2028 614 2112 pravitate
635 2028 816 2107 obtulerint,
840 2031 1053 2108 examinasse,
1070 2034 1238 2112 postquam
1261 2052 1282 2094 a
1304 2030 1405 2094 tribas
1427 2029 1644 2095 cardinalibus
1666 2029 1770 2094 auditi
1786 2028 1934 2114 scissent,

271 2137 301 2197 et
323 2132 494 2197 movisse
515 2131 738 2214 purpotionenr
765 2133 833 2196 eins
860 2137 895 2196 nt
918 2134 1080 2197 icnnraric
1105 2132 1227 2218 factam
1248 2134 1377 2198 irritam
1398 2153 1479 2211 csse,
1505 2132 1560 2196 scd
1586 2153 1619 2198 sc
1640 2134 1743 2216 ipsam
1766 2133 1935 2197 cantandi

271 2242 384 2301 tnrnm
406 2254 472 2301 esse
488 2235 682 2316 prornisissa
704 2235 735 2299 si
750 2237 963 2318 poscnclr'tcr
985 2241 1014 2301 ct
1036 2238 1104 2301 sinc
1126 2239 1227 2302 anneis
1248 2238 1362 2302 caniat.
1578 2238 1672 2313 1246,
1696 2235 1778 2301 Mai.
1793 2239 1846 2303 23.

381 2355 446 2408 Ιιιιι.
460 2353 508 2407 IV
523 2353 588 2423 ch.
607 2352 661 2409 Vol.
674 2352 700 2420 1,
713 2358 779 2421 3045
796 2353 855 2408 Lo.
868 2355 926 2422 111,
938 2372 994 2410 cnn
1007 2363 1046 2411 23.
1083 2357 1190 2410 Damna
1204 2357 1339 2424 nanctum
1355 2370 1388 2409 en
1402 2355 1492 2424 Rayn.
1512 2355 1587 2409 Ann.
1600 2356 1656 2409 eccl.
1668 2372 1694 2408 a.
1710 2361 1779 2422 1246,
1798 2359 1934 2423 §rs-20,

271 2443 397 2497 ωῐὶαιαιιι
419 2456 481 2495 mini
503 2439 795 2509 Huwachrnana,
817 2442 867 2495 lc.
880 2447 897 2496 t.
917 2443 966 2510 VI,
986 2460 1014 2511 p.
1030 2450 1095 2511 426,
1120 2444 1167 2511 nni
1188 2443 1371 2512 apoprcpbnrn
1395 2443 1564 2510 Repentomm
1587 2442 1619 2494 in
1643 2440 1741 2494 Collect.
1761 2441 1880 2510 Inrporte
1896 2442 1934 2494 dn

202 2553 224 2589 ιι.
279 2528 356 2582 uncti
375 2527 445 2582 lact
467 2526 558 2581 Paria.
577 2531 671 2581 mons
687 2525 816 2581 adinum

382 2613 513 2681 Parnon,
530 2612 595 2682 Rea
614 2621 706 2677 12120,¹
724 2614 823 2683 Repo
841 2619 917 2670 1988.

425 2810 666 2884 Universis
694 2809 872 2886 Christi
899 2813 1135 2901 fidelibus
1162 2813 1247 2887 has
1273 2813 1462 2886 litteras
1488 2811 1793 2904 inspecturis.

387 2960 472 3027 (lum
509 2966 586 3048 post
619 2961 703 3026 latas
737 2960 860 3026 dudum
895 2963 929 3026 in
963 2962 1103 3028 concilio
1137 2962 1352 3048 Lugdunensi
1386 2969 1500 3027 contra
1534 2961 1738 3029 Fridericum
1773 2964 1935 3050 quondam

280 3068 512 3154 imperatorem
542 3087 586 3131 ex
615 3065 796 3131 manifestis
826 3073 860 3132 st
886 3068 1135 3132 rationabilibus
1167 3067 1273 3131 causis
1300 3067 1492 3152 privationis
1521 3066 1563 3132 ab
1592 3067 1730 3152 imperio
1755 3073 1788 3132 et
1815 3067 1935 3151 regnis,

219 3202 239 3234 a
281 3171 396 3257 quibus
420 3192 457 3235 se
481 3169 650 3254 indignum
675 3168 879 3252 reddiderat,
902 3191 940 3235 ac
963 3171 996 3235 in
1020 3171 1126 3256 ipsum
1151 3178 1184 3236 ct
1207 3192 1321 3236 omnes
1345 3171 1429 3249 illos,
1457 3156 1522 3256 qui
1536 3171 1567 3236 ei
1591 3192 1635 3236 ex
1658 3177 1757 3236 tunc·
1780 3177 1934 3256 tanquam

281 3274 467 3362 imperatori
497 3274 550 3339 vel
579 3275 651 3359 regi
678 3281 866 3360 prestarent
893 3275 1097 3355 consiliuml,
1129 3275 1288 3339 auxilium
1313 3295 1372 3339 seu
1395 3274 1557 3353 favorem,
1591 3275 1936 3340 excommunicationis

283 3379 488 3443 sententias¹
518 3399 624 3464 nuper
650 3377 739 3444 idem
762 3378 951 3445 Fridericus
980 3378 1262 3465 archiepiscopum
1285 3379 1553 3443 Panormitanum
1584 3383 1618 3442 et
1644 3377 1841 3463 Pupiensem
1865 3380 1935 3464 cpi-

284 3502 415 3568 scopum
430 3502 469 3546 ac
486 3479 751 3557 Cassinensem²,
776 3481 984 3548 (ἓιιιθιιθθιιι8
1000 3489 1033 3547 et
1049 3482 1246 3547 Οιιθθιιοιθι
1268 3482 1414 3562 abbates,
1436 3504 1497 3548 nec
1517 3503 1582 3546 non
1605 3482 1722 3546 fratres
1738 3481 1935 3548 Rolandium

286 3593 314 3650 et
335 3585 511 3651 Nicolaum
535 3584 657 3650 ordinis
671 3584 920 3652 Predicatorum
944 3587 985 3652 ad
1010 3586 1123 3652 sedem
1147 3587 1361 3672 apostolicam
1385 3586 1571 3651 destinarit:
1597 3586 1676 3650 licet
1696 3576 1938 3653 necimmerito

287 3689 468 3769 rideretur,
496 3688 582 3775 quod
608 3688 722 3771 iidem,
751 3691 806 3775 qui
834 3710 877 3754 ex
907 3711 947 3755 eo
977 3690 1252 3775 presumebantur
1274 3691 1405 3755 vinculo
1434 3690 1780 3755 excommunicationis
1803 3691 1938 3770 astricti,

287 3792 365 3877 quod
395 3792 604 3879 suscipiendo
636 3793 876 3879 protectionem
905 3815 965 3858 seu
993 3794 1189 3878 legationem
1221 3792 1324 3879 ipsius
1348 3814 1421 3857 cum
1449 3793 1667 3858 instrumento
1690 3801 1723 3859 ct
1746 3794 1882 3875 litteris,
1906 3796 1939 3859 in

286 3896 399 3981 quibus
422 3895 512 3962 idem
534 3895 723 3962 Friderieua
747 3917 782 3962 se
806 3897 1040 3983 imperatorem
1065 3904 1097 3962 ot
1120 3918 1242 3982 regem,
1267 3918 1341 3961 oum
1365 3918 1428 3960 non
1453 3904 1552 3977 osset,
1577 3897 1718 3979 dicebat,
1742 3898 1853 3964 lavere
1877 3898 1938 3964 sibi

286 4008 393 4066 contra
428 3999 632 4086 predictam⁰
661 4000 857 4066 sententiam
886 4000 1097 4079 videbantur,
1134 4000 1288 4066 audiendi
1314 4022 1379 4065 non
1413 4007 1522 4080 erant,
1557 4000 1615 4066 sed
1643 4002 1749 4086 potius
1779 4001 1819 4065 de
1848 4009 1938 4066 tante

286 4103 477 4169 temeritatis
493 4123 645 4184 excessu,
668 4124 742 4169 cum
765 4102 831 4169 sint
846 4106 906 4169 viri
930 4105 1157 4185 ecclesiastici,
1181 4104 1348 4190 puniendi,
1372 4106 1449 4189 quia
1465 4112 1575 4170 tamen
1598 4126 1633 4170 ae
1650 4105 1752 4191 ipsius
1768 4106 1939 4182 Friderici,

238 4222 255 4256 ³³
289 4228 346 4273 non
368 4216 527 4294 tanquam
551 4208 759 4294 imperatoria
783 4210 834 4273 rel
859 4210 961 4295 regis,
994 4208 1052 4274 sed
1075 4210 1167 4274 velut
1196 4209 1355 4295 simplicis
1379 4207 1558 4274 Christiani
1582 4209 1712 4273 nuntios
1737 4210 1939 4283 asserebant,

288 4312 330 4376 eia
357 4311 565 4378 venerabiles
594 4312 713 4378 fratres
746 4318 875 4378 nostros
903 4312 1145 4378 Portuensem⁵
1179 4321 1212 4379 ct
1238 4314 1484 4380 Albanenacml
1513 4314 1687 4399 episcopos
1722 4320 1755 4378 ct
1783 4313 1939 4378 dilectum

289 4415 384 4481 lilium
406 4412 608 4503 H[ugonem]
631 4415 717 4480 tituli
742 4415 864 4482 Sancto
886 4417 1009 4482 Sabine
1033 4416 1263 4502 presbyterum
1287 4416 1488 4481 cardinalem
1511 4417 1734 4482 concessimus
1758 4417 1940 4486 auditores:

289 4519 402 4605 quibus
425 4519 526 4584 iidem
554 4519 659 4585 nuntii
687 4521 939 4585 instrumentum
969 4520 1138 4585 cuiusdam
1170 4521 1330 4585 scriniarii
1352 4520 1488 4585 Lucane
1516 4519 1657 4585 diocesis
1687 4527 1720 4585 et
1748 4520 1873 4585 litteras
1897 4543 1940 4585 cx

289 4631 376 4708 parte
399 4624 504 4711 ipsius
525 4622 686 4689 Friderici
709 4625 852 4689 munitas
874 4624 965 4689 bulla
989 4646 1088 4689 aurea
1112 4631 1356 4710 presentarunt,
1385 4625 1418 4688 in
1442 4623 1559 4709 quibus
1583 4623 1825 4706 continebatur,
1854 4624 1940 4710 quod

240 4732 256 4769 ²³
291 4748 356 4792 cum
373 4726 482 4792 dictus
498 4726 684 4793 Fridericus
707 4727 826 4794 fuisset
849 4728 1014 4794 incudem
1035 4729 1173 4794 concilio
1198 4729 1329 4793 habitus
1346 4728 1387 4793 de
1411 4728 1558 4793 heretica
1573 4728 1734 4814 pravitate
1755 4735 1941 4814 suspectus,

291 4831 365 4917 ipse,
388 4831 612 4917 interrogatus
635 4838 670 4897 et
692 4832 899 4897 examinatus
923 4855 943 4898 a
965 4833 1120 4919 predictis
1143 4834 1265 4898 nuntiis
1286 4854 1385 4920 super
1400 4832 1545 4898 articulis
1562 4831 1726 4897 contentis
1741 4831 1775 4894 in
1792 4833 1940 4917 symbolo

290 4942 320 4998 et
339 4936 413 5000 aliis
437 4934 479 4999 ad
502 4934 601 5001 fidem
625 4935 831 5016 catholicam,
860 4934 944 5001 dixit
967 4958 1003 5002 se
1026 4936 1164 5002 firmiter
1187 4936 1320 5002 credere
1346 4958 1383 5001 ac
1407 4936 1535 5015 iuravit,
1568 4941 1601 5000 ct
1625 4935 1793 4999 constituit
1816 4938 1940 5001 exami-

291 5045 417 5103 natores
442 5036 577 5104 eosdem
608 5045 839 5126 procuratores
863 5059 939 5103 suos
963 5039 1005 5104 ad
1028 5040 1198 5105 iurandum
1224 5040 1255 5104 in
1280 5039 1389 5103 anima
1412 5039 1499 5120 cius,
1523 5037 1607 5123 quod
1631 5059 1687 5103 eos
1711 5038 1880 5115 credebat,
1908 5049 1942 5105 et

997 5216 1151 5223 —-
1570 5214 1731 5221 ——-—-.—
1737 5214 1837 5221 .-——..

387 5334 413 5400 ⁸)
431 5350 504 5386 nnnc
520 5333 558 5386 H.
571 5332 603 5385 B.
710 5332 735 5397 b)
754 5335 891 5387 consilium
908 5335 977 5388 deest
994 5335 1030 5387 Π.
1044 5335 1077 5388 B.
1181 5335 1204 5400 e)
1224 5335 1317 5387 dictam
1336 5334 1371 5385 Π.
1385 5334 1417 5385 Β.

240 5475 257 5511 ¹⁰
391 5473 417 5538 1)
438 5468 481 5535 Of.
498 5485 527 5524 ιι
547 5474 602 5525 123.
707 5470 735 5538 2)
755 5470 930 5540 Sindonum.
1034 5474 1062 5540 3)
1080 5471 1262 5526 Inmanrdnm.
1370 5472 1398 5536 4)
1419 5467 1496 5535 ριιθᾱ
1517 5467 1707 5520 monrstennm
1726 5467 1809 5520 laninas
1826 5468 1944 5522 nominis

290 5554 385 5611 &aaa
401 5556 447 5622 sit,
464 5556 609 5622 ιιιιιίιιιιιι
622 5556 736 5624 fatam
752 5556 789 5626 id,
807 5557 881 5626 cuod
892 5575 906 5612 e
916 5575 978 5613 mer.
990 5565 1014 5613 et
1026 5575 1078 5614 occ.
1090 5560 1138 5613 air.
1151 5559 1243 5612 Penne
1256 5558 1287 5609 r'n
1300 5554 1596 5624 pernumeratum
1610 5558 1674 5605 erat.
1769 5555 1796 5621 ὁ)
1818 5553 1942 5608 Ottmrem.

183 5704 187 5713 .
290 5642 317 5711 ὅ)
333 5642 454 5699 ΡΜ*
