4734 6334
868 425 1067 483 EPISTOLAE
1085 427 1276 484 SELECTAE.
1313 430 1387 484 1249.
1892 435 1955 501 453

302 600 461 688 Stephani
485 607 518 666 et
541 649 573 665 ..
598 599 709 667 Sancti
734 603 912 668 Andrce⁸¹
935 603 1085 680 abbates,
1115 603 1312 670 Guillelmus
1336 605 1608 693 archipresbyter,
1640 606 1859 672 Guidalardus
1883 608 1955 674 the-

302 709 478 788 saurarius,
502 706 636 771 Rufinus
659 713 774 771 cantor
797 713 830 771 et
851 708 944 772 multi
968 707 1023 770 alii
1045 708 1172 792 prelati,
1197 730 1350 795 persone,
1375 709 1523 774 canonici
1546 716 1579 774 et
1602 711 1712 775 clerici
1734 712 1905 796 regulares
1923 717 1956 778 et

302 812 466 876 seculares
489 815 556 874 tam
579 811 710 874 maioris
726 832 824 897 quam
839 811 976 876 aliarum
994 810 1206 877 ecclesiarum
1223 812 1363 877 civitatis
1380 819 1413 877 ct
1428 813 1569 878 diocesis
1584 813 1807 880 vercellensis
1823 822 1959 902 propter

283 936 379 981 ,suas
403 921 436 980 et
458 935 589 979 suorum
613 914 764 993 offensas,
792 935 873 1000 quas
896 915 930 979 in
953 915 1098 981 levorem
1123 915 1159 979 F.
1184 916 1346 1000 quondam
1371 917 1576 1003 imperatoris
1600 917 1829 1003 fautorumque
1853 918 1956 1004 ipsius

302 1019 443 1084 ecclesie
474 1017 729 1105 dampnabiliter
759 1016 971 1096 intulemntl,
1008 1019 1096 1082 omni
1131 1018 1263 1083 honoris
1295 1028 1328 1083 et
1356 1020 1508 1086 beneficii
1539 1021 1757 1086 ecclesiastici
1788 1020 1956 1086 commodo

301 1123 502 1189 reddiderint
534 1143 570 1186 se
603 1121 766 1206 indignos:
802 1143 878 1204 nos,
913 1123 959 1187 sio
991 1143 1046 1186 eos
1080 1121 1194 1208 punire
1227 1123 1391 1200 volentes,
1426 1124 1512 1210 quod
1544 1125 1664 1189 ceteris
1693 1125 1839 1210 ipsorum
1871 1143 1957 1210 pena

301 1234 448 1293 transeat
484 1227 517 1290 in
553 1226 759 1313 exemplum,
797 1225 1007 1305 mandamus,
1046 1227 1199 1310 quatinus
1236 1228 1400 1312 predictos
1436 1229 1590 1310 abbates,
1626 1227 1957 1315 archipresbyterum,

301 1331 555 1409 thesaurarium,
591 1337 756 1394 cantorem
792 1350 830 1394 ac
865 1351 980 1394 omnes
1014 1331 1111 1410 alios,
1149 1353 1231 1416 quos
1267 1332 1309 1395 ob
1344 1333 1539 1418 premissam
1569 1353 1702 1397 causam
1731 1331 1853 1397 videris
1884 1351 1957 1395 esse
2025 1376 2033 1390 .

302 1433 488 1522 privandos,
511 1432 664 1512 abbatiis,
687 1433 927 1518 personatibus,
951 1433 1133 1514 benefieiis,
1157 1434 1247 1516 loeis,
1271 1436 1430 1521 dignitate
1448 1439 1595 1525 qualibet
1617 1458 1655 1500 ac
1679 1436 1813 1518 honore,
1837 1457 1901 1522 que
1924 1436 1956 1499 in

303 1538 550 1624 quibuscunque
575 1537 722 1601 ecclesiis
747 1556 805 1622 per
826 1537 1028 1623 provinciam
1044 1536 1242 1603 Lombardie
1267 1539 1417 1606 obtinere
1439 1549 1629 1622 noscuntur,
1652 1541 1781 1625 privare
1797 1545 1956 1626 perpetuo

302 1664 366 1706 non
389 1647 581 1729 postponas,
604 1641 758 1726 ipsosque
782 1638 979 1706 denuntians
1003 1647 1038 1704 et
1061 1641 1245 1706 denuntiari
1261 1643 1387 1709 faciens
1404 1645 1474 1710 sine
1491 1667 1548 1732 spe
1566 1645 1782 1709 restitutionis
1800 1644 1956 1729 privatos,

303 1747 418 1812 eadem
450 1746 491 1810 de
522 1745 670 1831 personis
701 1743 844 1824 idoneis,
880 1744 1008 1809 devotis
1041 1745 1196 1826 ecclesie,
1231 1746 1360 1811 sublato
1390 1749 1567 1814 cuiuslibet
1598 1748 1796 1828 occasionis,
1826 1753 1956 1812 contra-

303 1850 454 1916 dictionis
478 1855 512 1914 et
535 1847 765 1934 appellationis
789 1846 958 1912 obstaculo
982 1849 1177 1912 auctoritate
1200 1855 1312 1914 nostra
1339 1850 1474 1916 studeas
1503 1852 1669 1932 ordinare,
1699 1850 1957 1915 contradictores

304 1963 337 2022 et
352 1955 494 2020 rebelles
510 1959 572 2018 etc.
588 1972 706 2036 usquc:
732 1949 981 2035 compescendo,
999 1953 1343 2018 -nonobstantibus
1367 1955 1514 2041 generali
1538 1955 1703 2036 mandato,
1727 1954 1815 2041 quod
1837 1954 1957 2018 dilecto

305 2059 371 2124 filio
395 2056 435 2124 G.
459 2057 500 2122 de
524 2055 735 2138 Montelongo
760 2053 959 2119 subdiacono
988 2062 1022 2120 et
1049 2056 1176 2120 notario
1206 2063 1332 2137 nostro,
1361 2058 1543 2144 apostolice
1572 2057 1660 2122 sedis
1689 2059 1814 2143 legato,
1845 2063 1957 2122 contra

302 2164 445 2249 prelatos
469 2181 527 2226 sue
550 2157 725 2246 legationis
749 2157 942 2222 counias
966 2157 1088 2222 dudum
1112 2180 1212 2245 super
1235 2161 1350 2226 eodem
1374 2161 1584 2243 direximusb,
1615 2183 1674 2226 seu
1697 2181 1854 2249 processu
1878 2181 1956 2246 qno-

302 2267 386 2332 libet
415 2265 518 2352 ipsius
549 2262 694 2328 mandati
726 2267 881 2347 pretextu
911 2261 1023 2326 habito
1058 2285 1118 2348 per
1152 2263 1308 2342 eundem,
1343 2273 1400 2330 aut
1431 2268 1458 2330 si
1485 2267 1568 2331 alias
1598 2267 1784 2332 beneficiati
1813 2266 1958 2330 existant

303 2372 422 2456 quibus
446 2368 486 2434 de
510 2367 725 2453 dignitatibus
749 2374 782 2430 et
805 2366 877 2430 aliis
901 2367 1070 2432 beneficiis
1094 2368 1289 2454 supradictis
1313 2370 1447 2436 duxeris
1477 2371 1730 2456 providendum,
1762 2369 1815 2434 vel
1844 2370 1871 2433 si
1897 2389 1957 2433 nos

304 2481 361 2540 aut
388 2473 495 2538 felicis
523 2470 760 2536 recordationis
782 2467 987 2558 G[regorius]
1020 2493 1104 2558 papa
1126 2473 1341 2558 predecessor
1363 2481 1475 2540 noster
1500 2496 1558 2540 seu
1580 2475 1746 2561 predictus
1769 2476 1901 2558 legatus
1924 2473 1957 2536 in

224 2590 230 2604 ¹
279 2579 399 2652 ,dictis
428 2575 578 2641 ecelesiis
606 2596 664 2661 pro
693 2575 765 2638 aliis
792 2572 970 2639 direximus
999 2577 1121 2662 scripte
1148 2584 1274 2660 nostra,
1307 2578 1426 2664 quibus
1450 2599 1509 2664 per
1536 2583 1569 2643 te
1593 2577 1812 2642 instituendos
1835 2576 1956 2641 ibidem

303 2683 336 2746 in
365 2679 571 2746 assecutione
601 2677 811 2762 dignitatum,
846 2678 1095 2762 beneficiorum,
1128 2689 1362 2767 personatuum
1393 2689 1427 2748 et
1456 2683 1602 2747 locorum
1634 2683 1778 2767 ipsorum
1808 2680 1957 2744 volumus

303 2786 468 2866 anteferri,
493 2806 551 2850 seu
575 2783 807 2848 constitutione
831 2782 872 2846 de
897 2781 1023 2849 duabus
1045 2784 1143 2849 dietis
1165 2784 1254 2850 edita
1269 2788 1301 2850 in
1319 2788 1459 2852 concilio
1475 2786 1632 2872 generali.
1669 2784 1777 2870 Super
1792 2805 1831 2848 eo
1848 2788 1957 2847 autem

303 2889 472 2976 providere
489 2889 647 2968 volentes,
671 2885 758 2971 quod
774 2892 909 2971 propter
923 2908 1114 2972 guerrarum
1131 2888 1318 2953 discrimina
1335 2891 1368 2953 in
1386 2890 1556 2954 domiciliis
1580 2889 1646 2954 suis
1670 2887 1764 2952 citari
1788 2884 1957 2951 commode

303 2998 470 3080 nequeunt
491 2990 730 3057 demerentium
754 2989 875 3074 singuli
898 2991 1135 3076 predictorum,
1168 3013 1208 3056 ne
1232 2994 1375 3079 ipsomm
1398 3000 1590 3060 remaneant
1612 2990 1764 3078 impuniti
1789 3011 1957 3066 excessus,

224 3113 249 3152 2⁵
304 3101 337 3162 in
366 3096 513 3183 generali
541 3094 765 3183 predicatione
796 3093 883 3179 apud
911 3093 1089 3160 Novariam
1117 3118 1176 3183 per
1203 3105 1235 3162 te
1265 3100 1317 3163 vel
1346 3100 1494 3164 nuntium
1524 3105 1613 3162 tuum
1642 3095 1735 3161 citari
1766 3093 1957 3159 mandamus

304 3203 449 3283 eosdem,
473 3201 559 3286 quod
575 3201 726 3265 sufficere
743 3200 893 3264 volumus
909 3199 950 3265 ad
966 3200 1154 3264 mandatum
1171 3223 1271 3288 super
1286 3203 1454 3288 premissis
1477 3201 1693 3287 apostolieum
1717 3197 1956 3283 exequendum.

411 3323 488 3390 Dat.
510 3322 672 3408 Lugduni,
688 3319 754 3384 VII
777 3320 826 3387 Id.
849 3320 1003 3400 Ianuarii,
1028 3321 1203 3384 annoV10.

1086 3725 1161 3800 636

408 3821 626 3920 Innocentius
657 3849 715 3916 IV
733 3871 823 3936 papo
853 3848 1016 3936 [Simoni]
1048 3850 1139 3916 electo
1168 3846 1426 3916 Paderbnrnensi
1461 3847 1505 3916 ed
1534 3865 1640 3931 preces
1673 3863 1764 3926 snos,
1797 3843 1961 3930 [Oltonls]

303 3959 439 4042 episcopi
460 3956 734 4034 Monosteriensis,
756 3955 962 4039 Menobardi
976 3954 1057 4038 ΙΙΙ]
1079 3953 1256 4020 dominicis
1278 3951 1398 4035 Lippio
1420 3958 1450 4020 ct
1471 3953 1660 4039 [Godcfrids'
1679 3953 1761 4038 III]
1781 3951 1818 4017 dc
1840 3952 1961 4017 Arnus-

226 4081 252 4120 1ο
305 4064 392 4146 bcrpe
421 4065 450 4127 et
478 4059 656 4145 [Conrado]
686 4059 723 4124 de
749 4057 899 4142 Retberqe
932 4060 1076 4124 consitum
1109 4058 1254 4136 mandat,
1289 4062 1325 4121 nt
1358 4057 1535 4122 Iohannem
1568 4063 1714 4124 rectorem
1746 4055 1891 4121 ecclesiae
1924 4054 1961 4117 dc

312 4167 479 4232 Yenbnsen
502 4166 537 4229 in
559 4164 685 4230 ecelesia
706 4167 885 4228 sanctornm
907 4161 1116 4242 apostolorum
1132 4160 1222 4225 Petri
1242 4164 1272 4225 ct
1286 4161 1437 4227 Andreae
1459 4161 1718 4227 Puderburnensi
1739 4159 1838 4240 recipi
1855 4157 1961 4243 feriol

303 4271 339 4333 in
361 4269 557 4335 cononicam.
1135 4343 1138 4348 ¹
1633 4266 1726 4343 1249,
1751 4262 1824 4328 lon.
1841 4265 1872 4328 8.

408 4372 472 4427 Iam.
484 4371 532 4426 IV
547 4371 612 4440 Rep.
631 4370 690 4426 Lib.
705 4371 755 4439 VI,
772 4370 793 4436 f.
807 4376 843 4436 19,
862 4385 890 4423 n.
902 4375 960 4423 292.

408 4458 540 4526 Pottbast,
560 4457 624 4526 Res.
637 4463 728 4524 reson·
746 4457 846 4524 Berper
863 4460 938 4508 4284.

811 4674 850 4692 ..
880 4617 1030 4690 electo
1059 4615 1452 4690 Padeburnensi³.

415 4753 549 4819 Sincere
573 4752 754 4818 devotionis
775 4751 924 4826 affectus,
948 4770 1044 4834 quem
1060 4755 1096 4813 tu
1113 4756 1146 4813 et
1160 4748 1357 4813 venerabilis
1373 4748 1474 4812 irater
1490 4753 1601 4811 noster
1618 4795 1624 4809 .
1640 4796 1647 4809 .
1664 4745 1960 4812 Monasteriensis⁴

307 4861 482 4946 episcopus
513 4865 547 4922 et
573 4858 686 4923 dilecti
717 4856 774 4919 filii
803 4854 931 4920 nobiles
961 4853 1021 4918 viri
1044 4853 1083 4917 B.
1107 4853 1256 4917 dominus
1286 4851 1326 4916 de
1349 4852 1492 4938 Lippos,
1522 4900 1553 4917 ..
1580 4850 1621 4915 de
1644 4850 1878 4936 arnesbergo⁵
1908 4857 1960 4916 et⁰

1225 4995 1418 5002 —--——-——
1736 4992 1854 4998 -—-.——.

410 5087 435 5152 ⁸)
452 5087 539 5137 Andre
557 5085 589 5136 Il.
694 5082 718 5146 b)
736 5085 857 5136 duximus
875 5083 908 5136 Il.
1013 5083 1036 5148 ο)
1055 5092 1081 5136 et
1098 5083 1261 5150 supernos-ipa

411 5206 438 5273 1)
458 5203 497 5270 Os.
516 5221 544 5258 n.
561 5209 616 5258 367.
714 5203 741 5270 2)
762 5201 819 5256 sos
840 5219 865 5255 a.
883 5209 960 5269 1249,
984 5202 1044 5256 Ian.
1063 5208 1079 5254 2
1102 5201 1245 5268 insperatos
1263 5197 1412 5264 Mansrcdo
1434 5195 1584 5251 mutationi
1606 5195 1739 5262 Lanoeae,
1763 5194 1837 5248 sacri
1858 5195 1962 5263 imperii

229 5309 256 5348 so
308 5310 326 5345 u
339 5291 431 5360 Papia
447 5306 531 5358 nsque
548 5291 642 5344 Anam
659 5288 807 5356 conteneo,
825 5287 1005 5354 amator-eret,
1023 5293 1055 5341 ut
1071 5287 1218 5354 capitellum
1235 5285 1393 5340 Vercellense
1409 5289 1502 5338 cosdra
1521 5283 1562 5337 M.
1581 5287 1604 5335 et
1624 5281 1659 5336 R.
1677 5281 1780 5335 comites
1797 5279 1829 5333 dc
1847 5279 1962 5334 Iamnllo

302 5382 462 5447 prolapsam
484 5375 712 5442 Bdlrmer-Ficlcer,
732 5375 749 5428 l.
761 5391 782 5428 c.
800 5379 874 5428 3751.
970 5376 997 5442 3)
1016 5374 1070 5427 Hic
1091 5373 1140 5428 aab
1157 5391 1184 5428 α.
1201 5380 1272 5441 1247,
1294 5371 1349 5426 Oct.
1367 5377 1402 5426 30
1419 5369 1461 5442 [n.
1479 5371 1549 5440 448]
1569 5369 1719 5437 ‘episcopas’
1737 5367 1886 5436 appellatus
1910 5373 1962 5433 cat,·

304 5466 382 5535 salso,
400 5482 466 5518 nam
483 5465 513 5518 in
530 5464 634 5518 duobus
651 5463 749 5516 eante
765 5479 792 5517 a.
804 5469 869 5517 1249
886 5462 990 5530 scriptis
1007 5463 1061 5530 epse
1078 5477 1104 5514 se
1122 5461 1246 5516 ‘electura'
1258 5460 1369 5523 secuml,-
1388 5459 1425 5514 W
1423 5460 1527 5524 ilmnns,
1548 5454 1666 5521 Watfol.
1681 5453 1712 5509 U.
1724 5454 1757 5507 B.
1769 5457 1787 5507 t.
1801 5453 1855 5522 IV,
1869 5470 1899 5522 p.
1912 5461 1963 5508 293

306 5558 409 5622 11294,
426 5568 454 5606 n.
467 5556 556 5606 soret
573 5559 631 5606 409.
722 5549 750 5615 4)
769 5548 812 5602 De
828 5548 878 5602 boc
894 5549 927 5615 cf.
945 5549 994 5601 sub
1010 5565 1038 5603 n.
1051 5555 1110 5602 448.
1142 5548 1197 5602 Surb
1215 5566 1240 5602 a.
1255 5553 1331 5614 1248,
1351 5545 1428 5600 Febr.
1441 5553 1474 5599 29
1486 5559 1562 5613 popu
1581 5543 1675 5596 ‘electo’
1695 5541 1814 5596 Moneo.
1833 5540 1962 5608 porcetum

307 5640 420 5707 largitus
436 5642 507 5704 erot;
525 5638 620 5707 Berpcr
633 5643 710 5703 9979;
727 5635 761 5701 cf.
776 5635 855 5690 eliam
867 5635 994 5703 Petllmst,
1009 5635 1072 5703 nep.
1085 5642 1173 5702 12899,
1191 5635 1241 5688 snb
1258 5639 1372 5700 n.1248,
1388 5631 1470 5685 Mart.
1485 5637 1522 5698 19,
1540 5644 1608 5696 mone
1625 5644 1663 5696 ep.
1682 5627 1712 5680 in
1727 5627 1790 5696 Rep.
1809 5643 1864 5680 rum
1882 5633 1962 5690 erint,

229 5739 255 5780 ss
309 5730 331 5779 et
350 5723 578 5791 illimes-Fidem,
596 5723 612 5777 l.
625 5739 645 5777 e.
664 5729 736 5777 4932.
823 5723 851 5787 9)
871 5719 1003 5788 nrmoerp
1020 5719 1050 5772 in
1070 5719 1214 5786 Wnstfelio.
