4328 6232
201 373 242 436 96
758 371 805 425 EX
824 368 1041 425 INNOOEN'I'II
1060 368 1099 422 IV
1117 366 1298 423 auelsrno

200 546 349 610 dedimus
384 546 424 609 ad
456 547 649 631 religionem
682 547 778 610 aliam
816 543 1021 621 transeundi,
1057 552 1090 607 ct
1120 550 1172 619 tu,
1206 543 1251 606 fili
1286 542 1451 627 magister,
1486 542 1591 607 eidem
1626 542 1859 606 nichilominus

200 650 457 735 quadringentas
481 671 608 713 mareas
633 650 875 734 sterlingorum,
898 648 939 712 de
964 647 1081 732 quibus
1105 653 1138 711 et
1160 646 1274 710 debita
1296 647 1439 711 solveret
1463 653 1496 710 et
1511 645 1578 710 suis
1595 646 1696 711 etiam
1711 648 1858 711 necessi-

201 753 322 818 tatibus
352 752 557 839 provideret,
589 754 674 817 sicut
700 753 902 837 accepimus,
934 749 1107 815 tribuisti¹.
1148 749 1272 814 Verum
1302 750 1372 835 ipso
1397 748 1529 814 tandem
1553 751 1586 814 iu
1610 748 1724 814 ordina
1747 755 1857 814 rostro

202 879 336 922 manere
360 855 634 942 quamplurimum
657 856 819 942 cupiente,
843 862 888 933 tu,
912 876 1049 940 sperans
1073 853 1135 917 sibi
1159 858 1193 919 et
1213 852 1318 917 ordini
1342 851 1515 939 providere
1538 853 1725 932 salubriter,
1749 855 1857 940 ipsum

200 962 321 1025 aflectu
349 959 402 1046 pio
431 967 465 1023 ct
491 959 644 1023 benivolo
674 959 840 1045 recepisti,
870 959 1012 1022 maxime
1044 979 1117 1022 cum
1141 957 1227 1022 idem
1251 976 1360 1020 coram
1383 956 1477 1020 nobis
1502 963 1535 1021 et
1557 957 1712 1022 fratribus
1736 959 1859 1023 nestris
1918 980 1928 1013 s

202 1086 237 1128 se
262 1063 423 1127 voluntati
448 1070 481 1128 et
504 1064 609 1149 gratie
634 1069 765 1127 vestre⁸
787 1063 915 1148 precise
940 1084 978 1126 ac
1002 1063 1072 1127 sine
1096 1063 1207 1147 aliqua
1231 1059 1417 1126 conditione
1442 1062 1670 1141 committeret,
1702 1063 1748 1126 ita
1771 1062 1859 1148 quod

202 1166 359 1231 obediens
395 1174 485 1231 esset
517 1167 549 1230 in
582 1166 732 1231 omnibus
764 1187 802 1229 ac
835 1166 981 1251 regulam
1013 1171 1047 1230 et
1076 1154 1323 1229 constitutiones
1356 1164 1470 1230 domus
1497 1173 1606 1230 vestre
1640 1166 1728 1231 sieut
1757 1168 1859 1231 ceteri

202 1271 320 1334 iratres
349 1269 523 1354 diligenter
549 1292 588 1334 ae
617 1270 755 1334 sollicito
787 1271 987 1335 observaret.
1032 1270 1189 1334 Preterea
1219 1276 1254 1334 tu
1284 1271 1370 1355 ipse,
1398 1271 1567 1356 magister,
1596 1271 1735 1336 credens
1759 1279 1796 1335 ut
1819 1271 1859 1336 de

201 1373 339 1438 contrito
365 1379 398 1437 et
426 1374 595 1437 humiliato
626 1373 724 1438 corde
755 1381 1007 1458 prorumperent
1038 1394 1100 1457 que
1133 1372 1173 1436 dc
1197 1373 1306 1437 fratris
1331 1372 1478 1438 eiusdem
1502 1374 1598 1438 labiis
1622 1374 1858 1460 procedebant,

199 1479 233 1541 in
257 1479 423 1564 presentia
445 1477 557 1542 dilecti
579 1477 635 1540 filii
659 1476 761 1541 nostri
784 1476 827 1541 H.
852 1476 937 1540 tituli
961 1475 1082 1540 Sancte
1108 1474 1228 1540 Sabine
1259 1476 1446 1562 presbyteri
1478 1477 1654 1542 cardinalis
1679 1476 1721 1542 dc
1746 1477 1858 1541 baliva
1910 1500 1932 1534 ru

201 1580 355 1646 Flandrie
388 1589 421 1645 et
449 1581 588 1645 Francia
620 1601 658 1644 ae
687 1579 729 1645 de
761 1579 955 1665 quibusdam
989 1579 1061 1643 aliis
1095 1578 1189 1643 bonis
1221 1579 1262 1643 ad
1295 1579 1427 1643 domum
1458 1586 1603 1645 vestram
1633 1581 1860 1667 spectantibus

201 1685 384 1749 liberaliter
399 1683 567 1770 providisti
585 1683 658 1762 sibi,
682 1704 791 1747 coram
808 1683 925 1748 eodem
942 1682 1096 1748 cardinali
1113 1683 1251 1747 firmiter
1266 1686 1439 1764 asserenti,
1463 1684 1549 1769 quod
1565 1684 1629 1749 nisi
1644 1684 1685 1749 ad
1703 1685 1859 1751 effectum

201 1810 263 1875 que
288 1789 483 1874 promiserat
509 1789 734 1874 pervenirent,
767 1787 853 1852 idem
885 1794 918 1853 et
947 1788 1134 1873 provisione
1166 1808 1278 1852 carere
1302 1795 1335 1852 et
1362 1809 1435 1852 cum
1464 1771 1620 1853 iratribus
1649 1789 1752 1854 vellet
1781 1808 1859 1853 con·

202 1892 413 1958 ventualibus
438 1891 630 1956 commorari
639 1889 663 1958 ².
708 1890 793 1964 Quia
817 1912 894 1954 vero
918 1890 1024 1955 dietus
1047 1879 1150 1955 frater
1174 1891 1234 1955 hoe
1257 1891 1436 1977 adimplere
1459 1892 1646 1979 postposuit
1669 1897 1702 1981 et
1725 1891 1858 1957 domurn

200 2003 342 2060 vestram
366 1995 399 2059 in
423 1995 617 2082 quibusdam
648 1995 741 2059 iuxta
769 1994 962 2081 promissum
994 2015 1190 2058 conservare
1223 1994 1362 2080 negligit
1393 2002 1427 2060 ct
1453 1995 1603 2079 neglexit
1633 1995 1856 2082 indempnem,
1910 2015 1934 2054 a

202 2107 329 2164 tantum
353 2099 385 2163 in
410 2098 523 2163 ordine
547 2105 658 2162 vestro
681 2098 883 2175 scandalum,
908 2103 1004 2184 prout
1027 2099 1194 2177 asseritur,
1220 2105 1270 2162 est
1287 2105 1448 2178 exortum,
1472 2105 1508 2163 ut
1524 2098 1732 2183 aliquatenus
1749 2098 1859 2165 sedari

200 2210 357 2289 nequeat,
388 2204 449 2267 nisi
480 2202 645 2289 predictus
675 2203 776 2267 frater
807 2202 991 2266 huiusmodi
1020 2203 1204 2287 provisione
1229 2203 1344 2266 relicta
1367 2201 1452 2266 sieut
1475 2203 1560 2266 alius
1582 2201 1685 2267 frater
1707 2204 1860 2270 absolute

201 2308 262 2372 sub
300 2308 509 2372 observantia
541 2306 644 2370 vestri
678 2306 799 2370 ordinis
834 2312 1069 2380 commoretur;
1104 2306 1136 2369 in
1172 2326 1234 2390 quo
1269 2305 1310 2369 ab
1344 2305 1548 2369 institutione
1579 2305 1682 2392 ipsius
1713 2307 1859 2393 aliquem

200 2410 332 2474 fratrem
358 2410 574 2495 provisionem
599 2408 754 2473 habuisse
777 2414 972 2495 perpetuam
996 2430 1056 2472 nec
1080 2409 1185 2472 visum
1208 2409 1364 2473 recolitur
1386 2428 1448 2473 nec
1471 2408 1627 2483 auditum,
1658 2410 1758 2474 immo
1782 2410 1859 2475 talis

200 2534 331 2598 semper
360 2511 474 2577 modus
502 2513 534 2575 in
565 2511 637 2598 ipso
666 2514 800 2597 geritur,
831 2519 867 2575 ut
890 2511 964 2576 odic
988 2513 1091 2578 irater
1114 2514 1258 2597 prelatus
1283 2513 1378 2592 aliis,
1410 2535 1482 2578 cras
1506 2512 1685 2578 adnutum
1708 2515 1859 2600 magistri
1911 2530 1936 2568 εἰ·

200 2616 296 2681 alteri
321 2617 362 2680 sit
387 2616 565 2692 subiectus,
590 2622 624 2681 et
646 2637 731 2680 nunc
755 2616 796 2680 de
821 2637 885 2680 uno
910 2617 982 2680 loeo
1007 2615 1047 2680 ad
1072 2616 1169 2681 alium
1188 2615 1377 2680 obedientia
1393 2616 1552 2682 suadente
1568 2618 1637 2682 sine
1655 2617 1859 2682 difficultatis

201 2720 334 2784 obiectu
362 2724 510 2783 transeat
541 2723 589 2797 et,
622 2719 708 2804 quod
738 2718 872 2783 excedit
902 2726 1024 2784 metam
1054 2718 1247 2784 conditionis
1276 2719 1433 2800 humane,
1468 2720 1509 2784 ad
1540 2720 1709 2786 incursum
1744 2722 1860 2785 mortis

200 2820 381 2907 intrepidus
406 2829 439 2885 et
463 2821 555 2906 quasi
579 2821 738 2886 iocundus
763 2822 902 2886 obtentu
927 2822 991 2886 vite
1016 2822 1204 2908 perempnis
1228 2823 1375 2889 accedat.
1420 2822 1490 2887 Nos
1513 2828 1633 2902 autem,
1657 2822 1712 2909 qui
1735 2823 1880 2908 ubique·

200 2926 394 3009 religionem
425 2925 458 2988 in
489 2924 607 2989 diebus
641 2926 757 2989 nostris
788 2927 899 3011 vigere
932 2926 1079 3011 cupimus
1112 2932 1145 2989 et
1177 2932 1297 2989 statum
1335 2927 1435 3012 ipsius
1463 2926 1604 2991 libenter
1637 2926 1679 2991 de
1712 2926 1800 2992 bono
1826 2928 1860 2992 in

199 3028 315 3093 melius
338 3028 468 3092 favente
484 3027 625 3092 Domino
649 3048 889 3113 promovemus,
914 3028 1061 3093 ordinem
1078 3035 1222 3093 vestrum
1246 3050 1310 3093 non
1332 3029 1485 3114 aliquodb
1501 3030 1633 3116 indigne
1650 3030 1858 3116 dispendium
1911 3055 1934 3093 es

132 3184 135 3189 .
201 3139 252 3196 set
275 3138 386 3217 optate
411 3132 636 3217 prosperitatis
662 3134 817 3216 consequi
842 3133 992 3196 volentes
1017 3145 1240 3216 augmentum,
1272 3133 1446 3218 presertim
1470 3155 1543 3198 cum
1567 3134 1631 3198 biis
1654 3134 1859 3221 temporibus

200 3243 291 3300 tauto
323 3235 456 3298 maioris
490 3235 613 3299 auxilio
649 3236 886 3299 consolationis
920 3234 1081 3320 indigeat,
1119 3242 1240 3319 quanto
1272 3235 1377 3320 ipsum
1412 3257 1512 3320 grave
1543 3237 1719 3321 pertulisse
1753 3258 1860 3324 nuper

198 3337 362 3404 excidium
377 3337 572 3402 universitas
586 3345 693 3402 vestra
707 3338 857 3425 deplorat
865 3338 888 3417 ³,
904 3339 1108 3423 presentium
1123 3338 1214 3402 vobis
1230 3340 1423 3403 auctoritate
1440 3339 1661 3418 concedimus,
1676 3346 1713 3404 ut
1726 3340 1768 3406 de
1782 3363 1857 3428 pro-

199 3443 324 3506 visione
346 3443 419 3527 ipsa
436 3477 469 3487 -
490 3462 555 3504 non
577 3441 729 3506 obstante
751 3440 837 3531 quod
860 3462 878 3503 a
899 3441 993 3504 nobis
1018 3441 1127 3504 extitit
1149 3442 1367 3521 confirmata0,
1392 3464 1464 3506 eum
1486 3465 1545 3528 pro
1568 3464 1607 3507 eo
1630 3442 1716 3528 quod
1732 3444 1857 3509 ordinis

200 3544 428 3610 consuetudini
452 3544 654 3619 contradicit,
679 3567 716 3609 ac
741 3546 840 3609 etiam
858 3552 992 3630 propter
1008 3546 1228 3610 turbationem
1246 3547 1279 3610 in
1296 3546 1390 3611 domo
1408 3555 1518 3611 vestra
1533 3553 1691 3633 pretextu
1708 3548 1858 3613 eiusdem
1910 3572 1935 3610 so

199 3650 309 3713 fratris
338 3654 486 3712 exortam
517 3641 638 3713 nullius
668 3649 787 3714 debeat
816 3670 890 3713 esse
920 3650 1076 3713 momenti
1099 3686 1155 3727 -,
1189 3650 1319 3714 sublate
1352 3650 1510 3734 cuiusque
1534 3649 1802 3718 contradictionis
1826 3662 1859 3720 et

200 3751 429 3838 appellationis
454 3752 633 3828 obstaculo,
657 3759 754 3837 prout
770 3753 887 3818 melius
904 3753 1036 3816 utilitati
1053 3753 1155 3816 vestri
1171 3751 1292 3817 ordinis
1309 3753 1466 3839 expedire
1480 3753 1640 3833 videritis,
1663 3754 1858 3842 disponatis,

200 3864 315 3922 contra
337 3855 500 3940 prelatum
523 3855 669 3930 fratrem,
694 3856 720 3919 si
745 3857 828 3920 lortc
853 3877 952 3942 super
968 3855 1029 3919 hoc
1048 3856 1140 3920 vobis
1157 3854 1287 3921 duxerit
1303 3855 1534 3939 resistendum,
1559 3857 1738 3922 seeundum
1755 3862 1858 3926 vestri

200 3964 324 4023 statuta
354 3957 473 4022 ordinis
505 3958 607 4023 libere
639 3961 840 4044 processuri,
873 3980 945 4023 cum
972 3960 1014 4022 sit
1042 3960 1234 4040 consultius,
1265 3968 1302 4024 ut
1332 3960 1417 4025 idem
1451 3961 1552 4025 frater
1580 3961 1640 4026 tali
1670 3963 1858 4048 provisione

200 4068 311 4128 careat
335 4068 368 4125 et
391 4082 464 4124 cum
487 4061 712 4126 benivolentia
734 4062 869 4126 fratrum
894 4061 953 4125 sub
978 4055 1166 4126 obedientie
1190 4063 1264 4147 iugo
1289 4063 1425 4128 salutari
1449 4064 1619 4143 consistat,
1649 4086 1747 4151 quam
1769 4068 1857 4152 quod
1910 4089 1935 4126 a

200 4164 271 4249 ipse
306 4162 410 4229 ordini
441 4170 549 4229 vestro
581 4170 727 4228 vertatur
762 4166 794 4228 in
830 4165 1019 4230 scandalum
1050 4172 1084 4230 et
1113 4167 1329 4251 perniciosum
1360 4167 1401 4231 ab
1435 4169 1508 4232 aliis
1537 4168 1577 4234 de
1605 4170 1676 4255 ipso
1710 4181 1857 4239 sumatur

200 4269 399 4354 exemplum.
444 4269 534 4332 Nulli
558 4291 636 4354 ergo
660 4276 721 4332 etc.
746 4279 856 4335 nostre
881 4271 1101 4335 concessionis
1124 4280 1187 4335 etc.
1235 4272 1364 4357 Siquis
1389 4278 1453 4338 etc.

309 4389 385 4453 Dat.
408 4388 573 4474 Lugduni,
596 4388 700 4454 Nonis
724 4391 878 4476 Augusti,
902 4411 987 4454 anno
1011 4390 1120 4454 tertio.

305 4685 329 4750 ὃ)
349 4695 435 4738 nostra
452 4687 479 4738 V.
567 4684 592 4751 b)
611 4687 709 4753 aliquid
725 4685 753 4739 V.
841 4688 864 4751 ο)
882 4688 1048 4739 confirmatus
1065 4686 1092 4739 V.

306 4840 330 4903 1)
352 4837 394 4903 Cf.
412 4855 439 4891 τι.
452 4846 486 4893 83
503 4844 528 4892 et
546 4845 587 4893 84.
657 4840 685 4904 ⁶2)
703 4837 780 4891 Horo
797 4839 868 4891 circe
885 4855 995 4891 rrreascm
1015 4838 1184 4893 Metlarius
1201 4839 1271 4892 anni
1288 4838 1416 4892 ordinato
1433 4856 1485 4893 ease
1500 4845 1636 4908 peraratas,
1654 4858 1716 4895 cura
1734 4843 1860 4911 roopister
1910 4863 1937 4901 ω

199 4924 275 4993 ‹sprul
298 4923 402 4977 coriam
424 4930 502 4989 essm
525 4924 567 4977 ln'c
584 4923 653 4976 eninr
671 4923 742 4977 circa
761 4926 827 4993 Apr.
845 4925 880 4977 clv
897 4926 1052 4993 irapcrutorc
1069 4925 1238 4994 Lupdumaa
1256 4925 1438 4995 ercamserta,
1462 4925 1534 4979 rende
1551 4943 1637 4980 trunca
1655 4926 1720 4980 Ian.
1739 4944 1859 4984 ramira

197 5011 281 5078 sitisse
300 5008 402 5064 ‹amia›-
414 5008 661 5079 [master-ricto,
680 5011 697 5064 l.
709 5025 730 5063 c.
744 5017 817 5078 3467,
835 5017 901 5065 3479
912 5017 936 5064 ct
948 5013 1041 5080 aram,
1064 5017 1088 5065 et
1101 5011 1182 5080 liupo
1196 5011 1279 5079 presb.
1297 5011 1452 5080 cardinalis,
1471 5012 1540 5067 acret
1557 5012 1759 5081 subservitionis
1772 5015 1858 5083 prici-

200 5098 324 5166 lopioranv
339 5097 482 5165 papillam
499 5095 597 5164 docere,
616 5095 699 5149 codem
718 5101 830 5165 terame
848 5097 925 5165 rrpad
941 5097 1046 5151 cariam
1063 5097 1219 5151 sacrabatur
1231 5097 1379 5168 [Potrlurst
1396 5098 1459 5167 Rep.
1468 5116 1497 5167 p.
1511 5098 1599 5168 1284}
1659 5100 1687 5167 3)
1701 5097 1747 5152 Ad
1757 5099 1858 5155 Maur

202 5183 420 5237 Christianorroa
440 5183 535 5237 letrae
557 5183 669 5236 Sanctae
693 5202 718 5237 o.
737 5191 813 5250 1244,
839 5183 894 5238 Oct.
912 5191 943 5236 17
966 5190 1097 5251 (wevera
1121 5184 1236 5238 allum
1260 5185 1369 5253 ridetur,
1391 5185 1435 5239 cui
1456 5185 1487 5240 dc
1509 5191 1562 5240 toto
1580 5202 1656 5254 prese
1676 5185 1784 5242 ordinis
1806 5193 1858 5244 tras

108 5264 121 5288 ⁸
200 5269 380 5324 tordammodo
397 5271 536 5324 cernentes
552 5275 703 5332 crescant·
721 5269 1012 5338 lindiam-Brelvollar,
1031 5271 1048 5323 l.
1061 5287 1083 5324 c.
1101 5277 1118 5324 t.
1136 5271 1184 5340 VI,
1199 5279 1297 5340 12255.
1907 5291 1935 5331 a
