4328 6232
713 373 914 430 uclsrounu
929 374 1121 430 subucula.
1159 375 1234 431 1245.
1352 330 1354 335 >
1762 380 1797 443 8l

145 541 330 622 inseparatae
363 546 411 610 eet
445 546 660 628 impetrandae
692 550 816 615 ntcttins
850 551 995 615 remeanti
1027 550 1105 627 sint,
1143 551 1207 612 taisi
1238 550 1276 613 de
1303 550 1526 633 depredatione
1552 551 1689 634 fecerint
1720 574 1804 615 irmir-

145 646 270 714 tiunem.
972 716 977 725 ,
1466 655 1561 734 1245,
1585 655 1670 721 Mai.
1687 658 1715 721 5.

251 749 314 803 aa.
329 751 377 805 m
392 752 458 824 aa.
476 753 566 823 var,
586 764 645 825 aa
665 757 724 812 aa
739 756 780 825 rr,
798 762 857 812 ies.

251 836 352 906 Barpev
370 843 441 894 rtta

600 992 640 1012 ..
669 936 1026 1029 archiepiscopo
1053 938 1355 1030 Magantino¹¹.

255 1062 348 1145 Cum,
372 1065 458 1131 sieut
475 1067 568 1133 nobis
585 1070 768 1154 significare
785 1069 918 1148 curasti,
943 1077 977 1132 tu
992 1069 1193 1134 Fridcricum
1211 1069 1392 1150 custodem,
1416 1069 1600 1134 Gerardum
1624 1076 1802 1147 cantorem,

145 1166 340 1250 magistrum
364 1170 565 1256 Philippum,
588 1172 790 1238 Fridericum
815 1172 1055 1262 Grifinaaweb,
1078 1173 1210 1237 maioris
1233 1174 1390 1250 ecclesio,
1414 1179 1447 1238 et
1466 1172 1657 1237 Bertoldum
1681 1172 1800 1236 dictum

147 1266 302 1349 Mortem,
336 1272 450 1337 Sancti
479 1273 635 1340 Iohannis
670 1276 842 1341 canonicos
871 1275 1098 1361 Maguntinos,
1133 1298 1191 1362 pro
1220 1299 1260 1342 eo
1291 1276 1378 1362 quod
1410 1278 1591 1342 Romanam
1627 1278 1802 1341 ecclesiam

147 1370 338 1438 adherendo
362 1375 466 1460 ipsius
489 1379 752 1463 persecutoribus
776 1379 1029 1463 impugnabant,
1054 1380 1158 1464 primo
1182 1381 1518 1445 excommunicaveris
1543 1387 1575 1444 ct
1597 1380 1802 1466 postmodum

77 1497 92 1527 o
145 1483 362 1542 excrescente
388 1478 532 1565 ipsorum
557 1482 763 1546 contumacia
785 1481 930 1567 privatos
954 1480 1134 1562 beneficiis,
1159 1504 1221 1568 quc
1245 1482 1422 1560 habebant,
1447 1483 1487 1548 de
1511 1484 1648 1548 consilio
1673 1482 1802 1547 concilii

144 1579 231 1664 apud
255 1580 466 1648 Frirlariam⁰
490 1585 673 1651 celebrati¹
696 1609 716 1650 a
739 1586 806 1651 suis
830 1585 996 1649 ordinibus
1020 1585 1154 1650 duxeris
1178 1586 1422 1671 degradandos:
1453 1609 1529 1663 uos,
1561 1588 1626 1651 tuis
1650 1585 1801 1673 precibus

145 1683 307 1758 inclinati,
340 1684 428 1770 quod
451 1687 560 1753 littere
584 1711 643 1775 per
666 1711 725 1755 eos
749 1713 768 1753 a
791 1690 900 1769 nobis,
929 1690 960 1753 iu
985 1689 1101 1773 quibus
1125 1712 1161 1754 se
1184 1692 1322 1755 clericos
1346 1691 1601 1777 appellaverint,
1625 1690 1799 1775 impetrate

143 1789 197 1851 rel
221 1789 321 1853 etiam
346 1790 550 1876 impetrando
574 1796 693 1859 nullius
717 1796 848 1882 penitus
872 1795 938 1858 sint
960 1795 1126 1874 momenti,
1151 1795 1213 1858 nisi
1230 1794 1270 1859 dc
1288 1794 1473 1859 huiusmodi
1490 1792 1725 1879 degradatione
1743 1812 1802 1856 seu

142 1890 348 1976 depositione
366 1916 557 1980 expressam
574 1897 713 1962 fecerint
729 1899 938 1976 mentionem,
955 1897 1149 1962 auctoritate
1165 1898 1364 1985 presentium
1379 1897 1532 1962 duximus
1545 1895 1801 1960 decernendum.

254 2013 332 2078 Dat.
355 2015 518 2104 Lugduni,
541 2018 593 2084 ΙΙΙ
617 2018 728 2084 Nonas
751 2018 842 2099 Maii,
857 2039 951 2091 ,auno
974 2015 1063 2083 11⁶².

250 2510 469 2606 Irrrtocentias
485 2544 505 2607 1
513 2544 542 2607 V
555 2566 644 2624 paam
667 2547 785 2610 ciuibus
800 2545 1006 2628 illapaatinis
1027 2545 1186 2609 libertates
1209 2549 1238 2607 et
1262 2544 1474 2608 inrntanitatcs
1492 2565 1514 2605 a
1528 2542 1708 2626 [Stpes'rido
1723 2541 1803 2624 Ill]

141 2645 375 2726 (archispiscopo
396 2645 590 2729 Mopantino
611 2649 648 2714 dc
670 2668 748 2712 escae
770 2668 930 2714 concessas
952 2650 1124 2729 conficeret.
1468 2647 1561 2723 1245,
1585 2645 1667 2709 Mai.
1685 2649 1714 2707 6.

250 2763 847 2836 mammammmm

248 2850 348 2920 Rapa
361 2857 433 2906 aas.

711 2946 909 3021 Civibus
936 2946 1240 3040 Magantinis.

253 3076 299 3140 Ut
322 3098 365 3141 ex
390 3077 512 3142 bonore
535 3079 641 3163 gratia
664 3086 698 3144 ct
721 3101 763 3144 ex
788 3081 922 3145 servitio
945 3102 1073 3144 merces
1098 3079 1210 3145 debita
1233 3079 1464 3166 rependantur,
1489 3080 1568 3143 satis
1586 3077 1703 3143 raboni
1722 3096 1798 3140 con-

141 3201 260 3245 sonum
291 3187 342 3246 est
370 3187 404 3247 et
432 3203 566 3268 equum,
599 3183 676 3268 quia
708 3184 755 3247 sic
786 3184 943 3268 quisque⁰
970 3184 1198 3269 magnanimus
1227 3183 1269 3248 ad
1301 3182 1546 3267 obsequendum
1576 3181 1724 3258 efficitur,
1754 3180 1800 3242 sic

141 3283 293 3348 devotior
316 3288 349 3348 ct
371 3284 552 3351 ferventior
574 3287 607 3351 in
629 3287 726 3352 amici
751 3287 932 3352 subsidium
956 3287 1151 3373 repperitur.
1190 3286 1272 3351 Cum
1289 3287 1397 3372 igitur,
1422 3287 1507 3350 sicut
1523 3285 1616 3349 nobis
1633 3304 1799 3368 exponere

143 3386 330 3467 curavistis,
354 3389 553 3454 venerabilis
576 3389 679 3455 trater
702 3397 815 3455 uester
832 3440 860 3456 ..
879 3389 1144 3476 archiepiscopus
1162 3389 1373 3474 Magantinus
1397 3388 1531 3474 capituli
1554 3388 1604 3452 sui
1621 3384 1800 3451 accedente

64 3513 90 3551 a
144 3510 309 3556 consensu
332 3491 440 3569 vobis,
469 3492 523 3577 qui
550 3493 592 3558 ad
618 3495 763 3579 ipsorum
793 3493 984 3581 obsequium
1015 3500 1049 3559 et
1077 3493 1217 3558 ecclesie
1241 3493 1389 3557 Romane
1420 3492 1551 3578 negotia
1579 3488 1801 3577 promovenda

145 3616 202 3659 vos
224 3615 329 3681 prona
352 3593 525 3661 devotione
549 3603 582 3662 et
605 3597 702 3663 eorde
726 3599 935 3684 magnanimo
957 3596 1148 3662 accinxistis
1157 3596 1176 3676 ¹,
1200 3597 1428 3682 promittentes
1451 3595 1588 3659 firmiter
1605 3615 1660 3657 vos
1676 3592 1800 3658 habere

145 3698 231 3762 circa
254 3697 317 3762 hee
341 3699 506 3783 perpetuis
530 3702 731 3787 temporibus
755 3702 982 3788 promptiores,
1006 3699 1161 3787 quasdam
1183 3699 1224 3763 de
1240 3720 1323 3764 novo
1339 3699 1512 3764 libertates
1528 3704 1561 3761 et
1577 3697 1801 3761 immunitates

145 3801 276 3867 duxerit
298 3801 539 3885 concedendas,
563 3826 633 3880 nos,
658 3827 699 3870 ex
724 3806 787 3870 hoc
810 3805 924 3892 dignos
941 3827 999 3870 vos
1023 3804 1202 3890 apostolice
1227 3802 1314 3868 sedis
1337 3803 1444 3888 gratia
1460 3807 1661 3888 reputantes,
1685 3798 1801 3863 vostris

146 3906 296 3991 precibus
317 3905 476 3986 inclinati,
500 3908 747 3974 concessionem
771 3910 959 3974 libertatum
984 3915 1017 3974 et
1041 3908 1282 3972 immunitatum
1298 3904 1484 3972 huiusmodi
1500 3911 1627 3990 gratam
1644 3909 1677 3968 et
1697 3909 1801 3966 ratam

75 4029 99 4066 n
148 4006 307 4074 habentes
330 4030 369 4074 ac
393 4011 542 4076 volentes
565 4013 726 4099 promissa
748 4019 859 4078 vestra
881 4034 901 4077 a
923 4013 1017 4078 vobis
1041 4010 1198 4097 deinceps
1223 4010 1457 4076 inviolabiliter
1480 4007 1659 4084 observari,
1684 4007 1800 4092 ipsam,

147 4119 242 4197 prout
264 4111 400 4198 provide
424 4112 512 4178 tacta
535 4122 599 4195 est,
632 4117 828 4182 auctoritate
853 4118 1035 4203 apostolica
1059 4116 1289 4180 confirmamus
1313 4123 1347 4181 et
1369 4114 1532 4202 presentis
1555 4113 1669 4199 scripti
1691 4118 1800 4196 patro-

149 4215 232 4280 cinio
255 4217 504 4282 communimus.
550 4218 640 4282 Nulli
664 4227 727 4287 etc.
751 4229 862 4286 nostre
887 4219 1143 4285 confirmationis
1168 4225 1230 4284 etc.
1277 4217 1313 4283 Si
1336 4218 1410 4303 quis
1434 4224 1544 4282 autem
1569 4224 1630 4281 etc.

252 4333 329 4401 Dat.
354 4336 517 4423 Lugduni,
541 4338 575 4403 ΙΙ
597 4338 683 4407 Non.
706 4341 796 4422 Maii,
819 4363 904 4406 anuo
928 4340 1083 4407 secundo.

764 4553 1177 4561 -ψ-

931 4745 946 4815 l
958 4744 1015 4817 15.

253 4840 470 4933 Innocentius
482 4867 506 4930 I
509 4865 539 4929 V
540 4887 632 4947 papo
645 4867 754 4932 iisdem
771 4868 920 4950 ieadatpet
941 4871 977 4930 nt
990 4866 1126 4930 datraate
1140 4865 1299 4930 discordia
1313 4865 1397 4930 inter
1408 4864 1586 4948 principem
1600 4868 1629 4928 et
1643 4863 1799 4927 ecclesium

82 4995 103 5033 a
144 4989 203 5050 per
224 4969 346 5035 litteras
366 4970 554 5051 apostolicas
576 4974 668 5035 cntra
689 4973 844 5036 civitaten
865 4992 957 5036 suam
978 4970 1023 5035 od
1044 4971 1196 5035 indiciam
1218 4969 1304 5035 tratti
1326 4991 1391 5034 nort
1408 4969 1542 5053 possint.

251 5121 312 5176 12⁹¹·
326 5122 374 5177 IV
388 5123 452 5192 Be.
471 5123 565 5192 var,
584 5132 647 5191 rea·
664 5123 722 5178 aa.
737 5125 776 5193 rr,
797 5132 856 5180 aa.
1464 5073 1557 5149 1245,
1580 5071 1665 5135 Mai.
1684 5075 1714 5132 ‘²'-

146 5249 149 5252 «
251 5208 351 5278 Rapa
367 5214 439 5264 1239.

250 5382 275 5447 ⁸)
293 5383 427 5437 nicoma.
500 5383 527 5453 b)
545 5386 731 5438 Greifanelawe
744 5387 776 5438 B.
850 5385 874 5452 ⁰)
892 5387 929 5437 ito
942 5385 974 5438 R.
1044 5383 1070 5450 d)
1089 5388 1147 5437 ltat
1166 5395 1196 5437 ut
1213 5387 1240 5437 in
1258 5387 1374 5452 proxima
1386 5385 1418 5436 a.
1489 5384 1513 5448 ο)
1531 5383 1634 5450 quisB.
1704 5381 1800 5450 slpro·

75 5479 99 5518 a
146 5469 264 5521 damus
276 5469 309 5521 B.

253 5587 280 5653 ι)
296 5592 409 5657 aare,
431 5586 560 5658 nassa
582 5589 659 5645 aa
679 5588 949 5660 merecnariis,
974 5586 1269 5656 asennaa.
1347 5587 1375 5656 a)
1393 5587 1475 5642 aaa
1498 5586 1619 5656 asnaa
1636 5587 1748 5656 aaa
1770 5587 1802 5641 a

144 5671 261 5741 nm
277 5670 395 5729 m
408 5676 435 5729 a
447 5672 641 5747 nm
658 5675 819 5747 stupentia
836 5675 906 5730 Mai.
917 5683 933 5730 e
944 5679 997 5729 aa
1012 5672 1092 5728 aaa
1108 5689 1153 5741 ap.
1166 5674 1266 5743 Rapa
1278 5678 1349 5741 aaa,
1368 5680 1442 5739 raas,
1461 5679 1533 5741 raes,
1550 5679 1621 5739 rest,
1639 5680 1712 5742 raro,
1732 5680 1801 5728 aar.

249 5764 308 5821 Rus
1562 5771 1593 5822 ll
