4734 6334
855 413 1055 472 arlatensis
1074 413 1270 473 SELEUTAE.
1308 416 1383 474 1249.
1884 423 1951 486 457

294 589 408 655 videas
438 598 470 656 et
499 591 639 657 eundem
669 593 771 678 recipi
805 592 910 658 facias
941 593 973 657 in
1009 592 1161 672 ecclesia,
1197 593 1229 656 in
1265 613 1329 677 qua
1364 592 1426 657 sibi
1461 591 1593 657 duxeris
1629 593 1880 678 providendum,
1917 595 1950 660 in

295 695 487 759 canonicum
518 701 552 761 et
578 696 713 760 fratrem
737 733 776 742 -—
800 718 865 761 non
895 695 1101 788 obstantibus
1131 702 1220 761 certo
1251 697 1479 762 canonicorum
1511 717 1646 761 numero
1676 697 1859 763 iuramento
1892 720 1950 763 seu

295 797 360 862 alia
382 798 534 864 firmitate
559 798 689 880 vallato,
714 808 771 864 aut
794 801 820 864 si
843 801 876 864 in
900 800 1052 880 ecclesia,
1075 800 1108 864 in
1130 820 1195 885 qua
1218 799 1280 863 sibi
1303 801 1469 887 provisum
1492 800 1599 878 fuerit,
1622 821 1682 865 nos
1699 801 1752 866 rel
1768 804 1949 888 apostolice

296 900 384 965 sedis
406 901 509 986 legati
531 902 709 968 direximus
733 905 853 989 scripta
884 909 996 968 nostra
1023 925 1082 990 pro
1112 904 1199 978 aliis,
1229 904 1346 988 quibus
1375 903 1480 990 quoad
1510 903 1752 969 assecutionem
1781 904 1947 991 prebende

229 1048 236 1062 .
296 1025 354 1069 seu
388 1011 583 1090 personatus
616 1013 674 1071 aut
708 1007 879 1093 dignitatis
914 1006 1114 1088 huiusmodi,
1149 1007 1211 1071 nisi
1244 1007 1286 1071 sit
1321 1006 1420 1072 alicui
1455 1007 1505 1071 ius
1541 1027 1640 1092 super
1669 1007 1731 1071 hoe
1761 1009 1950 1092 specialiter

215 3191 242 3230 20

219 5571 245 5610 to

294 1108 503 1194 acquisitum,
538 1111 689 1174 volumus
720 1110 843 1176 dietum
873 1111 1066 1176 canonicum
1096 1109 1268 1189 anteferri,
1303 1111 1355 1174 vel
1387 1109 1474 1195 qnod
1504 1109 1591 1174 idem
1622 1108 1703 1176 alias
1733 1111 1949 1176 beneficiatus

295 1213 417 1292 existit,
442 1234 501 1278 seu
516 1213 544 1277 ai
560 1214 712 1300 episcopo
729 1215 784 1278 uel
799 1214 941 1301 capitulo
964 1220 1022 1280 aut
1044 1215 1193 1301 personis
1217 1213 1419 1298 quibuslibet
1442 1212 1595 1292 ecclesie,
1617 1212 1651 1277 in
1675 1234 1739 1299 qua
1763 1213 1827 1277 sibi
1851 1214 1950 1279 luerit

294 1316 545 1403 providendum,
580 1318 621 1382 ab
652 1317 768 1383 eadem
801 1318 879 1383 sede
915 1318 1076 1383 indultum
1112 1317 1250 1396 existat,
1286 1314 1372 1402 quod
1406 1316 1697 1396 excommunicari,
1732 1316 1883 1382 interdici
1916 1323 1950 1382 et

295 1420 450 1506 suspendi
472 1420 596 1508 absque
619 1422 721 1508 ipsius
746 1422 833 1487 sedis
856 1422 1008 1487 mandato
1032 1443 1097 1486 non
1121 1423 1258 1507 possint,
1282 1442 1342 1486 seu
1365 1420 1511 1506 qualibet
1535 1419 1747 1506 indulgentia,
1773 1417 1828 1506 [de
1851 1418 1951 1508 qna]·

296 1526 473 1612 specialem
507 1531 658 1610 oporteat
692 1526 726 1590 in
760 1526 969 1611 presentibus
1005 1526 1076 1591 lieri
1109 1526 1309 1590 mentionem
1341 1531 1374 1590 et
1406 1545 1464 1611 per
1493 1545 1591 1608 quam
1620 1530 1733 1610 posset
1763 1522 1949 1588 huiusmodi

297 1629 439 1714 provisio
468 1627 620 1714 impediri
647 1629 701 1694 vel
731 1628 867 1706 differri,
903 1637 960 1694 aut
993 1629 1080 1714 quod
1114 1627 1261 1715 predicte
1294 1629 1383 1694 sedis
1416 1628 1546 1713 legatus
1580 1626 1661 1692 alias
1692 1627 1860 1712 scripserit
1889 1649 1948 1713 pro

296 1731 410 1796 eodem
436 1757 493 1807 -;
527 1729 783 1797 contradictores
811 1739 873 1796 ete.
924 1731 993 1798 Nos
1024 1733 1111 1798 enim
1139 1731 1346 1796 decernimus
1376 1729 1552 1816 [irritum]¹’
1583 1736 1617 1795 et
1646 1731 1761 1806 inane,
1796 1729 1949 1817 quicquid

296 1841 409 1901 contra
431 1835 614 1901 huiusmodi
637 1834 783 1902 mandati
806 1837 908 1900 nostri
931 1841 1080 1903 tenorem
1103 1842 1228 1901 temere
1251 1836 1348 1901 luerit
1371 1840 1609 1921 attemptatum.

403 1957 479 2025 Dat.
503 1956 665 2044 Lugduni,
688 1956 756 2022 XII
778 1956 853 2024 Kal.
877 1957 1059 2039 Februarii,
1082 1954 1257 2023 annoV10.

1078 2517 1165 2592 641.

399 2632 618 2727 [anomaliae
640 2659 698 2724 IV
711 2681 801 2744 papa
821 2659 987 2744 [Alberta]
1008 2660 1100 2726 electo
1119 2658 1324 2742 Peryamensi
1350 2658 1525 2741 signifieat:
1552 2678 1621 2722 curn
1648 2657 1714 2736 ipse
1741 2657 1851 2720 matra
1872 2674 1948 2737 pro·

293 2769 442 2833 maionem
456 2765 577 2830 Arroni
597 2765 635 2828 cle
649 2765 741 2831 Sesso
762 2763 1027 2848 archipresbytero
1040 2763 1249 2829 Mulileneusi
1263 2763 1300 2827 in
1314 2761 1441 2828 ecelesia
1456 2761 1659 2844 Peryamensi
1672 2759 1790 2840 factam
1804 2757 1947 2838 amella·

293 2872 389 2949 verit,
419 2869 473 2936 sed
500 2868 743 2953 appellationem
771 2887 861 2932 suam
886 2870 1035 2950 prosequi
1056 2867 1246 2950 nequiverit,
1277 2866 1355 2949 quia
1381 2886 1470 2930 nemo
1495 2863 1533 2928 de
1564 2862 1742 2930 cimtatibus
1770 2860 1949 2944 fauentibus

292 2974 496 3060 F[ricterieo]
517 2971 675 3054 quendam
696 2971 883 3052 imperatori
903 2970 1018 3034 litteris
1040 2970 1219 3052 apostolicis
1240 2970 1289 3033 uli
1310 2969 1425 3033 audeat
1455 2987 1510 3032 uec
1537 2987 1569 3032 se
1593 2965 1638 3032 ad
1665 2967 1733 3031 loca
1760 2966 1790 3030 el
1819 2964 1949 3029 inimica

293 3077 484 3164 transferre,
515 3077 655 3160 chrum
682 3074 986 3160 archipresbyterum
1011 3073 1049 3140 dc
1074 3073 1165 3141 Galae
1194 3074 1231 3138 de
1260 3071 1410 3136 umndalo
1435 3071 1603 3154 apostolice
1632 3069 1738 3135 emula
1765 3069 1815 3136 in.
1832 3071 1949 3132 stratum

293 3181 429 3247 debitum
460 3199 618 3246 revocasse
644 3183 674 3244 et
698 3179 853 3244 Aaronem
881 3178 1016 3242 canonia
1047 3179 1163 3244 collata
1195 3175 1425 3242 sententialiter
1454 3176 1615 3257 privasse·
1648 3174 1731 3238 hanc
1762 3172 1949 3238 seutentiam

293 3288 467 3368 multaret.
1600 3280 1694 3358 1249,
1718 3276 1793 3344 Iun.
1808 3275 1860 3344 25.

399 3405 460 3458 [ran.
478 3404 527 3459 IV
543 3404 608 3472 Rea.
628 3403 689 3458 Lib.
708 3402 754 3468 VI,
771 3403 844 3470 1123,
864 3421 891 3455 u.
904 3409 961 3456 331.

400 3493 528 3560 Peuma,
549 3491 612 3561 ny.
629 3497 722 3556 1352&
743 3490 844 3556 Beryer
859 3495 931 3542 4323.

842 3673 899 3741 ..⁰
927 3669 1073 3741 electo
1101 3666 1404 3759 Pergamensi.

402 3821 559 3886 Exhibita
582 3821 677 3885 nobis
701 3827 756 3884 tua
779 3819 891 3905 petilio
917 3814 1115 3894 continebat,
1139 3813 1224 3899 quod
1249 3835 1321 3878 eum
1346 3863 1378 3878 ..
1402 3811 1441 3876 de
1458 3809 1583 3876 Arola¹
1607 3819 1641 3876 et
1665 3862 1693 3878 ..
1719 3811 1758 3875 de
1775 3809 1950 3875 Oolurni0²

294 3924 571 4011 archipresbyteri
594 3924 782 3988 Parmensis
813 3921 968 4000 diocesis,
999 3918 1195 3984 auctoritate
1225 3917 1402 4003 apostoliea
1430 3924 1466 3980 ut
1493 3914 1661 3994 (licebant,
1694 3915 1754 3979 sub
1783 3936 1867 4001 pena
1891 3938 1949 3980 ex-

295 4028 596 4094 communicationis
618 4027 859 4092 iniunexissent
887 4025 961 4104 tibi,
991 4031 1027 4087 ut
1049 4027 1293 4109 procuratorem
1316 4021 1460 4084 Acconis
1484 4019 1524 4084 de
1549 4018 1648 4084 Sesso
1672 4017 1950 4105 archipresbyteri

296 4131 567 4198 Mutilenensis‘¹³
590 4131 719 4217 Regina
749 4130 889 4194 diocesis
920 4129 953 4193 in
982 4125 1184 4214 corporalem
1214 4126 1458 4213 possessionem
1483 4123 1694 4188 canonicatus
1718 4128 1752 4187 et
1775 4121 1950 4207 prebende,

296 4257 359 4322 quc
383 4287 415 4302 ..
441 4236 542 4302 abbas
567 4235 679 4300 Sancti
703 4233 858 4298 Iohannis
878 4232 1064 4296 Parmensis
1087 4229 1128 4294 de
1152 4228 1305 4293 mandato
1330 4229 1507 4315 apostolico
1530 4226 1725 4291 dicebatur⁰
1747 4227 1808 4312 ipsi
1825 4225 1950 4288 Aczoni

296 4342 329 4405 in
351 4341 563 4425 Pergamensi
587 4339 726 4404 ecelesia
755 4337 941 4414 contulisse,
974 4334 1130 4399 inducere
1159 4354 1364 4419 procurares,
1394 4339 1439 4412 tu,
1472 4354 1514 4396 ex
1538 4352 1578 4395 eo
1602 4329 1748 4394 sentiens
1772 4349 1792 4392 a
1813 4327 1951 4414 prefatis

295 4443 336 4509 de
353 4444 456 4508 Arola
479 4451 513 4509 et
536 4443 576 4508 de
594 4443 749 4508 Oolurnio
774 4438 1070 4524 archipresbyteris
1094 4437 1239 4501 indebite
1265 4441 1296 4500 te
1320 4436 1458 4520 gravari,
1483 4433 1569 4519 quod
1592 4432 1743 4518 rescripti
1766 4431 1949 4517 apostolici,

296 4549 388 4613 euius
417 4549 612 4612 auctoritate
644 4545 705 4609 hoc
732 4545 791 4608 tibi
820 4540 1034 4620 mandabant,
1070 4540 1198 4624 copiam
1233 4560 1329 4624 quam
1361 4557 1525 4622 nunqnam
1558 4537 1720 4600 habueras
1750 4535 1810 4600 tibi
1841 4535 1950 4599 faeere

296 4657 409 4716 eontra
423 4651 580 4715 iustitiam
596 4647 814 4733 denegabant,
836 4645 876 4710 ad
894 4645 1006 4710 sedern
1024 4643 1239 4729 apostolicam
1257 4642 1443 4728 appellasti,
1461 4640 1553 4704 nobis
1571 4639 1737 4702 humiliter
1750 4637 1950 4725 supplicans,

296 4761 332 4820 ut
362 4777 435 4820 eum
472 4756 558 4819 iusto
595 4751 829 4838 impedimento
860 4748 1013 4814 detentus
1045 4747 1298 4834 appellationem
1333 4753 1422 4809 tuam
1456 4743 1611 4830 prosequi
1644 4741 1834 4827 nequiveris
1866 4741 1951 4805 inira

296 4881 432 4936 annum,
464 4881 507 4923 cx
536 4878 576 4923 eo
599 4856 753 4922 videlicet
782 4854 867 4939 qued
899 4853 1009 4917 nullus
1038 4851 1078 4916 de
1110 4851 1295 4916 civitatibus
1319 4851 1373 4915 vel
1402 4849 1483 4915 loeis
1513 4846 1699 4912 faventibus
1726 4845 1763 4910 F.
1787 4844 1951 4930 quondam

295 4963 482 5050 imperatori
505 4963 622 5028 litteris
651 4959 837 5045 apostolicis
869 4959 915 5021 uti
947 4955 1090 5022 audeat⁴
1118 4975 1179 5018 nee
1209 4975 1244 5019 se
1276 4953 1317 5018 ad
1346 4953 1418 5018 loea
1445 4952 1508 5037 ipsi
1536 4950 1574 5017 F.
1597 4949 1730 5014 inimica
1759 4949 1950 5029 transferre,

296 5067 471 5133 subvenire
505 5065 565 5130 tibi
594 5085 693 5151 snper
725 5063 786 5127 hoe
821 5069 961 5148 paterna
996 5059 1215 5126 sollicitudine
1246 5078 1444 5124 curaremus.
1495 5055 1577 5120 Cum
1606 5056 1705 5140 igitur
1734 5054 1851 5119 dilecto
1882 5055 1949 5119 lilio

1322 5216 1465 5224 -——---.-
1538 5215 1543 5219 =
1610 5215 1663 5218 —
1682 5213 1840 5222 —0——.-—--,

432 5225 596 5232 -...-..--.
668 5221 884 5228 —-.....-.---
905 5223 911 5226 .
981 5219 1127 5226 -..-.....,.

399 5326 423 5392 ⁸)
443 5327 474 5378 de
492 5344 543 5392 qua
561 5325 629 5376 deest
648 5323 678 5372 a.
791 5319 933 5384 1’)1ι·111ιιιιι
956 5321 1024 5373 deest
1042 5319 1074 5370 a.
1189 5319 1280 5384 6)ι1ιι(ι
1293 5327 1393 5386 puncta
1410 5319 1439 5369 iu
1455 5318 1571 5384 maryirae
1590 5316 1687 5383 scripta
1705 5315 1841 5367 denuntia
1862 5315 1950 5366 rubro.

295 5412 321 5480 11)
341 5414 453 5466 Meliten
475 5411 503 5462 a.
609 5409 819 5474 ⁰)dieabant1l.

401 5551 427 5618 1)
452 5548 487 5603 Ul
506 5547 606 5602 ridetur
625 5546 727 5614 Aaou,
746 5545 847 5614 Aprola
865 5547 892 5612 [e
909 5559 970 5597 arser.
988 5543 1035 5597 cir.
1054 5541 1232 5613 Hlmmnsisl,
1251 5541 1322 5610 quod
1337 5541 1478 5607 occultum,
1499 5557 1517 5592 a
1537 5539 1637 5605 Gratiis
1658 5537 1768 5606 Reginis
1785 5543 1950 5606 occupatum

298 5637 435 5692 Hemicus
460 5650 508 5689 rea
533 5633 676 5688 Sarrtinrhe
701 5631 750 5686 stab
775 5633 831 5698 ttae
856 5637 962 5685 u.1248
988 5633 1107 5696 ceperat,¹
1135 5631 1210 5683 Anu.
1230 5629 1347 5684 Perea.
1367 5627 1428 5682 Gir.
1450 5643 1476 5681 a.
1497 5631 1571 5694 1248,
1597 5623 1643 5678 SS.
1666 5629 1684 5678 t.
1705 5622 1823 5691 XVIII,
1844 5640 1874 5693 p.
1894 5632 1950 5681 498.

296 5725 324 5792 2)
344 5721 459 5778 eomas
474 5735 508 5775 en
523 5723 586 5788 sept.
604 5720 650 5774 cie.
669 5717 830 5784 Parrumsis.
917 5719 944 5785 3)
964 5715 1109 5772 aalma
1126 5730 1159 5770 aa
1175 5721 1238 5786 sept.
1257 5721 1280 5771 cl
1297 5731 1347 5771 aec.
1367 5715 1414 5771 cla
1435 5713 1560 5783 Reginae.
1648 5711 1675 5776 4)
1696 5709 1735 5776 Of.
1753 5726 1781 5765 u.
1792 5715 1847 5766 371.

402 5817 465 5870 ltro.
485 5815 568 5869 Pour.
588 5815 621 5868 ll.
1714 5807 1749 5860 58
