4328 6232
77 5236 97 5277 &a

695 331 897 388 nelsrounu
913 331 1105 413 senacula.
1140 335 1216 390 1246.
1725 343 1786 405 113

127 525 187 593 pro
214 505 336 577 dilecto
359 508 427 574 lilio
449 506 491 574 R.
514 507 682 595 preposito
706 507 821 573 Sancti
837 507 1019 594 Symeonis
1042 507 1259 573 'l‘reverensis
1283 530 1356 574 cum
1379 510 1537 577 instantia
1559 512 1785 599 supplicantis,

127 610 306 696 benignum
330 613 556 699 impertientes
580 633 765 692 assensum,
787 612 993 693 mandamus,
1016 613 1172 697 quatinus
1196 611 1304 678 eidem
1327 615 1506 699 preposito,
1530 636 1588 701 pro
1611 637 1674 703 quo
1697 614 1785 702 apud

129 734 189 778 nos
210 714 398 781 litterarum
422 715 571 796 scientia,
594 736 721 780 morum
744 716 901 781 honestas
925 723 959 781 et
981 716 1135 781 nobilitas
1159 716 1290 800 generis
1307 717 1494 781 evidentius
1512 718 1729 796 intercedunt,
1753 719 1785 783 in

129 818 240 904 aliqua
264 819 478 885 ecclesiamm
502 818 716 885 Treverensis
740 820 908 906 provincie
932 820 964 884 in
991 820 1159 906 prelatura
1182 820 1233 882 vel
1257 817 1418 904 dignitate
1448 842 1507 886 seu
1535 828 1728 908 personatu,
1759 822 1786 885 si

128 920 200 1007 quis
231 921 300 987 ibi·
325 927 423 987 vacat
453 921 631 1009 adprosam
660 923 714 988 vel
745 924 983 1010 quamprimum
1015 922 1057 987 ad
1087 921 1120 986 id
1148 944 1185 987 se
1217 922 1357 987 facultas
1388 922 1558 1006 obtulerit,
1593 925 1787 990 auctoritate

129 1031 241 1089 nostra
273 1024 448 1112 providere
478 1047 635 1112 procures
663 1063 705 1075 -
732 1048 798 1092 non
826 1025 1000 1092 obstanteb
1028 1025 1056 1089 si
1083 1024 1116 1089 in
1146 1025 1304 1105 eeclesia,
1336 1025 1368 1089 in
1401 1046 1465 1112 qua
1492 1028 1524 1092 ei
1550 1027 1786 1114 providendum

128 1126 278 1209 duxeris,
313 1128 492 1194 direximus
526 1149 585 1216 pro
618 1129 690 1195 aliis
720 1130 842 1216 scripta
870 1136 996 1210 nostra,
1032 1128 1149 1214 quibus
1179 1129 1330 1193 nolumus
1357 1131 1554 1195 auctoritate
1583 1133 1785 1219 presentium

128 1231 346 1318 preiudieium
369 1234 532 1319 generari,
555 1233 609 1298 vel
632 1233 719 1321 quod
743 1232 829 1299 idem
843 1233 935 1298 alias
956 1232 1171 1298 beneficiatus
1188 1232 1310 1312 existit,
1335 1254 1393 1297 seu
1410 1233 1557 1321 qualibet
1573 1233 1788 1317 indulgentia,

130 1357 190 1421 per
212 1356 310 1421 quarn
333 1342 448 1422 posset
470 1336 677 1403 huiusmodi⁰
699 1337 805 1423 gratia
829 1336 979 1423 impediri
1004 1362 1061 1404 —:
1085 1336 1342 1401 contradictores
1365 1344 1427 1403 etc.

238 1454 317 1520 Dat.
340 1456 506 1542 Lugduni,
521 1456 571 1522 VI
594 1456 669 1523 Kal.
692 1457 823 1523 Ianuar.
846 1478 932 1523 anno
956 1457 1087 1523 tertio¹.

921 1911 1004 1986 150.

234 2007 452 2100 Innocentius
473 2033 499 2099 I
502 2032 529 2098 V
552 2054 643 2119 papa
677 2054 747 2099 cam
779 2033 929 2116 magistro
963 2031 1069 2098 Utrico
1098 2036 1214 2096 rcctorc
1243 2032 1386 2098 ecclcsiae
1415 2033 1452 2097 dc
1481 2033 1677 2100 Rectissume
1710 2036 1789 2102 Con·

131 2138 315 2202 staatr'easis
335 2137 466 2202 ainans
487 2138 611 2202 obtenta
633 2139 807 2203 consiliasse
829 2137 866 2202 dc
888 2136 1032 2203 Kibarcb
1054 2155 1149 2217 sapa
1165 2137 1356 2219 pluralitate
1378 2138 1594 2220 bcrtcficicram
1616 2139 1788 2220 dispensat.

1505 2245 1526 2303 c
1624 2293 1632 2308 .
1671 2246 1702 2307 o.

234 2342 299 2397 na.
311 2342 360 2398 rr
375 2342 439 2413 aa.
456 2343 510 2398 na
525 2343 629 2413 nasa·
646 2343 706 2400 nn.
720 2343 778 2411 nr,
796 2347 853 2399 aas.
889 2342 1041 2412 naamam
1058 2357 1092 2398 e
1110 2342 1229 2411 nnete
1245 2341 1382 2411 naseam
1400 2342 1429 2398 V.
1440 2244 1534 2399 10141
1545 2242 1625 2399 ddi
1650 2247 1669 2306 1

236 2428 337 2498 Beroen
348 2436 417 2486 toan.

294 2592 516 2686 Magistro
543 2590 701 2667 Ulrieo
729 2591 902 2666 rectori
931 2591 1128 2666 ecclesie
1157 2583 1262 2689 [de]d
1290 2587 1636 2667 Rectineuwe⁰²

652 2711 1035 2787 Constantiensis
1064 2712 1270 2787 diocesia.

238 2846 430 2933 Apostolice
452 2843 542 2910 sedis
564 2845 751 2931 benignitas
769 2845 817 2911 sio
833 2845 952 2911 merita
966 2866 1181 2933 personarum
1198 2844 1334 2932 provida
1350 2845 1510 2912 discernit
1526 2844 1792 2925 deliberatione',

130 2957 167 3015 ut
190 2971 263 3029 eos,
295 2951 349 3036 qni
373 2951 554 3015 litterarum
578 2949 718 3014 scientia
741 2955 776 3015 et
797 2971 924 3014 mamm
954 2950 1126 3015 nobilitate
1155 2950 1356 3035 precellunt,
1386 2950 1510 3016 favoris
1540 2952 1647 3036 gratia
1676 2951 1793 3016 efferat

132 3054 298 3141 amplioris
330 3060 364 3119 et
391 3052 569 3118 maioribus
600 3052 733 3118 studeat
761 3052 932 3118 beneficiis
954 3054 1125 3121 honorare.
1170 3054 1258 3119 Hinc
1282 3060 1349 3129 est,
1381 3054 1467 3140 quod
1490 3076 1564 3136 nos,
1594 3055 1791 3141 probitatem

131 3166 221 3223 tuam
254 3178 318 3223 non
347 3156 480 3243 indigne
509 3162 704 3242 pensantes,
735 3177 773 3221 ao
803 3157 941 3223 obtentu
969 3156 1091 3223 dilecte
1121 3158 1154 3222 in
1177 3157 1310 3223 Christo
1337 3157 1403 3221 filie
1433 3157 1552 3222 nobilis
1580 3159 1757 3223 mulieris.
1783 3204 1791 3221 .

132 3262 298 3327 comitisse
321 3260 363 3326 de
385 3258 551 3340 Kiburob,
581 3259 674 3324 cuius
703 3259 820 3324 existis
845 3260 998 3341 clericus,
1029 3261 1177 3326 volentes
1209 3261 1266 3325 tibi
1298 3261 1410 3326 lacere
1439 3261 1578 3346 gratiam
1601 3261 1790 3347 specialem,

132 3367 197 3430 tuis
221 3364 515 3453 supplicationibus
537 3363 695 3444 inclinati,
719 3369 839 3444 tecum,
862 3370 899 3427 ut
921 3363 1052 3429 unicum
1078 3364 1167 3429 aliud
1196 3364 1394 3429 beneficium
1418 3365 1471 3430 vel
1499 3368 1711 3452 personatum
1735 3368 1792 3427 aut

134 3469 392 3534 ecclesiasticam
416 3467 623 3552 dignitatem,
646 3467 746 3531 etiarn
769 3466 797 3531 si
821 3488 932 3532 curam
954 3467 1076 3533 habeat
1099 3467 1304 3532 animarum⁸
1327 3488 1508 3549 annexam,
1532 3468 1619 3532 licite
1643 3467 1791 3555 recipere

135 3580 168 3638 et
182 3593 256 3637 cum
272 3572 428 3651 obtentis,
446 3571 546 3666 etiam
562 3571 589 3634 si
607 3571 655 3636 eis
672 3570 786 3635 similis
802 3591 881 3636 cura
897 3571 1075 3650 immineat,
1092 3571 1197 3635 libore
1213 3571 1355 3635 retinere
1371 3571 1542 3636 valeas-
1558 3571 1791 3635 constitutione

134 3676 297 3760 generalis
325 3675 454 3741 concilii
490 3695 555 3739 non
587 3674 741 3740 obstante
770 3711 828 3755 —,
859 3677 1056 3740 auctoritate
1087 3674 1289 3761 presentium
1317 3673 1558 3760 dispensamus;
1592 3675 1723 3760 proviso
1754 3678 1791 3738 ut

135 3779 291 3845 beneficia
314 3780 402 3867 ipsa,
428 3784 625 3866 personatus
657 3784 715 3842 aut
737 3777 882 3863 dignitas
906 3778 1024 3843 debitis
1048 3800 1112 3843 non
1144 3777 1336 3844 fraudentur
1359 3783 1420 3842 etc.
1446 3799 1566 3863 usque:
1593 3778 1791 3863 negligatur.

135 3883 222 3950 Nulli
246 3906 326 3971 ergo
349 3891 411 3950 etc.
436 3890 548 3948 nostre
571 3882 825 3971 dispensationis
848 3889 911 3950 eto.
958 3882 993 3947 si
1018 3882 1089 3970 quis
1114 3889 1177 3948 etc.

243 4004 321 4071 Dat.
343 4002 508 4090 Lugduni,
532 4003 604 4069 IIII
627 4003 705 4068 Idus
728 4002 859 4068 Ianuar.
882 4024 968 4069 anno
991 4001 1101 4070 tertio.

754 4229 1165 4238 ———-—-——.--—-

925 4457 1009 4532 151.

239 4556 460 4650 [innocentius
480 4579 503 4644 1
509 4579 537 4644 V
561 4599 652 4664 papa
682 4579 833 4664 magistro
859 4579 998 4645 chrico
1024 4580 1136 4645 rectori
1164 4577 1308 4645 cmlcsiac
1335 4578 1372 4642 dc
1399 4577 1592 4661 chostetcn
1619 4577 1664 4642 ad
1685 4597 1794 4659 maces

141 4684 281 4751 marani
300 4690 331 4751 ct
351 4685 488 4751 chriei
508 4685 652 4749 eamdam
674 4683 711 4748 dc
736 4683 870 4748 Vribare
891 4688 920 4748 ct
941 4684 979 4749 dc
1007 4683 1111 4750 Uroclr
1133 4684 1286 4767 indalpct,
1318 4687 1354 4747 at
1369 4687 1501 4764 praeter
1522 4683 1680 4748 ecclesiam
1701 4701 1793 4746 saram

135 4789 365 4870 mnoebiatcm
380 4790 510 4854 unicam
521 4787 701 4871 beneficiam
716 4808 824 4852 caram
841 4788 1021 4851 animarum
1037 4788 1154 4852 trabeas
1168 4791 1304 4869 rccmcrc
1315 4789 1427 4869 ponat.
1474 4788 1567 4865 1246,
1579 4786 1712 4852 Faba-3.

241 4909 305 4965 ran.
318 4909 367 4964 ra
381 4908 444 4978 aa.
460 4907 552 4976 aaa
570 4913 632 4974 aaa
648 4906 708 4961 no.
723 4907 780 4976 nr,
800 4913 858 4963 ses.
893 4908 1044 4976 naama
1062 4925 1096 4963 aa
1114 4909 1231 4979 apae
1248 4909 1383 4979 amam
1406 4908 1435 4963 ν.
1446 4909 1484 4962 a.
1495 4909 1529 4963 n.
1542 4907 1620 4964 nau.

244 4996 341 5066 napa
354 5003 421 5052 1711.

241 5230 267 5298 ὓ)
288 5205 367 5285 deest
384 5206 420 5284 i'bi
439 5230 472 5284 lt.
569 5229 595 5298 b)
613 5250 650 5284 on
676 5251 728 5285 uon
752 5233 818 5286 obst.
836 5253 869 5276 =
887 5251 939 5285 non
957 5233 1138 5287 obstantibus?
1232 5232 1255 5297 θ)
1279 5233 1358 5284 huius
1381 5249 1472 5298 apogr.
1565 5228 1591 5297 ἃ)
1615 5231 1647 5282 de
1669 5229 1737 5282 deest
1755 5229 1789 5281 a.

140 5326 163 5391 ·)
175 5327 333 5395 aqimus
344 5325 377 5379 B.
460 5322 481 5393 s)
493 5300 615 5381 dimensis
634 5303 817 5381 deliberatione
829 5325 876 5389 n.,·
893 5328 938 5379 sed
948 5337 1011 5380 nota
1027 5327 1039 5350 ''
1054 5329 1109 5380 loco
1122 5327 1233 5379 scmmdo
1244 5345 1322 5379 erasa
1337 5335 1381 5379 est.
1464 5326 1490 5392 Β)
1503 5300 1645 5378 rdrimarnm
1658 5299 1751 5378 babeat
1762 5326 1793 5377 R.

242 5446 269 5512 1)
287 5442 347 5499 &b
362 5460 390 5498 a.
402 5449 476 5512 1247,
494 5444 556 5501 Ian.
570 5451 604 5499 18
616 5462 692 5515 papa
710 5446 758 5501 boc
774 5448 933 5503 mundanam
949 5448 1099 5514 imwcarit,
1123 5447 1203 5501 micon
1221 5445 1310 5499 albai
1330 5445 1486 5512 iniungere-s,
1511 5448 1543 5496 at
1565 5444 1650 5498 ‘irrata
1670 5445 1794 5514 primm

140 5532 332 5586 minantia!
349 5530 507 5586 inerim
521 5535 676 5602 praqmaito
689 5536 851 5603 promdcrdr
874 5537 975 5604 Berpcr
986 5542 1061 5590 2410.
1148 5535 1176 5603 2)
1200 5534 1233 5588 Ut
1256 5533 1357 5586 ridetur
1376 5531 1540 5598 noemma,
1562 5529 1696 5600 Rouana,
1717 5530 1795 5585 caat.

143 5616 688 5691 &mendacemiam

240 5710 452 5771 mrumst
1554 5711 1588 5768 15
