4784 6334
1002 410 1050 464 EX
1068 411 1284 468 INNOCEN'I'II
1302 411 1341 466 IV
1358 411 1540 468 nuelsruo

1229 711 1315 785 5t3.

554 816 772 913 Innocentius
800 847 859 913 11⁷
875 870 966 934 pepo
994 851 1113 916 civibus
1145 852 1377 918 Bositiensibns
1403 852 1447 916 od
1470 871 1575 934 preces
1602 873 1708 918 eornm
1737 857 1918 936 confirmat,
1940 857 2096 940 quidquid

448 948 626 1032 [Hernicos
652 950 733 1036 ΙΙΙ]
754 953 914 1034 episcopos
941 954 1183 1037 Arpentinensis
1215 975 1309 1036 snper
1340 956 1546 1022 destructione
1578 956 1687 1021 domus
1719 957 1921 1040 episcopalis,
1953 961 2096 1026 electione

449 1053 611 1118 consntnm
632 1059 662 1119 et
682 1056 829 1135 indicum,
851 1057 1016 1123 advocatio
1036 1059 1172 1141 aliisque
1192 1059 1285 1124 rebns
1306 1081 1346 1124 ee
1367 1059 1515 1124 enondoto
1536 1060 1704 1141 apostolico
1725 1060 1926 1128 ordinaverit.

553 1175 616 1315 {pn
635 1176 685 1231 IV
699 1177 765 1246 Rep.
783 1178 838 1233 Vol.
857 1178 957 1247 1,523,·
974 1177 1032 1233 Lo.
1052 1179 1083 1248 V,
1097 1187 1151 1234 765.
1377 1237 1379 1241 ,
1714 1167 1808 1242 1248,
1830 1165 1932 1234 Mari.
1955 1171 2007 1233 30.

583 1277 654 1332 ceper
671 1269 742 1318 3813.
1394 1295 1399 1309 ·
2146 1277 2158 1314 ι

1178 1376 1376 1451 Eisdem.

554 1521 649 1587 Licet
684 1545 738 1605 es,
773 1546 836 1610 que
864 1525 906 1590 de
937 1525 1089 1590 mandato
1115 1532 1226 1591 nostro
1256 1527 1353 1607 fiunt,
1381 1528 1511 1612 plenam
1541 1528 1575 1592 in
1604 1548 1639 1591 se
1668 1527 1813 1594 habeant
1835 1528 2037 1610 firmitatem,
2059 1532 2097 1590 ut

452 1632 563 1690 tamen
596 1626 661 1691 sint
693 1628 725 1692 in
761 1649 819 1693 suo
855 1629 971 1694 robore
998 1630 1154 1711 firmiora,
1184 1631 1258 1716 ipsa
1283 1631 1424 1697 libenter
1453 1632 1633 1718 apostolico
1665 1633 1816 1698 fulcimus
1844 1632 2036 1712 munimine,
2058 1637 2097 1694 ut

451 1728 645 1794 intemerata
667 1731 859 1808 consistant,
890 1755 963 1798 eum
986 1739 1097 1798 nostro
1124 1733 1246 1798 fuerint
1267 1735 1410 1820 presidio
1434 1737 1641 1801 communita.
1687 1737 1770 1801 (ium
1793 1737 1893 1822 igitur
1914 1734 2094 1802 venerabili

453 1831 545 1896 fratri
572 1839 683 1899 nostro
706 1884 743 1900 ..
773 1835 928 1922 episcopo
956 1835 1189 1922 Argentinensi
1222 1856 1319 1924 super
1352 1837 1573 1904 destructione
1607 1839 1722 1904 domus
1755 1839 1953 1905 venerabilis
1987 1838 2096 1902 fratris
2148 1855 2174 1894 1⁰

452 1935 555 1999 nostri
579 1985 612 2001 ..
637 1937 783 2024 episcopi
808 1938 1017 2021 Basiliensis,
1041 1941 1200 2005 electione
1223 1942 1393 2006 consulum
1417 1948 1451 2007 et
1472 1942 1625 2025 iudicum,
1650 1943 1821 2008 advocatia
1844 1949 1878 2008 et
1901 1941 2096 2029 quibusdam

453 2037 526 2102 aliis
550 2039 610 2104 sub
634 2047 724 2106 certa
746 2041 850 2107 forme
872 2042 1087 2110 direxerimus
1111 2044 1235 2130 scripta
1257 2051 1379 2125 nostra,
1403 2066 1472 2126 nos,
1487 2047 1606 2112 vestris
1624 2047 1918 2132 supplicationibus
1938 2044 2094 2125 inclinati,

451 2141 603 2228 quicquid
632 2143 720 2209 idem
749 2146 922 2232 episeopus
950 2147 1204 2233 Argentinensis
1233 2170 1331 2234 super
1359 2148 1422 2214 hiis
1452 2149 1544 2215 iuxta
1573 2150 1718 2235 ipsarum
1740 2151 1921 2215 litterarum
1949 2154 2097 2214 tenorem

452 2245 612 2312 ordinavit
634 2249 688 2313 vel
712 2250 834 2332 statuit,
858 2258 963 2316 ratum
993 2258 1026 2317 et
1053 2257 1182 2337 gratum
1204 2251 1364 2318 habentes
1386 2253 1582 2320 austeritate
1602 2254 1786 2339 apostoliea
1808 2253 2035 2318 continuamus
2059 2257 2094 2317 et

450 2351 612 2436 presentis
644 2352 756 2438 scripti
782 2355 961 2439 patrocinio
990 2355 1225 2420 communimus
1238 2358 1259 2420 ¹.
1314 2355 1405 2420 Nulli
1428 2377 1505 2444 ergo
1530 2363 1592 2423 ete.
1620 2362 1732 2422 nostre
1755 2356 2006 2422 confirmationis
2029 2361 2093 2422 etc.
2148 2374 2173 2412 ιι

555 2472 631 2540 Dat.
653 2479 691 2538 ut
712 2496 820 2561 supra.

555 2594 661 2660 Datus
684 2602 735 2660 est
757 2596 805 2662 eis
828 2619 925 2684 super
947 2599 1010 2665 hiis
1032 2606 1245 2666 conservator
1268 2649 1302 2666 ..
1326 2599 1429 2665 abbas
1452 2598 1493 2665 de
1507 2598 1708 2685 Wectingen
1724 2599 1950 2664 Cistereiensis
1973 2598 2097 2664 ordinis

452 2696 711 2764 constantiensis
734 2699 873 2765 diosmis
897 2702 957 2767 sub
981 2703 1097 2769 eadem
1123 2702 1210 2769 data.

1070 2966 1480 2976 ——-———-——————

1227 3206 1316 3280 524.

561 3314 777 3408 Inmites
798 3344 951 3426 repapa
971 3345 1155 3433 [neruo]
1169 3347 1276 3411 accan
1296 3347 1333 3410 oc
1353 3347 1531 3430 wentana
1552 3346 1691 3425 manac,
1714 3350 1750 3409 n
1771 3345 1889 3410 esicus
1903 3345 2097 3410 nascens-

455 3448 526 3525 bns,
552 3469 621 3512 enin
649 3446 693 3511 od
717 3447 901 3514 mandatnm
926 3451 1068 3516 ecclesiae
1093 3451 1261 3530 redierint,
1282 3452 1357 3516 inre
1378 3454 1408 3516 et
1428 3450 1665 3516 oonsnetndines
1686 3448 1820 3530 antiqno
1841 3448 1955 3514 illaeso
1976 3450 2099 3514 servari
2149 3462 2176 3502 2⁰

454 3551 564 3633 taem·
1719 3555 1812 3632 1248,
1834 3552 1937 3617 Marc.
1960 3556 2012 3619 ec.

557 3671 621 3726 Ion
635 3670 655 3723 1
659 3668 685 3723 V
699 3669 763 3738 lisy.
782 3669 836 3725 Vct.
849 3670 875 3738 1,
887 3677 951 3738 523,-
968 3671 1030 3727 Ito.
1048 3671 1078 3741 V,
1099 3679 1150 3726 766.

556 3757 655 3825 Berpcr
674 3759 753 3810 3814.

715 3993 724 4010 .
753 3993 762 4010 .
790 3935 940 4010 abbati
967 3937 1022 4009 de
1040 3936 1298 4030 Wectingen
1325 3936 1642 4012 Cistereiensis
1669 3937 1847 4011 ordinis

975 4056 1346 4132 Constantiensis
1371 4057 1579 4133 diocesis.
2150 4083 2176 4124 n

559 4206 641 4271 (ium
669 4206 779 4272 dilecti
809 4208 867 4273 filii
894 4208 982 4272 cives
1009 4207 1212 4274 Basilienses
1242 4208 1284 4273 ad
1315 4207 1522 4274 devotionem
1546 4207 1687 4274 ecclesie
1706 4209 1862 4276 derelicto
1885 4215 2098 4296 persecutore

454 4311 556 4396 ipsius
579 4309 736 4374 redierint
757 4318 912 4397 tunquam
935 4311 995 4375 viri
1018 4312 1170 4377 catholici
1192 4317 1226 4378 et
1247 4312 1376 4393 fideles,
1400 4333 1478 4393 uos,
1501 4311 1710 4377 intendentes
1737 4313 1823 4398 ipsos
1846 4312 1888 4376 ob
1910 4313 1972 4378 hoe
1994 4313 2100 4398 gratia

453 4415 608 4501 prosequi
631 4422 666 4479 et
687 4415 815 4496 favore,
837 4414 1040 4496 mandamus,
1056 4416 1206 4500 quatinus
1228 4417 1300 4480 iura
1323 4422 1357 4480 et
1379 4415 1629 4482 consuetudines
1653 4416 1734 4502 ipsis
1764 4417 1805 4481 sb
1833 4417 1967 4501 entique
1989 4414 2100 4481 debita

454 4517 549 4582 illesa
570 4517 673 4582 facias
696 4518 890 4585 auctoritate
913 4525 1024 4584 nostra
1047 4519 1183 4596 servari3
1209 4519 1464 4585 contradictores
1488 4526 1550 4585 etc.

561 4637 638 4704 Dat.
660 4644 696 4702 ut
718 4661 827 4726 supra.
2151 4652 2177 4692 ³⁰

1070 4781 1480 4790 ———-.-—--.—-

1238 5023 1326 5099 5t5.

559 5134 775 5229 Innocentius
797 5163 856 5229 IV
867 5184 956 5244 popo
984 5163 1142 5247 [Henrico
1164 5163 1245 5249 ΠΙ]
1272 5165 1411 5245 episeopo
1432 5167 1660 5249 Arpentinensi
1687 5165 1795 5230 scribit
1823 5167 1885 5231 sibi
1900 5168 2042 5249 placere,
2066 5171 2103 5232 nt

455 5267 485 5331 si
506 5266 550 5332 ad
570 5267 778 5333 coadiutorem
798 5266 1003 5354 [Linttiotdo]
1023 5267 1163 5348 episcopo
1183 5267 1363 5333 Bositiensi
1391 5269 1532 5334 dondnm
1555 5275 1585 5335 et
1613 5271 1811 5352 capitaneum
1832 5289 1886 5335 sen
1907 5270 2102 5357 defensorem

558 5525 585 5593 1)
604 5523 643 5591 Of.
661 5542 689 5579 n.
706 5531 762 5581 520.
797 5524 879 5594 Papo
895 5523 945 5578 σιώ
965 5524 1050 5581 diost.
1067 5533 1098 5581 31
1116 5526 1153 5580 ad
1165 5543 1253 5596 proces
1270 5529 1374 5584 ‘nobdis
1391 5529 1443 5585 oiri
1460 5529 1581 5584 deccat
1592 5529 1765 5600 Mense,
1782 5531 1833 5586 snb
1849 5532 1917 5600 Ape.
1931 5539 1947 5585 t
1961 5529 2000 5584 od
2011 5545 2101 5599 preces

456 5610 595 5678 ‘odooenti
618 5612 772 5680 menn,
798 5617 926 5666 emeram
952 5612 1185 5682 nniversitntispne
1207 5614 1305 5670 civium
1322 5617 1418 5670 Boset?
1445 5621 1470 5670 et
1492 5617 1543 5671 en
1560 5618 1628 5686 Apr.
1647 5623 1677 5672 13
1698 5617 1735 5670 od
1756 5633 1844 5686 praees
1862 5617 1984 5688 ‘episcopi
2000 5617 2100 5686 Aspen·

460 5698 571 5756 tonsis
587 5704 611 5757 ct
627 5699 767 5758 conentnm
783 5703 807 5754 et
823 5697 918 5757 notun
936 5699 1030 5756 eccur
1046 5699 1176 5773 quasdem
1190 5703 1294 5776 pretim
1309 5704 1387 5774 sont,
1403 5704 1504 5775 Berpcr
1520 5711 1592 5772 3811,
1608 5710 1676 5762 3820
1692 5709 1716 5762 ct
1732 5711 1806 5762 3821.
2152 5719 2177 5762 ιι
