4790 6340
851 415 1050 476 EPISTOLAE
1068 423 1257 482 SELEOTAE.
1296 429 1371 484 1247.
1875 441 1937 504 263

368 628 410 702 Ρ.
439 632 604 712 Sancti
632 639 826 737 Georgii
853 653 908 724 ad
936 653 1103 728 Velurn
1131 656 1340 760 Aureum
1368 661 1574 736 diacono
1602 667 1856 758 cardinali,

806 775 1065 863 apostolice
1092 777 1222 850 sedis
1249 779 1419 872 legato.

342 933 346 942 ’
392 913 492 992 Cum,
528 917 612 980 sicut
653 921 855 1006 accepimus,
894 925 1128 989 monasterium
1172 929 1276 992 sancti
1315 929 1448 994 Martini
1485 931 1730 1000 Glandarieue¹
1776 937 1937 1004 Metensis

283 1013 425 1080 diocesis
450 1019 631 1084 venerabili
660 1024 753 1088 tratri
783 1032 895 1090 nostro
920 1076 952 1091 ..
977 1027 1118 1093 Mettensi
1148 1031 1302 1117 episcopo
1330 1035 1363 1098 in
1393 1034 1616 1119 spiritualibus
1644 1045 1678 1102 ot
1701 1041 1937 1124 temporalibus

217 1141 228 1176 s
284 1117 327 1180 sit
351 1119 546 1202 subiectum,
569 1145 640 1202 uos,
664 1128 835 1212 cupientes
856 1132 1092 1196 monasterium
1115 1133 1242 1219 ipsum,
1267 1135 1353 1221 quod
1376 1137 1459 1201 sicut
1481 1137 1584 1202 fertur
1608 1147 1702 1205 vacat
1724 1141 1765 1205 ed
1788 1164 1937 1228 presens,

281 1221 441 1306 proficere
467 1225 675 1293 laudabiliter
704 1231 737 1295 iu
768 1235 929 1318 utrisque,
959 1235 1169 1314 mandamus,
1201 1240 1371 1322 quatinus,
1404 1241 1432 1304 si
1456 1249 1507 1306 est
1530 1243 1585 1312 ita,
1610 1245 1936 1312 amministrationem

280 1323 361 1388 dicti
384 1330 575 1394 monasterii
607 1331 714 1398 eidem
739 1337 909 1422 episcopo,
940 1360 999 1425 per
1027 1340 1120 1404 cuius
1150 1340 1341 1406 iudustriam
1373 1349 1405 1409 et
1429 1345 1610 1429 potentiam
1639 1353 1706 1410 tam
1729 1348 1817 1412 circa
1841 1351 1936 1436 spiri-

281 1428 385 1493 tualia
408 1451 506 1514 quam
529 1436 723 1519 temporalia
747 1444 860 1525 optata
882 1443 1003 1526 poterit
1027 1443 1193 1528 suscipere
1217 1444 1434 1526 incrementa,
1460 1448 1487 1510 si
1511 1447 1668 1533 expedire
1693 1448 1832 1528 videris,
1857 1473 1934 1515 auc-

281 1531 415 1596 toritate
438 1544 552 1602 nostra
575 1541 779 1616 committos;
804 1545 1061 1610 contradictores
1086 1555 1149 1612 etc.

391 1658 467 1723 Dat.
491 1657 655 1746 Lugduni,
679 1661 727 1725 VI
750 1662 829 1728 Idus
854 1665 944 1748 Maii,
967 1688 1053 1731 anno
1077 1668 1226 1753 quarto².

908 1931 1316 1942 ἢῆ...

1069 2174 1155 2248 354.

386 2270 604 2362 Innocentius
620 2294 678 2359 IV
688 2315 779 2375 1me
807 2295 903 2358 eidem
932 2296 1075 2374 retundet,
1103 2301 1139 2359 ut
1159 2297 1372 2382 [Sibotoncm]
1399 2300 1573 2382 episcopum
1595 2302 1823 2384 Acmrnlcnscm
1850 2305 1936 2368 sertio

283 2397 451 2480 corrfcctnm
468 2399 512 2462 od
526 2401 690 2464 cessionem
706 2399 836 2463 inducet
857 2403 885 2462 et
908 2423 944 2463 ca
962 2405 1084 2480 recepto
1099 2401 1236 2480 capitulo
1255 2400 1400 2479 inludent,
1422 2423 1462 2466 nc
1476 2403 1591 2484 absque
1606 2405 1754 2468 terrendolo
1768 2408 1936 2491 apostolico

284 2499 327 2562 od
347 2502 522 2566 electionem
539 2503 699 2586 procedat.
1579 2509 1672 2584 1247,
1695 2507 1779 2573 Mei.
1796 2515 1846 2574 11.

388 2623 450 2676 lnn.
469 2621 517 2675 IV
534 2622 596 2691 neq.
615 2622 669 2676 Vel.
689 2623 712 2690 I,
732 2629 796 2686 390:
815 2623 873 2677 nit.
893 2623 944 2691 IV,
962 2631 1019 2677 692.

388 2709 488 2778 Beryer
505 2716 582 2764 2690.

366 2888 408 2962 P.
436 2891 602 2963 Sancti
630 2890 827 2983 Georgii
854 2892 908 2964 ad
938 2891 1100 2965 Velum
1128 2893 1337 2965 Aureum
1364 2891 1556 2965 diacono
1584 2893 1847 2984 cardinali,

791 3011 1063 3104 apostolice
1090 3011 1219 3086 sedis
1246 3012 1434 3105 legatol.

390 3159 483 3241 Cum,
500 3161 586 3224 sicut
601 3182 621 3224 a
636 3159 699 3224 fide
717 3158 824 3243 dignis
841 3159 1039 3243 accepimus,
1056 3159 1253 3224 venerabilis
1269 3160 1372 3224 frater
1387 3166 1498 3225 noster
1510 3160 1683 3248 opiscopus
1696 3161 1934 3247 Augustensisl

284 3263 452 3329 conlectus
474 3266 540 3330 iam
563 3265 657 3329 senio
680 3264 786 3327 iaetus
811 3264 852 3326 sit
874 3262 997 3326 inutilis
1020 3262 1060 3327 ad
1084 3263 1314 3348 exequendum
1332 3264 1473 3329 officium
1490 3266 1667 3350 pastorale,
1691 3274 1825 3352 propter
1848 3267 1934 3352 quod

207 3421 218 3431 .
284 3374 317 3432 et
339 3366 560 3454 Augustensis
590 3369 732 3432 ecclesia
763 3369 794 3432 in
820 3367 1046 3452 spiritualibus
1074 3369 1146 3432 lesa
1172 3374 1205 3432 et
1235 3369 1267 3432 in
1298 3368 1535 3454 temporalibus
1566 3368 1725 3434 diminuta
1753 3368 1935 3435 dinoscitur

283 3478 315 3536 et
336 3472 503 3556 generalis
527 3472 666 3536 ecclesie
689 3471 823 3555 negotio
847 3471 1024 3557 plurimum
1053 3470 1241 3555 derogatur:
1271 3470 1478 3549 mandamus,
1510 3471 1662 3556 quatinus
1695 3473 1835 3538 eundern
1864 3475 1933 3560 epi-

283 3595 430 3661 scopum,
461 3576 549 3662 quod
580 3576 682 3640 libere
714 3576 748 3639 in
771 3573 921 3639 manibus
945 3575 1008 3636 tuis
1036 3573 1147 3653 cedat,
1177 3595 1219 3638 ex
1249 3581 1341 3660 parte
1370 3579 1484 3639 nostra
1516 3595 1648 3638 monere
1683 3597 1722 3638 ac
1756 3575 1934 3642 efficaciter

282 3679 437 3744 inducere
461 3700 526 3744 non
542 3686 736 3766 postponas;
762 3679 854 3743 ouius
878 3678 1028 3742 cessione
1052 3684 1184 3764 recepte
1209 3679 1354 3764 capitulo
1370 3678 1575 3763 Augustensi
1597 3677 1748 3744 inhibere
1764 3701 1932 3765 procures,

282 3787 319 3844 ut
348 3782 389 3847 ad
419 3784 632 3862 electionem,
661 3782 917 3868 postulationem
947 3801 1005 3845 seu
1034 3783 1290 3847 nominationem
1322 3803 1388 3846 non
1417 3780 1598 3868 procedant
1625 3783 1750 3867 absque
1780 3783 1933 3848 mandato

203 3913 217 3951 e
284 3885 372 3950 sedis
395 3888 578 3973 apostolice
602 3887 751 3973 speciali,
780 3885 963 3950 decernens
987 3887 1183 3951 auctoritate
1205 3893 1316 3950 nostra
1339 3887 1465 3950 irritum
1494 3892 1527 3950 et
1551 3885 1664 3966 inane,
1694 3887 1721 3950 si
1749 3907 1843 3951 secus
1872 3887 1932 3952 du-

283 3989 391 4054 xerint
413 3990 683 4077 attemptandum.

390 4110 466 4176 Dat.
490 4111 654 4198 Lugduni,
676 4111 707 4174 V
731 4110 809 4174 Idus
833 4110 920 4182 Maii,
944 4131 1028 4174 anno
1052 4110 1132 4174 IIII.

948 4375 1098 4380 ----..—..-—-
1188 4373 1314 4380 ...-—-.

1067 4617 1153 4689 355.

388 4715 606 4810 Innocentius
637 4741 692 4807 IV
719 4763 809 4824 propia
845 4739 942 4805 eidem
981 4741 1026 4804 nd
1061 4759 1169 4824 prrcces
1202 4739 1419 4826 [li'encesloi]
1459 4741 1541 4822 repis
1582 4740 1753 4805 Boltcutiue
1792 4743 1932 4824 renaudot,

281 4853 316 4912 ut
359 4847 504 4915 Conrado
541 4846 581 4911 ub
618 4847 745 4911 ecclesio
788 4845 984 4909 olomucensi
1021 4843 1205 4908 menducium
1246 4847 1362 4921 ontoto,
1397 4844 1427 4906 si
1469 4843 1615 4924 capedine
1658 4843 1784 4923 unierit,
1823 4847 1933 4910 uillnm

387 5109 411 5175 ⁸)
431 5110 520 5161 Eidem
538 5109 585 5174 R.,·
602 5108 728 5160 antecedit
744 5125 770 5158 n.
790 5109 850 5159 366.

386 5265 413 5330 1)
434 5263 461 5316 S.
482 5261 590 5316 Martin
607 5277 666 5316 anto
685 5259 787 5316 Chi-rues
804 5259 835 5313 de
854 5259 1018 5314 Glandierea.
1126 5258 1451 5327 2)Sub1nn.17pope
1474 5259 1555 5312 eiden
1572 5259 1691 5328 enseque
1712 5256 1849 5326 emnium
1870 5273 1932 5310 cou-

281 5349 418 5404 nessiorum
435 5349 611 5416 oorsfinnarit,
638 5365 718 5416 meum
741 5347 808 5400 idem
825 5347 923 5416 luamus
940 5348 964 5400 ei
979 5348 1077 5414 feceret
1096 5345 1241 5400 ‘werrdena
1260 5351 1340 5414 pratu
1363 5345 1504 5400 detmiouis
1520 5346 1657 5412 obsequio,
1682 5361 1751 5412 quoe
1769 5349 1825 5396 tom
1840 5360 1889 5412 per
1906 5361 1933 5398 se

281 5453 361 5504 nemin
381 5452 431 5504 per
455 5453 517 5490 sitos
539 5436 658 5491 misnae
678 5435 817 5490 Rentenoe
838 5449 871 5487 ac
894 5433 946 5502 apsi
968 5433 1052 5501 laento
1069 5433 1223 5487 subticuisset
1244 5435 1371 5488 imotenus
1393 5439 1416 5486 et
1433 5433 1522 5488 ubete
1540 5433 1666 5486 emitteret
1683 5430 1772 5484 studio
1789 5429 1931 5496 tentassem,

281 5529 304 5578 et
322 5521 408 5576 corten
425 5521 468 5576 die
485 5521 566 5576 eidem
585 5525 641 5590 ‘pro
657 5521 766 5590 mpotir's
783 5520 905 5574 ecclcnue
914 5521 1044 5590 nmmulic
1061 5521 1146 5574 multa
1162 5521 1304 5574 sustinenti
1328 5536 1409 5574 encra
1426 5520 1609 5588 espencaeum
1627 5516 1748 5582 indulsit,
1766 5521 1796 5568 ut
1813 5517 1931 5570 omnium

197 5637 225 5674 25
283 5608 513 5664 mementorum
531 5609 709 5676 berretciornm
722 5612 881 5676 praetentas,
903 5623 972 5676 qreoc
988 5607 1064 5672 infra
1081 5607 1296 5674 creinmeennium
1313 5607 1343 5660 in
1360 5623 1411 5660 stro
1429 5606 1532 5660 ciuitate
1550 5606 1589 5658 ret
1605 5602 1699 5656 dmooei
1716 5618 1810 5656 cacare
1828 5603 1931 5656 contire-

278 5701 358 5770 perd,
374 5703 459 5766 posset
474 5696 745 5772 rusticitatemque
762 5694 819 5748 suis
837 5693 1031 5750 messenium
1048 5695 1173 5764 retinere
1191 5694 1286 5764 Berpu·
1303 5697 1414 5748 edocet
1434 5698 1506 5748 28οῆ
1619 5691 1646 5760 3)
1667 5691 1707 5762 ‘i‘-
1725 5705 1752 5744 n.
1770 5696 1827 5746 340.
