4790 6340
869 431 1068 490 EPISTOLAE
1085 433 1277 492 subucula.
1315 436 1391 492 run.

1088 735 1176 812 470.

412 844 629 938 Innocentius
656 873 712 938 IV
724 897 814 960 popo
846 876 943 941 cidens
972 875 1117 954 mandat,
1151 879 1188 940 nt
1215 875 1372 960 [chrioo
1394 876 1453 962 II]
1479 875 1552 941 dccci
1581 877 1781 944 Brobuntiuc
1813 881 1954 948 corlmioc

307 977 415 1036 contro
436 973 674 1063 F[ridorionm]
694 979 851 1060 qnondam
879 980 1094 1060 imperatorem
1121 979 1282 1044 assistenti
1303 983 1332 1043 ct
1353 979 1496 1044 omnibns
1517 981 1546 1044 ci
1572 982 1609 1044 in
1631 981 1685 1046 boc
1705 983 1956 1050 subvenientibns

301 1074 434 1154 plenam
455 1096 581 1142 menum
599 1081 814 1160 peccaminum
835 1083 960 1148 nonium
982 1081 1149 1164 herpintnr.
1597 1087 1691 1164 1247,
1714 1084 1793 1151 Neo.
1814 1091 1868 1156 20.

411 1195 474 1249 Inn.
493 1195 542 1250 IV
556 1197 620 1268 Req.
639 1199 692 1254 Vot.
712 1201 737 1270 1,
749 1207 815 1270 487,·
833 1201 893 1258 Lo.
917 1202 947 1270 V,
964 1208 1020 1258 383.

230 1289 242 1326 ⁵
413 1284 513 1354 Borqcr
528 1290 601 1341 3433.

390 1463 431 1536 Ρ.
460 1465 625 1540 Sancti
655 1467 851 1562 Georgii
878 1470 934 1544 ad
954 1470 1120 1543 Velunr
1146 1471 1355 1544 Aureum
1382 1469 1584 1543 diacono
1611 1472 1875 1562 cardinali,

807 1591 1086 1684 apostolice
1115 1589 1248 1664 sedis
1275 1590 1451 1682 legato.

412 1736 458 1801 Ut
480 1743 646 1802 certantes
669 1760 727 1824 pro
751 1741 891 1805 ecclesia
914 1747 1027 1806 eontra
1049 1746 1275 1827 persecutores
1298 1739 1398 1825 ipsius
1422 1739 1562 1805 fructum
1593 1743 1722 1826 assequi
1745 1743 1877 1808 valeant
1898 1745 1953 1830 qui

309 1861 375 1903 non
397 1841 491 1926 perit,
514 1841 662 1906 uolumus
686 1849 719 1907 et
742 1841 907 1908 devotioni
929 1852 985 1909 tue
1008 1843 1207 1931 presentium
1231 1844 1425 1909 auctoritate
1447 1842 1649 1924 mandamus,
1667 1846 1818 1930 quatinus
1834 1846 1953 1912 dilecto

231 1961 256 1999 ιο
308 1943 376 2008 filio
400 1943 501 2008 nobili
524 1944 593 2008 viro
615 1993 649 2008 ..
671 1945 747 2010 duci
769 1946 949 2012 Brabantie
971 1968 1011 2013 ae
1032 1945 1258 2032 Letharingie,
1282 1946 1450 2010 assistenti
1477 1967 1539 2032 per
1569 1967 1606 2012 se
1635 1967 1674 2011 ac
1705 1969 1781 2013 suos
1804 1949 1897 2014 nobis
1920 1959 1954 2015 et

309 2047 448 2113 ecclesie
470 2045 617 2112 Romane
642 2056 753 2114 eontra
775 2049 812 2114 F.
836 2050 999 2136 quondam
1022 2051 1244 2116 Romanorum
1273 2050 1503 2135 imperatorem
1537 2057 1571 2113 et
1604 2051 1686 2115 filios
1721 2057 1755 2118 et
1788 2051 1952 2118 adiutores

311 2157 345 2214 et
373 2149 518 2215 fautores
546 2171 659 2215 eorum
691 2152 826 2218 viriliter
859 2161 893 2219 et
926 2159 1095 2240 patenter,
1127 2161 1161 2219 et
1190 2152 1449 2239 quibuscumque
1479 2153 1550 2216 aliis
1578 2153 1612 2217 in
1635 2153 1698 2218 hoc
1725 2155 1953 2221 assistentibus

310 2252 396 2319 dieto
419 2253 493 2318 duci
518 2254 648 2341 plenam
672 2278 803 2322 suorum
837 2258 1077 2344 peccaminum,
1113 2256 1154 2322 de
1190 2256 1308 2342 quibus
1331 2277 1409 2322 vere
1439 2257 1571 2322 contriti
1600 2257 1721 2324 fuerint
1747 2267 1780 2323 et
1800 2261 1952 2341 confessi,

310 2357 441 2422 veniam
464 2359 659 2424 auctoritate
683 2361 864 2448 apostoliea
886 2361 1043 2448 largiaris.

232 2493 256 2532 ¹⁵
415 2477 493 2546 Dat.
515 2477 678 2566 Lugduni,
702 2480 770 2546 ΧΠ
793 2480 867 2546 Kal.
891 2480 1094 2564 Decembris,
1116 2503 1202 2547 anno
1217 2482 1316 2546 V⁰·¹.

924 2779 1333 2792 Μ

1088 3043 1176 3118 471.

411 3147 629 3244 Innocentius
651 3180 707 3245 IV
725 3203 815 3262 popo
853 3201 922 3247 cnm
949 3179 1142 3266 W[ittctrno]
1177 3184 1253 3245 nato
1287 3179 1526 3268 [Margaritae]
1560 3183 1733 3247 mritissoc
1770 3181 1954 3247 Ftondrioc

307 3279 483 3360 dispensat,
511 3285 547 3344 nt
575 3281 610 3344 in
632 3283 832 3350 matrimonio
859 3305 928 3350 cnm
949 3283 1064 3348 Mario
1085 3283 1269 3368 [Berenice]
1289 3287 1368 3348 noto
1388 3283 1542 3368 [chrioi
1563 3285 1622 3370 ΙΙ]
1644 3285 1733 3350 dnae
1754 3285 1954 3351 chbuntioc

307 3386 471 3461 contracto,
493 3388 606 3464 quarto
627 3387 912 3470 consangninimtis
930 3387 1035 3471 modu
1056 3405 1120 3452 non
1142 3387 1289 3465 obstante,
1310 3407 1471 3453 rnncncro
1486 3389 1597 3470 possit.

1597 3493 1690 3570 1247,
1713 3492 1791 3558 Noc.
1813 3495 1866 3556 26.

229 3603 256 3642 oo
411 3589 474 3643 lnn.
487 3589 537 3644 IV
551 3589 614 3660 Rep.
629 3590 686 3646 Vol.
702 3592 727 3660 1,
741 3598 803 3656 489‚·
821 3593 880 3646 Iob.
899 3593 930 3660 V,
948 3600 1006 3648 406.
1042 3593 1125 3648 Hcrrc
1141 3592 1275 3661 epistotam
1287 3591 1331 3662 [1]
1350 3591 1378 3645 V.
1392 3590 1431 3645 ct.
1445 3590 1476 3647 0.
1488 3591 1519 3646 dc
1534 3591 1620 3647 Faue
1636 3609 1669 3648 mr
1683 3592 1802 3663 Repertis
1819 3593 1953 3662 deser-inuit

307 3680 332 3728 ct
349 3691 411 3728 cnm
435 3677 518 3730 abac
536 3675 581 3747 [2]
599 3677 719 3745 contulit
739 3695 807 3747 quoe
828 3679 860 3733 dc
877 3679 1045 3734 matrimonio
1063 3679 1185 3734 Wnunr·
1201 3695 1263 3734 cnm
1281 3677 1398 3732 Bactricc
1415 3677 1595 3733 cosdrottcndo
1609 3679 1715 3748 nnnc,
1729 3679 1765 3734 ud
1776 3680 1880 3735 cerbon
1892 3697 1953 3734 cnm

307 3760 355 3814 aa
372 3761 545 3831 correordoors,
563 3762 628 3816 rlrid.
645 3764 667 3829 f.
686 3771 742 3832 493,
760 3781 788 3818 n.
806 3771 856 3819 472
873 3765 975 3834 intur.

411 3848 512 3918 noyer
529 3855 599 3904 eece
616 3854 640 3904 n
658 3856 728 3906 3622.

344 4023 495 4100 Nobili
520 4027 617 4100 viro
644 4027 703 4101 W.
731 4033 836 4102 nato
863 4027 1019 4102 dilecte
1045 3981 1089 4101 in
1116 4027 1295 4102 Christo
1321 4028 1417 4104 filie
1444 4029 1607 4103 nobilis
1633 4029 1835 4104 mulieris
1863 4023 1918 4104 ..¹¹

231 4171 256 4212 n
898 4148 1119 4223 comitisse
1148 4147 1368 4224 flandrie.

412 4298 551 4364 Attente
574 4298 662 4364 sadis
685 4297 865 4385 apostolice
889 4297 1146 4384 circumspectio,
1169 4319 1309 4385 congrue
1331 4306 1514 4385 temporum
1536 4300 1624 4364 vices
1646 4318 1798 4385 pensans,
1818 4300 1950 4385 quibus-

309 4400 384 4466 dam
419 4403 581 4467 interdum
616 4403 783 4467 concedit⁰
815 4402 925 4487 aliqua
960 4423 1003 4467 ex
1037 4399 1238 4487 plenitudine
1272 4401 1463 4487 potestatis,
1498 4421 1561 4486 que
1594 4401 1676 4467 alias
1711 4403 1790 4488 ipsis
1821 4402 1951 4466 minime

309 4504 513 4591 indulgeret,
549 4513 583 4571 et
617 4506 755 4592 quedam
789 4504 963 4592 aliquando
1000 4504 1157 4592 denegat,
1193 4526 1255 4591 que
1289 4504 1362 4571 aliis
1395 4504 1506 4570 forsan
1538 4506 1741 4592 temporibus
1768 4505 1951 4590 largiretur,

312 4608 506 4695 dispensans
529 4617 687 4696 oportune
710 4611 803 4674 iuxta
824 4609 1057 4675 necessitatem
1080 4609 1234 4695 temporis
1258 4628 1389 4672 suarum
1417 4629 1554 4674 munera
1580 4609 1774 4695 gratiarum,
1802 4629 1888 4673 nunc
1912 4630 1953 4672 ea

232 4735 258 4774 oc
310 4710 554 4797 impendendo*
577 4713 730 4799 benigne,
752 4733 839 4777 nunc
864 4718 972 4777 autern
994 4711 1144 4797 inspecta
1165 4710 1337 4796 utrobique
1360 4710 1463 4796 ipsius
1486 4712 1643 4797 qualitate
1661 4712 1816 4797 temporis
1836 4711 1953 4776 merito

309 4813 518 4901 denegando,
546 4824 584 4881 nt
613 4817 646 4881 in
677 4816 754 4898 hiis,
782 4816 886 4903 quod⁸
915 4816 995 4881 utile
1024 4837 1062 4882 ao
1093 4815 1225 4881 salubre
1248 4815 1317 4880 fore
1343 4816 1561 4901 perspexerit,
1586 4835 1716 4902 semper
1738 4823 1825 4900 agat.
1870 4816 1952 4881 (burn

412 4973 538 4982 ———
716 4977 736 4982 -
1149 4973 1314 4980 ὴ-.-

413 5078 436 5140 ¹)
454 5081 512 5132 Dat
530 5087 559 5132 ut
576 5095 657 5148 supra
669 5079 701 5131 a.
788 5077 814 5143 ι4)
832 5083 860 5140 2,·
878 5116 905 5132 ..
923 5079 1016 5132 domnt
1033 5084 1055 5130 1.
1143 5076 1572 5143 ο)2,·40113341421ςοί.η.462.
1649 5073 1675 5140 ⁸¹)
1693 5079 1724 5139 2,·
1745 5076 1913 5143 impendenda
1931 5082 1952 5128 1.

309 5165 333 5230 ⁶)
349 5183 400 5234 que
417 5171 441 5218 2.

416 5286 441 5351 1)
461 5284 536 5338 Inter
560 5283 631 5339 banc
662 5300 700 5353 cp.
727 5291 752 5339 ot
776 5285 967 5339 macedonem
992 5284 1023 5337 in
1051 5277 1953 5352 ch.lcyronturdnocqoistolueoodcmdicdotac,obbcti1n0t

232 5383 258 5423 es
311 5369 406 5425 Sarni
423 5371 562 5424 Bernordi
580 5371 705 5439 directae,
723 5371 768 5426 cni
785 5369 943 5438 mandmnr,
965 5375 996 5424 nt
1013 5370 1044 5423 in
1062 5367 1209 5435 Inodr'cnsi,
1228 5365 1408 5422 cumomni
1425 5371 1448 5420 ct
1469 5365 1626 5419 trutanni
1642 5365 1788 5420 drutotrbns
1804 5371 1827 5420 ct
1849 5365 1953 5420 diocesi-

308 5456 358 5512 bns
381 5461 405 5526 1)
423 5457 610 5526 rodnnptionce
632 5457 837 5512 ctobrnntioncs
854 5462 972 5510 rutmnm
988 5456 1240 5524 mnccsiqnctornm,
1266 5453 1314 5522 qni
1340 5458 1400 5506 outa
1424 5451 1516 5518 eosqui
1541 5467 1599 5504 non
1621 5452 1739 5520 pnssint,
1764 5456 1792 5520 2)
1808 5451 1954 5506 incestorum

308 5544 428 5597 monium
457 5545 654 5613 pommnbnnm
684 5544 718 5598 cb
746 5543 857 5598 rodesir's
884 5549 909 5597 ct
935 5543 1055 5612 permis
1085 5539 1258 5596 manica
1285 5536 1427 5592 armeraci
1458 5537 1553 5590 Terror
1586 5537 1699 5591 δαπααι
1727 5537 1878 5605 motam
1903 5554 1953 5606 por

308 5629 455 5683 mans
476 5631 526 5684 orbi
547 5630 683 5698 micauri
709 5636 732 5685 ct
760 5631 791 5684 in
817 5631 871 5684 loco
897 5635 961 5698 apto
986 5628 1082 5698 deponi
1104 5626 1204 5693 facim
1229 5625 1324 5693 Bcrqcr
1340 5629 1404 5680 3431
1425 5627 1450 5678 ct
1472 5629 1550 5686 3432·
1571 5623 1603 5689 cs.
1621 5639 1707 5693 enpro
1732 5641 1760 5678 n.
1778 5629 1826 5679 232
1848 5629 1872 5678 ct
1893 5631 1952 5680 408.

309 5715 384 5790 Quare
400 5733 440 5790 cp.
458 5717 495 5771 od
512 5733 552 5774 ree
569 5717 611 5776 bio
627 5723 841 5774 oonncnnorotoe
857 5715 1008 5786 retorem
1025 5731 1078 5771 osec
1089 5717 1228 5786 monne.
