4784 6332
423 425 485 488 236
978 411 1026 468 EX
1044 409 1262 468 INNOCEN'I'II
1280 405 1319 462 tv
1337 407 1516 464 naalsuao

423 601 581 685 spectum,
604 592 646 658 ad
669 597 780 680 partes
802 589 992 670 Alamanie,
1016 589 1190 654 commisso
1215 585 1278 652 sibi
1301 586 1398 674 plane
1421 584 1598 670 legationis
1622 585 1746 666 officio,
1778 605 1837 672 pro
1861 585 2003 652 ecclesie
2035 606 2073 652 ac

424 701 552 789 imperii
573 699 706 784 negotio
729 696 947 776 destinemus,
970 694 1218 759 universitatem
1241 698 1385 757 vestram
1408 710 1560 776 rogamus
1584 695 1618 755 et
1640 690 1807 755 hortamur
1822 695 1958 772 attente,
1982 711 2074 755 man-

424 807 540 871 dantes
570 802 722 890 quatinus
750 800 910 865 ecclesias
939 805 1066 864 vestras
1097 817 1274 883 earumque
1304 796 1389 861 bona
1423 814 1480 880 pro
1519 793 1634 859 eodem
1672 794 1803 880 negotio
1843 793 2075 880 promovendo,

425 910 575 997 quotiens
600 928 620 972 a
641 905 768 992 prefato
792 903 950 969 cardinali
972 901 1119 989 requisiti
1141 901 1286 980 fueritis,
1309 899 1379 963 sine
1399 897 1592 964 difficultate
1617 898 1765 984 qualibet
1785 897 1950 984 obligetis.
1994 897 2075 964 Pre-

425 1013 568 1080 sentium
591 1012 681 1076 enim
703 1015 818 1075 tenore
846 1008 1083 1095 promittimus,
1113 1003 1199 1093 quod
1228 1025 1286 1070 vos
1315 1011 1349 1069 et
1379 1002 1513 1068 easdem
1541 1001 1699 1068 eeclesias
1728 1003 1858 1066 omnino
1880 1003 2075 1089 indempnes

427 1117 633 1184 servabimus
657 1115 689 1178 in
713 1114 774 1178 hac
798 1117 891 1199 parte
915 1132 954 1177 ac
977 1133 1042 1176 una
1065 1108 1311 1175 cumfratribus
1332 1107 1463 1188 nostris,
1487 1104 1640 1192 quiequid
1663 1126 1737 1170 eum
1753 1105 1902 1193 predicto
1919 1106 2078 1171 cardinali

426 1217 665 1308 disponendum
702 1237 762 1282 sen
793 1215 1007 1280 ordinandum
1035 1213 1215 1293 durentia,
1244 1211 1371 1276 firmum
1401 1209 1595 1275 habebimus
1624 1214 1659 1274 et
1687 1215 1875 1296 acceptum,
1905 1216 1939 1276 et
1965 1231 2026 1275 nos
2048 1209 2079 1275 ei

426 1321 637 1411 promittendi
661 1321 724 1387 hoe
747 1320 841 1386 vobis
864 1321 994 1406 plenam
1019 1316 1239 1384 concessimus
1263 1319 1471 1403 potestatem.

535 1443 611 1508 Dat.
634 1441 797 1526 Lugduni,
820 1439 885 1504 XV
909 1438 983 1506 Kal.
1006 1439 1142 1526 Aprilis,
1165 1458 1250 1502 anno
1273 1441 1399 1522 quarto.

536 1582 575 1646 In
599 1580 739 1647 eundem
768 1580 901 1646 modum
928 1578 1092 1644 nobilibus
1121 1576 1198 1641 viris
1226 1576 1387 1641 universis
1418 1573 1571 1656 ducibus,
1599 1575 1860 1658 marchionibus,
1893 1577 2077 1658 comitibus,

428 1687 605 1751 baronibus
628 1686 764 1770 aliisque
788 1683 949 1749 nobilibus
973 1703 1031 1769 per
1053 1681 1260 1746 Alamaniam
1285 1679 1471 1745 eonsfitutis
1494 1700 1614 1765 usqua:
1638 1679 1852 1762 destinemus,
1876 1681 2080 1747 nobilitatem

430 1795 573 1855 vestram
596 1809 749 1875 rogamus
777 1793 811 1854 et
838 1787 1006 1852 hortamur
1034 1791 1175 1864 attente,
1199 1783 1394 1849 mandantes
1423 1785 1576 1868 quatinus
1606 1784 1731 1871 ipsum,
1763 1785 1861 1850 immo
1889 1785 2082 1871 potiusnon

427 1895 462 1958 in
485 1914 543 1974 eo,
566 1892 685 1958 devote
710 1891 927 1978 suscipientes
951 1895 985 1955 et
1007 1888 1185 1954 honorifice
1209 1892 1466 1974 pertractantes,
1495 1886 1555 1952 sibi
1585 1908 1684 1975 super
1707 1888 1872 1972 omnibus,
1903 1910 1966 1976 que
1989 1889 2082 1954 vobis

429 2016 472 2060 ex
495 2003 588 2085 parte
611 2002 725 2061 nostra
748 1995 913 2074 retulerit,
942 1991 1085 2059 credatis
1115 1993 1251 2056 firmiter
1281 1999 1437 2076 tanquam
1467 1991 1572 2056 nobis.
1624 1991 1831 2058 Presentium
1856 1994 1942 2058 enirn
1967 2001 2082 2060 tenore

430 2101 666 2187 promittimus,
694 2099 781 2186 quod
810 2096 961 2185 quicquid
993 2117 1104 2162 secum
1141 2103 1207 2160 tam
1236 2115 1336 2182 super
1368 2096 1455 2180 regis
1486 2096 1672 2160 creatione¹
1702 2117 1798 2181 quam
1829 2097 1981 2163 omnibus
2011 2098 2082 2162 aliis

430 2206 618 2290 negotium*
640 2203 891 2291 respicientibus
921 2209 1136 2267 memoratum
1167 2197 1403 2285 disponendum
1434 2219 1493 2264 seu
1517 2197 1732 2263 ordinandum
1756 2199 1934 2281 duxeritis,
1956 2201 2084 2265 firmum

430 2329 496 2373 una
524 2329 597 2372 cum
624 2307 780 2372 iratribus
810 2307 931 2372 nostris
960 2304 1155 2370 habebimus
1180 2311 1213 2368 et
1236 2307 1423 2388 acceptum,
1451 2309 1485 2367 et
1512 2323 1571 2367 nos
1602 2303 1632 2367 ei
1663 2302 1871 2388 promittendi
1900 2304 1962 2369 hoc
1992 2305 2085 2369 vobis

431 2414 562 2499 plenam
586 2411 808 2477 concessimus
830 2415 1038 2496 potestatem.

541 2533 617 2598 Dat.
640 2531 804 2617 Lugduni,
826 2531 892 2596 XV
914 2530 988 2596 Kal.
1012 2529 1092 2616 Apr.
1116 2549 1201 2592 anno
1225 2527 1372 2613 quarab.

1121 2809 1417 2816 ----.....-—-——-
1426 2809 1466 2814 ..—

1221 3092 1307 3166 311.

543 3204 761 3300 Innocentius
776 3231 832 3300 IV
845 3253 934 3315 papan
957 3235 1159 3317 procuratori
1187 3233 1329 3299 eeclesiae
1351 3233 1498 3300 Astensis
1518 3231 1639 3312 scribit,
1663 3251 1695 3298 se
1716 3231 1832 3299 deuotis
1854 3231 1996 3298 ecciesiae
2016 3231 2092 3298 uci-

438 3344 538 3406 taturn
560 3343 590 3402 et
609 3338 774 3404 divensium
797 3339 991 3415 Albensium,
1015 3337 1197 3402 Astenss‘unt
1218 3343 1247 3402 ct
1265 3337 1510 3403 Tenerincnsiurn
1532 3338 1691 3402 emccedera
1705 3337 1896 3419 densitatem,
1919 3342 1954 3402 nt
1976 3340 2093 3417 carnin,

438 3466 518 3528 quac
540 3445 577 3508 dc
600 3443 689 3509 benis
705 3447 939 3527 persecutorum
961 3443 1104 3507 ecelesiae
1126 3444 1271 3526 ceperint,
1296 3442 1379 3508 licite
1394 3443 1528 3508 retinere
1543 3443 1679 3508 eniennt.
1726 3444 1819 3520 1247,
1835 3443 1937 3507 Mart.
1953 3447 2006 3512 27.

545 3563 609 3618 Inn.
626 3563 674 3618 IV
695 3563 758 3632 Ray.
776 3563 867 3631 Votl,
885 3569 947 3627 370,·
972 3562 1035 3616 Isib.
1054 3562 1075 3615 Ι
1078 3562 1108 3630 V,
1126 3569 1184 3616 491.

544 3653 640 3721 Beryae
657 3657 729 3706 2487.

813 3795 1204 3888 ..procuratori
1243 3795 1451 3870 ecclesie
1486 3793 1726 3870 Astensia

551 3945 770 4012 Obscuratum
794 3951 846 4011 est
866 3944 948 4012 adeo
964 3945 1124 4032 insipiens
1147 3966 1202 4011 cor
1218 3946 1393 4010 multorum
1418 3944 1458 4011 dc
1477 3944 1619 4010 Albensi
1642 3951 1675 4009 et
1688 3945 1823 4012 Astansi
1847 3969 1885 4013 ac
1901 3946 2096 4016 Taurinensi

444 4050 634 4116 civitatibus
659 4056 692 4116 et
714 4050 913 4132 dioeesibus,
937 4049 1021 4135 quod
1045 4050 1174 4116 abiecto
1198 4051 1314 4116 timore
1338 4049 1438 4114 divini
1460 4050 1601 4115 nominis
1624 4051 1719 4135 quasi
1743 4058 1858 4136 sponte
1874 4060 2013 4139 pereunt
2036 4054 2096 4119 snb

443 4155 580 4220 alterius
605 4154 746 4219 dominio
763 4154 961 4236 Pharaonis,
985 4153 1213 4241 persequendo
1237 4153 1278 4219 ad
1302 4155 1372 4218 eius
1395 4160 1510 4219 nutum
1534 4174 1601 4219 non
1624 4154 1726 4217 solum
1750 4154 1936 4221 libertatem
1959 4159 2097 4223 ecclesie

444 4257 502 4323 sad
534 4258 636 4345 ipsius
665 4257 837 4324 atterendo
865 4258 963 4338 filios,
998 4259 1132 4346 placere
1163 4258 1320 4323 virtutum
1350 4258 1491 4323 Domino
1520 4278 1580 4344 per
1610 4258 1757 4323 sineere⁰
1786 4257 1967 4325 devotionis
1998 4279 2098 4348 opera

444 4362 618 4428 studiosos.
663 4362 733 4428 Nos
757 4363 879 4448 itaque,
903 4383 1094 4428 concessam
1117 4362 1212 4428 nobis
1236 4360 1378 4450 desuper
1401 4369 1599 4448 potestatem
1623 4361 1779 4428 adversus
1802 4385 1962 4430 excessus
1984 4386 2096 4451 repro·

444 4465 559 4530 borum
582 4465 771 4532 huiusmodi
794 4466 842 4530 sic
865 4466 1008 4552 experiri
1030 4467 1198 4546 volentes,
1231 4473 1268 4531 ut
1296 4465 1356 4531 sibi
1385 4465 1426 4530 ad
1450 4465 1661 4552 ignominiam
1693 4465 1876 4532 redundare
1906 4470 2099 4556 percipiant,

445 4569 532 4656 quod
556 4570 730 4636 ecclesiam
753 4570 818 4636 Dei
833 4570 1086 4657 dampnabiliter
1108 4572 1261 4658 persequi
1286 4592 1348 4635 non
1372 4569 1558 4652 formidant,
1582 4570 1733 4636 omnibus
1757 4571 1916 4638 dictarum
1933 4575 2099 4642 civitatum

448 4681 481 4738 et
496 4672 664 4739 dioccsum
682 4675 714 4739 in
732 4673 879 4739 eiusdem
896 4674 1036 4740 ecclesie
1053 4674 1227 4740 devotione
1240 4673 1450 4740 manentibus
1466 4673 1672 4739 concedimus
1685 4676 1881 4742 auctoritate
1897 4677 2100 4762 presentium

446 4777 647 4858 facultatem,
671 4785 707 4842 nt
730 4778 850 4858 omnia,
874 4798 937 4863 que
960 4777 1002 4844 de
1026 4779 1117 4843 bonis
1133 4785 1382 4865 persecutorum
1398 4778 1543 4864 ipsorum
1558 4777 1738 4864 ceperintd,
1761 4778 1850 4844 licite
1866 4780 1899 4844 in
1922 4801 2000 4846 usus
2026 4801 2101 4845 snos

446 4887 613 4968 tamquam
635 4881 723 4947 bona
745 4882 874 4967 propria
897 4882 931 4946 in
953 4889 1147 4968 perpetuum
1171 4882 1302 4948 valeant
1324 4882 1481 4962 retinere,
1504 4884 1551 4946 ita
1573 4882 1661 4968 quod
1683 4903 1782 4969 super
1805 4883 1867 4948 hiis
1891 4905 1950 4971 per
1973 4885 2099 4950 litteras

448 4987 648 5073 apostolicas
672 4985 838 5051 conveniri
860 5007 924 5051 non
947 4986 1083 5073 possint,
1107 4986 1170 5050 nisi
1192 4985 1233 5052 de
1257 4987 1466 5052 concessione
1488 4987 1671 5052 huiuamodi
1694 4987 1825 5073 plenam
1847 4987 1987 5053 fecerint
2008 5009 2100 5053 rnen-

448 5091 583 5156 tionem.
627 5089 717 5154 Nulli
742 5111 882 5175 argo-
909 5094 1020 5155 nostra
1044 5091 1267 5155 concessionis
1291 5097 1355 5157 etc.

554 5211 630 5277 Dat.
653 5211 816 5298 Lugduni,
839 5211 888 5275 VI
911 5209 987 5276 Kal.
1010 5211 1145 5298 Aprilis,
1171 5209 1269 5298 [anno
1294 5209 1354 5300 IV]
1363 5223 1385 5278 ⁰.

1862 5371 1996 5378 -ψ-

553 5475 577 5535 ⁸)
597 5476 705 5542 negotiis
724 5473 772 5539 B.,
793 5475 837 5540 qui
861 5471 966 5542 [regem]
991 5492 1021 5527 cn
1044 5475 1189 5526 coniectura
1212 5473 1321 5525 eddidit.
1431 5471 1456 5538 ¹³)
1474 5491 1542 5525 anno
1564 5481 1654 5540 quarto
1679 5474 1748 5525 decet
1765 5473 1797 5524 B.
1909 5473 1932 5538 ⁰)
1951 5476 2051 5526 sincera
2070 5473 2101 5525 B.

450 5560 475 5628 a)
494 5571 619 5630 ceperunt
636 5562 668 5613 B.
775 5563 798 5626 ⁰)
819 5564 875 5613 Dat.
894 5571 1019 5629 utsupra
1037 5562 1070 5613 R.
1106 5562 1141 5613 In
1158 5579 1197 5628 ep,
1210 5561 1381 5628 praecedentia
1400 5577 1485 5612 narnate
1503 5562 1579 5612 deest.

556 5715 581 5778 l)
602 5713 642 5779 Cf.
657 5729 686 5780 p.
698 5719 754 5780 226,
772 5718 826 5766 not.
847 5723 860 5767 1
877 5719 899 5767 et
918 5713 1145 5782 amma-mma,
1165 5715 1180 5769 l.
1200 5731 1220 5768 c.
1240 5721 1331 5770 escae.

2153 4902 2178 4940 {lb

2156 5577 2182 5613 lu
