4328 6232
695 345 894 403 urisvousn
911 346 1103 405 SELECTAE.
1138 349 1214 404 1244.

925 649 986 723 64.

232 743 451 837 Irenocentins
466 771 521 836 IV
535 793 626 856 papa
648 772 754 836 abbati
775 772 986 838 Etcrboceusi
1008 777 1039 837 et
1054 772 1235 857 praeposito
1251 773 1364 838 Sancti
1379 773 1553 854 Aupustini
1576 776 1610 838 iu
1625 776 1783 862 Erfordia

119 875 274 953 mundet,
303 880 338 939 ut
365 876 403 940 de
429 876 581 958 mopislro
602 875 777 961 H[enrico]
802 876 839 940 de
864 876 1015 954 θαέαηὶα,
1045 878 1102 958 qui
1127 877 1411 941 excommunicatos
1439 877 1483 941 ed
1503 879 1662 943 ecclesiam
1683 880 1783 944 Boin-

118 978 303 1059 beryensem
324 979 438 1043 electus
458 982 489 1042 et
504 977 669 1062 professus
689 983 718 1043 et
738 981 909 1045 omnoctos
931 980 1043 1045 Sancti
1064 980 1228 1044 Burcordi
1249 980 1285 1042 in
1305 977 1471 1059 Herbipoli
1491 979 1591 1059 sauss
1611 986 1782 1060 asseretur,

109 1079 234 1165 foetus
254 1081 368 1146 exinde
389 1082 497 1146 inultis
519 1083 555 1146 in
576 1083 771 1161 scandatum,
794 1085 955 1148 veritate-m
976 1085 1152 1165 inquirant.
1440 1085 1534 1160 1244,
1556 1084 1640 1149 Mai.
1663 1087 1694 1151 2.

20 1213 32 1250 a
231 1200 293 1254 Ino.
311 1201 360 1255 IV
374 1200 825 1271 ch.Vot.1,1or;1te.1‚cso.
859 1203 958 1258 Pertsii
982 1205 1114 1272 secuuntur
1136 1202 1296 1256 contulum
1317 1218 1378 1257 curn
1397 1203 1507 1257 Baluzii
1529 1204 1607 1257 Mioc.
1626 1203 1664 1258 ed.
1686 1205 1783 1259 Manui

112 1293 145 1342 t·
160 1287 215 1356 m,
228 1295 363 1442 'dotabat
383 1374 450 1445 Rep.
463 1382 554 1442 11362‚·
571 1376 670 1446 Berpcr
681 1386 734 1432 661.

149 1626 185 1645 ..
212 1570 376 1645 abbati
402 1570 773 1647 Elierbaceusi·¹
801 1573 1144 1647 cisterciensis
1171 1573 1352 1647 ordinis
1380 1578 1425 1647 et
1453 1627 1491 1647 ..
1520 1571 1769 1664 preposito

257 1691 419 1766 Sancti
445 1691 701 1786 Augustini
727 1695 773 1767 in
800 1687 1104 1768 Hectordia⁶²
1129 1694 1403 1787 Magoniine
1430 1693 1651 1767 diocesis.

23 1854 50 1891 ¹⁰
237 1839 407 1906 Succensa
434 1841 525 1906 velut
555 1842 639 1927 ignis
663 1849 727 1907 etc.
753 1849 791 1907 ut
819 1863 919 1929 supro
946 1843 978 1907 in
1001 1840 1233 1907 DOXXVIIII
1255 1842 1383 1906 littera⁰
1410 1862 1527 1928 usque:
1567 1840 1780 1907 occurrendo.

123 1941 255 2007 Ilorum
288 1943 449 2028 siquidem
478 1945 652 2010 rebellium
683 1966 833 2021 numero,
873 1945 958 2009 sicut
989 1946 1082 2010 uobis
1112 1945 1223 2009 extitit
1249 1946 1449 2026 intimatum,
1481 1952 1594 2032 potest
1623 1945 1783 2029 magister

122 2044 170 2109 Η.
193 2046 234 2111 de
259 2045 413 2128 Catonia,
448 2049 503 2133 qui
532 2050 675 2114 ecclesie
703 2048 1002 2132 Bambebergensis
1033 2049 1157 2112 clectus
1188 2047 1316 2128 dicitur,
1352 2048 1558 2134 aggregari³‚
1593 2048 1648 2132 qui
1681 2049 1781 2111 etiam

123 2150 308 2234 apostolice
338 2151 425 2217 sedis
457 2151 806 2217 excommunicationis
838 2151 1003 2215 sententia
1031 2150 1207 2216 innodatus
1235 2151 1277 2215 ad
1306 2151 1425 2216 dictam
1452 2152 1624 2216 ecclesiam
1655 2152 1780 2215 electus

124 2254 296 2335 asseritur,
326 2254 477 2341 quodque
501 2255 671 2342 professus
695 2262 728 2319 et
751 2253 930 2318 monachus
956 2252 1066 2318 Sancti
1089 2254 1253 2320 Buccardi
1277 2255 1311 2319 in
1333 2254 1511 2341 Herbipoli
1534 2254 1646 2333 fuerit,
1675 2254 1780 2317 factus

126 2356 247 2422 exinde
271 2358 381 2422 multis
404 2359 436 2423 in
461 2359 650 2424 scandalum
674 2366 709 2425 et
731 2358 908 2423 horrorem.
946 2356 997 2421 Ne
1021 2357 1129 2443 igitur,
1154 2358 1182 2422 si
1204 2365 1272 2423 tam
1296 2359 1438 2423 enormis
1460 2357 1628 2422 temeritas
1651 2377 1780 2421 reman-

127 2462 204 2526 serit
220 2462 391 2549 impunita,
416 2463 587 2528 materiam
612 2463 843 2528 enormitatum
868 2463 973 2548 pariet
996 2462 1192 2546 graviorem,
1215 2462 1418 2541 mandamus,
1442 2462 1595 2548 quatinus
1619 2460 1780 2525 habentos

127 2585 184 2649 pre
214 2566 320 2630 oculis
349 2567 455 2630 solum
479 2565 603 2647 Deum,
632 2566 801 2652 inquiratis
831 2587 930 2652 super
959 2565 1019 2629 hiis
1049 2571 1083 2630 et
1111 2565 1184 2631 aliis
1209 2565 1347 2631 sollicite
1371 2565 1557 2645 veritatem,
1588 2570 1706 2650 etque
1731 2564 1780 2627 in·

129 2667 282 2732 veneritis
312 2668 407 2735 nobis
435 2671 552 2735 vestris
582 2670 700 2736 litteris
730 2670 889 2735 studeatis
920 2668 1061 2734 fideliter
1083 2670 1251 2751 intimare,
1280 2675 1317 2733 ut
1339 2690 1398 2755 per
1420 2675 1563 2734 vestram
1589 2668 1781 2732 relationem

132 2768 331 2837 sufficienter
345 2773 497 2839 instructi
511 2773 729 2859 procedamus
746 2772 878 2853 exinde,
901 2779 999 2858 prout
1016 2772 1196 2838 secundum
1209 2771 1318 2838 Deum
1334 2772 1509 2838 viderimus
1525 2770 1779 2857 procedendum.

72 2909 90 2947 n
233 2890 309 2956 Dat
333 2890 487 2959 Lateran.
505 2893 554 2959 VI
575 2894 659 2961 Non.
683 2895 772 2976 Maii,
795 2915 880 2960 anuo
902 2894 1017 2980 primo.

744 3156 1156 3166 -ι-----ι

230 3493 449 3588 Innocentiam
467 3523 492 3588 Ι
494 3523 525 3590 V
536 3545 626 3609 papo
640 3524 817 3610 [Stpefrido
832 3524 913 3609 111]
934 3523 1163 3605 archiepiscopo
1177 3522 1379 3606 dispositius,
1402 3541 1472 3588 eum
1480 3541 1543 3606 pre
1561 3521 1643 3586 sedis
1659 3523 1779 3601 aposto

138 3621 204 3688 lieoe
225 3626 357 3708 nepotiis
376 3627 490 3710 provio
512 3648 609 3692 onera
631 3648 841 3709 expensarum
863 3628 1006 3706 subierit,
1038 3627 1191 3710 indulpet
1216 3631 1253 3690 ut
1274 3626 1418 3708 uiciniam
1441 3626 1579 3690 omnium
1601 3623 1779 3689 reddituum

137 3727 400 3794 edendiwrum
419 3733 500 3796 anni
516 3732 660 3813 proximi
673 3730 778 3811 futuri
793 3734 908 3797 istola
918 3732 1087 3813 pnooineio
1101 3750 1169 3809 sue,
1193 3730 1339 3812 Spirensi
1353 3730 1467 3795 diocesi
1481 3733 1616 3810 eccepto,
1638 3728 1779 3809 collique

138 3831 238 3897 miset.
1443 3836 1537 3909 1244,
1560 3831 1644 3897 Mai.
1662 3833 1690 3894 5.

84 3942 101 3982 s
230 3936 434 4006 servus.
453 3937 547 4006 vul,
566 3937 816 4007 101;Lib.1‚653.

228 4022 392 4091 matti.

571 4190 611 4210 ..
639 4135 997 4227 archiepiscopo
1024 4126 1332 4227 Maguutinod.

232 4281 353 4369 Dignis
377 4282 410 4348 in
429 4282 570 4349 Domino
593 4283 745 4349 laudibus
768 4284 976 4370 prudentiam
999 4290 1089 4349 tuom
1114 4284 1290 4363 efferimus,
1319 4281 1404 4366 quod
1428 4282 1512 4345 sicut
1534 4287 1629 4345 vetus
1652 4285 1778 4343 amator

135 4381 256 4450 honoris
284 4386 424 4453 ecclesie
451 4393 485 4452 te
511 4386 553 4451 ad
584 4389 693 4452 omnia
720 4387 902 4453 exhibuisti
932 4393 1081 4474 paratum
1106 4393 1139 4452 et
1160 4386 1308 4466 facilem,
1340 4384 1468 4470 adque
1492 4384 1611 4447 novisti
1636 4383 1776 4447 ecclesie

80 4492 99 4531 ⁸⁰
135 4484 275 4553 Romane
299 4490 412 4554 matris
433 4496 490 4557 tue
506 4490 602 4575 dirigi
617 4491 833 4563 voluntatem
857 4491 943 4576 quod
960 4497 1051 4555 tauto
1068 4490 1223 4554 libentius
1241 4488 1349 4552 verbis
1366 4494 1399 4553 et
1416 4488 1577 4572 scriptura
1593 4485 1777 4564 recolimus,

133 4598 247 4674 quanto
277 4593 311 4656 in
335 4592 498 4678 condigno
520 4595 734 4659 retributione
759 4595 928 4659 sollicitius
953 4586 1145 4678 cogitamus.
1192 4591 1279 4657 Sane
1304 4611 1459 4676 cumpro
1483 4589 1664 4675 apostolice
1688 4587 1776 4652 sedis

133 4696 267 4781 negotiis
290 4702 323 4761 te
347 4697 449 4760 multo
473 4697 577 4762 labori
596 4697 788 4776 subdideris,
813 4719 873 4762 neo
889 4719 1029 4783 persone
1045 4698 1222 4762 discrimen
1238 4695 1314 4760 fidei
1330 4715 1507 4759 succensus
1523 4693 1595 4758 zelo
1613 4693 1776 4772 vitaveris,

133 4818 165 4862 uc
194 4798 334 4863 subieris
362 4799 477 4884 gravia
507 4806 539 4864 et
569 4801 689 4885 iugiter
718 4801 829 4865 subire
861 4803 988 4886 cogaris
1012 4822 1114 4866 onera
1137 4819 1372 4885 expensarum,
1404 4798 1552 4863 volentes
1576 4796 1617 4860 ad
1641 4818 1777 4882 presens

133 4901 261 4967 obcuius
290 4902 515 4968 subventionis
543 4903 688 4969 remedio
717 4909 838 4968 statum
867 4911 973 4984 tuum,
1005 4905 1060 4990 qui
1087 4910 1235 4989 sumptus
1258 4904 1446 4968 innumeros
1470 4901 1586 4986 exigit,
1618 4900 1776 4977 relevare,

78 5017 95 5057 ³³
133 5010 164 5069 ut
190 5005 338 5092 quintam
367 5006 512 5071 omnium
541 5007 838 5072 ecclesiasticorum
867 5008 1053 5074 reddituum
1077 5008 1154 5073 anui
1177 5007 1319 5093 proximi
1340 5006 1441 5070 futuri
1462 5006 1497 5070 in
1519 5011 1588 5069 tota
1609 5003 1778 5089 provincia

228 5265 355 5332 ⁸)u013.
442 5263 468 5332 b)
486 5266 519 5319 B.
536 5266 640 5331 Messe&
656 5268 796 5321 Hertordia
806 5267 838 5320 P.
925 5267 949 5333 0)
966 5287 991 5320 u.
1006 5273 1049 5320 64.
1137 5265 1162 5333 ⁶)
1181 5268 1269 5320 Eidem
1282 5266 1329 5329 u.;
1347 5262 1382 5332 cs.
1397 5269 1479 5332 pst,
1495 5274 1579 5318 note.

228 5403 254 5466 l)
274 5400 417 5456 Etutam
433 5417 466 5457 α
481 5408 543 5472 sept.
561 5408 585 5458 et
600 5419 650 5458 uec.
663 5404 831 5473 Moossntioc.
861 5403 960 5458 Eiden
978 5403 1068 5457 abbati
1079 5403 1145 5471 Apr.
1158 5409 1190 5456 26
1206 5400 1387 5468 mndacwot,
1405 5405 1436 5453 ut
1452 5400 1646 5470 ardtiepiaeepo
1659 5403 1776 5472 Mopsion·

132 5486 191 5555 tirio,
206 5488 331 5557 qadim
342 5488 377 5544 ob
387 5504 417 5544 eo
426 5490 570 5559 siquidm
580 5490 670 5560 weit,
688 5505 790 5546 meses
800 5491 976 5546 mactationis
987 5490 1024 5544 ad
1034 5490 1165 5544 eandm
1175 5487 1322 5558 ἰηιρωιάαη
1340 5488 1437 5557 Bcrpcr
1447 5492 1505 5542 628.
1555 5488 1584 5555 2)
1597 5487 1621 5541 I.
1633 5503 1653 5540 e
1667 5488 1776 5556 Ersart,

133 5572 173 5626 nn
187 5571 380 5629 moderin
393 5576 642 5647 maiduwmi
656 5578 754 5641 reddit,-
770 5579 891 5645 Hcrford
906 5578 1042 5633 icadioecd
1055 5576 1271 5631 Passennus
1281 5573 1432 5641 missen
1496 5574 1523 5641 3)
1537 5573 1777 5642 Imperatocicnim

74 5664 95 5709 ο
132 5659 241 5737 [κῶαῑ
257 5663 294 5729 es.
308 5660 544 5735 uum-nus,
560 5664 610 5720 tc
620 5670 804 5738 aceo-asor,
821 5672 895 5736 acu,
912 5671 1091 5722 serr-csso.
