4784 6334
843 428 1045 491 eelstotse
1063 431 1255 494 SELEC'I'AE.
1292 434 1368 492 1248.

1066 739 1151 812 557.

385 849 603 943 Innocentius
629 877 685 942 IV
699 899 788 958 popo
817 879 966 960 mouistro
992 877 1138 963 Rodnlfo
1167 880 1280 943 rectori
1312 880 1456 945 ecclesiae
1489 879 1526 944 de
1554 879 1735 965 Rinoinyin
1764 881 1809 946 oct
1829 899 1939 962 preces

281 981 448 1065 Hlnoonis
467 980 539 1065 IV]
560 982 679 1046 comilis
699 982 841 1062 palatini
863 983 899 1046 dc
925 982 1085 1064 Tutinqin
1106 982 1255 1065 indnlyct,
1278 987 1314 1046 nt
1335 982 1510 1064 etproeter
1531 985 1676 1049 ecclesias
1698 984 1735 1048 de
1757 983 1937 1067 Rinoinyin

281 1084 369 1148 etde
389 1083 582 1166 Loictinoin
603 1085 731 1148 unico-m
753 1085 844 1150 alind
865 1086 1053 1166 beneficium,
1075 1086 1105 1149 si
1128 1087 1191 1166 ipsi
1213 1087 1359 1150 cononice
1381 1086 1542 1165 offeratur,
1564 1088 1699 1151 retinere
1720 1087 1821 1151 licoat.

1579 1188 1849 1265 1248,Mat.13.

216 1323 228 1360 a
386 1307 449 1446 {Zea
463 1306 511 1360 IV
526 1307 590 1376 Boo.
609 1307 665 1362 Vol.
678 1308 703 1376 I,
717 1315 781 1376 otiu
799 1308 858 1363 Lo.
879 1309 910 1376 V,
924 1315 981 1364 860.
1018 1309 1172 1377 Epistolum
1189 1325 1221 1362 aa
1241 1309 1359 1378 Royeatis
1376 1309 1511 1380 dunipstt
1531 1311 1560 1365 V.
1575 1311 1615 1364 Gt.
1630 1309 1661 1365 0.
1680 1310 1712 1364 dc
1725 1308 1821 1366 Fano.

426 1409 485 1462 ruer
496 1400 574 1448 3908.

484 1574 696 1667 Magistro
723 1574 923 1649 Radulfo
952 1574 1124 1650 rectori
1153 1576 1342 1649 ecclesie
1370 1578 1423 1650 de
1452 1569 1735 1669 Ringuigib⁸¹

807 1696 1174 1771 Constantiensis
1199 1696 1411 1770 diocesis

390 1845 444 1910 Ad
459 1845 644 1911 faciendam
659 1846 717 1910 tibi
734 1846 874 1932 gratiam
889 1847 1065 1932 specialem
1082 1852 1137 1910 tue
1154 1846 1328 1933 probitatis
1346 1847 1484 1926 meritis,
1508 1867 1606 1932 super
1627 1846 1746 1933 quibus
1770 1846 1937 1913 laudabile

204 1973 230 2012 ιο
283 1950 506 2015 testimonium
540 1949 741 2035 perhibetur,
778 1957 810 2014 et
842 1949 994 2036 precibus
1029 1950 1140 2016 dilecti
1174 1951 1233 2015 filii
1262 1951 1382 2014 nobilis
1410 1952 1471 2014 viri
1498 1949 1542 2018 H.
1572 1951 1699 2015 comitis
1728 1951 1866 2036 palatini
1896 1950 1937 2015 de

284 2053 443 2138 ΟἰιιςὶιιΜ
466 2052 561 2117 nobis
585 2059 618 2118 et
641 2053 780 2118 ecclesie
803 2053 950 2121 Romane
975 2054 1087 2120 devoti
1108 2076 1168 2142 pro
1192 2061 1225 2120 te
1255 2055 1350 2119 nobis
1379 2055 1596 2142 supplicantis
1625 2054 1764 2132 inducti,
1794 2055 1937 2119 auctori-

282 2165 350 2222 tate
372 2158 432 2222 tibi
460 2159 663 2243 presentium
691 2158 914 2243 indulgemus,
947 2165 984 2223 ut
1006 2163 1116 2244 preter
1139 2159 1180 2224 de
1204 2159 1384 2244 Ringuigin
1408 2165 1442 2224 et
1463 2158 1504 2223 de
1527 2157 1745 2242 Laiohingin³
1767 2159 1936 2236 eeclesias,

283 2281 363 2346 quas
390 2282 501 2326 curam
529 2262 710 2326 animorum
737 2262 897 2327 habentes
924 2268 957 2328 te
986 2264 1142 2349 proponis
1171 2264 1328 2328 canonice
1359 2270 1564 2342 assecutum,
1594 2262 1693 2327 liceat
1720 2261 1780 2325 tibi
1806 2262 1937 2326 unicum

282 2365 492 2446 beneficium,
524 2367 622 2430 etiam
650 2367 678 2430 si
707 2366 846 2431 similem
876 2388 986 2431 euram
1014 2367 1151 2447 habeat,
1187 2369 1214 2431 si
1241 2367 1301 2432 tibi
1330 2367 1486 2432 canonice
1516 2367 1686 2444 offeratur,
1722 2365 1869 2451 recipere
1900 2385 1938 2428 aa

204 2492 229 2530 n
282 2490 423 2534 unacum
447 2468 571 2534 eisdem
594 2470 743 2534 ecclesiis
766 2470 870 2534 libere
901 2473 1044 2536 retinere
1069 2509 1110 2520 -
1135 2472 1365 2536 constitutione
1396 2471 1558 2556 generalis
1589 2469 1718 2535 concilii
1747 2489 1848 2554 super
1875 2469 1937 2533 hoo

284 2572 371 2638 edita
404 2593 468 2636 non
502 2573 654 2638 obstante
678 2613 734 2652 —,
768 2575 814 2638 ita
848 2580 959 2640 tamen
993 2576 1080 2660 quod
1116 2574 1231 2640 eedem
1264 2576 1404 2640 ecclesie
1435 2580 1468 2639 et
1497 2573 1693 2638 beneficium
1722 2579 1785 2636 eto.
1816 2593 1937 2657 usque:

283 2676 480 2761 negligatur.
524 2676 614 2741 Nulli
638 2684 701 2743 etc.
725 2683 834 2742 nostre
858 2679 1081 2744 concessionis
1106 2685 1169 2744 etc.

386 2796 462 2864 Dat.
483 2796 646 2882 Lugduni,
669 2796 722 2862 III
744 2798 823 2863 Idus
847 2798 937 2880 Maii,
961 2819 1047 2862 anno
1063 2795 1120 2863 V0.

903 3059 1315 3068 -—-—--—---—-——————

1065 3301 1152 3377 558.

385 3418 604 3512 Innocentius
626 3443 682 3508 IV
695 3463 786 3524 popo
808 3441 1029 3527 [Oonrodonr]
1050 3442 1191 3508 abbatem
1213 3441 1403 3523 Anqionscm
1426 3440 1549 3518 tondat,
1581 3439 1664 3521 qnod
1689 3460 1758 3504 cum
1787 3439 1936 3546 hactenns

203 3577 229 3616 oo
280 3551 364 3615 circo
384 3550 539 3633 neootinnr
554 3548 697 3612 ocensioe
711 3548 869 3630 neotioens
884 3547 970 3610 visos
980 3545 1094 3630 fuerit,
1117 3565 1218 3625 nuper
1233 3545 1276 3612 H.
1293 3545 1330 3608 dc
1347 3544 1470 3626 Kttnry
1486 3549 1515 3608 et
1528 3545 1605 3609 otiis
1619 3544 1780 3608 comitibus
1794 3544 1937 3608 ecolesma

280 3653 397 3718 deuotis
418 3656 528 3717 contro
547 3649 764 3734 C[onrodnm]
786 3653 897 3713 notnm
912 3648 1109 3733 mederici]
1130 3648 1288 3730 qnondam
1310 3648 1510 3729 imperatorie
1531 3648 1567 3710 in
1585 3667 1697 3730 pnyno
1719 3647 1766 3711 ito
1787 3646 1934 3726 ostiterit,

279 3762 314 3820 nt
335 3756 390 3821 itte
412 3760 531 3838 torynm
553 3757 675 3818 veruna
696 3753 763 3834 fore
786 3757 896 3834 coptus
914 3751 1028 3838 fuerit,
1052 3773 1181 3834 eumque
1204 3751 1240 3815 in
1261 3753 1401 3835 yrotiom
1423 3751 1625 3834 apostoticam
1647 3750 1794 3816 admittit.

1577 3857 1671 3933 1248,
1695 3854 1779 3918 Mat.
1797 3855 1847 3918 15.

383 3979 446 4033 Inn.
460 3978 509 4032 IV
524 3977 587 4046 neq.
605 3977 661 4032 Vol.
675 3978 701 4046 I,
717 3985 783 4044 544,
801 3975 860 4031 Ine.
878 3976 979 4044 V,968.
1017 3975 1119 4030 Pontii
1137 3975 1270 4043 coemptor
1287 3974 1449 4028 contutimus
1466 3989 1526 4027 cum
1545 3973 1637 4044 Royn.
1650 3973 1725 4027 Ann.
1745 3973 1803 4027 eccl.
1823 3980 1936 4040 111218,

203 4085 228 4125 as
281 4070 349 4134 916,
367 4071 391 4119 ct
407 4081 468 4119 eum
486 4065 576 4130 Mon,
596 4063 723 4132 Anteioer
739 4079 765 4118 a.
779 4069 850 4130 1838,
865 4079 894 4130 p.
908 4068 963 4130 331,
988 4063 1035 4130 qni
1052 4063 1183 4130 minolon
1200 4061 1256 4115 cod.
1273 4060 1355 4114 Votic.
1371 4065 1440 4128 7183,
1463 4059 1536 4128 cuod
1552 4075 1585 4113 ac
1604 4059 1667 4128 Ray.
1686 4074 1809 4112 manaan
1825 4058 1935 4128 videtin,

277 4152 430 4222 proposcit·
446 4151 479 4218 ct.
493 4168 523 4220 p.
535 4157 592 4219 389,
610 4157 665 4206 not.
679 4159 704 4204 4.
741 4149 812 4204 Edd.
830 4149 905 4204 coldo
920 4149 1057 4204 mendosae
1073 4155 1146 4204 sunt.

384 4237 512 4305 Panno,
533 4237 706 4305 1119121118·
724 4237 822 4305 Boron·
837 4242 913 4291 4015.

455 4416 617 4491 Abbati
635 4415 862 4508 Augensis
884 4413 1148 4487 monasterii
1172 4411 1347 4484 ordinis
1367 4410 1510 4486 sancti
1530 4409 1762 4482 Benedicti

437 4539 490 4611 ad
536 4537 789 4612 Romanam
834 4535 1077 4610 ecclesiam
1119 4534 1253 4606 nullo
1299 4532 1451 4606 medio
1491 4529 1780 4622 pertinentis

787 4655 1158 4730 Constantiensis
1184 4649 1432 4727 diocesis⁰⁴.

388 4806 597 4874 Venerabilis
630 4808 740 4873 fratris
780 4809 883 4872 nostri
913 4859 951 4874 ..
985 4805 1246 4871 constantiensis
1285 4802 1455 4889 epiecopi⁵
1489 4806 1522 4866 et
1561 4800 1755 4866 dilectorum
1796 4801 1936 4865 illiorum

281 4911 438 4977 nobilium
467 4913 608 4978 virorum
637 4910 863 4999 Hlartmanni]
894 4911 935 4977 de
965 4910 1155 4997 Kyburoh⁶‚
1187 4904 1372 4995 L[udovioi]
1402 4904 1443 4970 de
1466 4904 1646 4984 Froburol,
1675 4901 1863 4990 G[oteiridi]
1894 4902 1936 4968 de

385 5173 410 5240 ¹)
429 5175 476 5240 leq.
494 5174 644 5242 Ringingin.
760 5172 786 5240 b)
805 5174 899 5241 Gingin
917 5172 964 5234 Β.)
985 5173 1083 5238 'Fulgin
1104 5172 1121 5223 i.
1139 5188 1160 5222 e.
1178 5171 1312 5239 Tubingin
1331 5169 1465 5238 tenendum
1481 5175 1525 5220 eat.
1642 5164 1666 5232 ⁰)
1684 5167 1773 5218 Eidem
1791 5165 1840 5230 R.,·
1864 5173 1934 5216 αηιο-

281 5261 348 5312 cedit
364 5278 390 5312 n.
409 5265 464 5314 660.

202 5395 228 5434 as
386 5379 411 5446 1)
431 5378 588 5448 Rinoinqen
610 5377 641 5432 in
663 5377 794 5432 otnant.
810 5377 840 5432 0.
853 5378 888 5432 A.
901 5375 1080 5430 Blonbcnren.
1177 5373 1265 5441 2)(1).
1283 5379 1380 5428 n.343.
1477 5369 1504 5436 3)
1523 5369 1571 5422 En·
1593 5373 1654 5436 sert.
1678 5373 1704 5421 n
1720 5383 1769 5422 occ.
1787 5368 1835 5423 oin
1849 5367 1936 5421 Blon·

280 5465 384 5520 bonnm
480 5467 508 5530 4)
527 5465 571 5521 Dc
592 5466 639 5520 noc
658 5466 691 5532 cs.
709 5483 736 5520 n.
750 5472 807 5521 366.
843 5464 898 5519 ooo
920 5482 945 5518 a.
965 5471 1037 5533 1247,
1056 5461 1123 5531 Sept.
1139 5467 1172 5516 28
1191 5460 1270 5514 Petro
1294 5457 1427 5513 cardinali
1449 5458 1531 5525 hyatu
1553 5453 1742 5521 naondooerot,
1767 5458 1800 5507 nt
1823 5453 1848 5506 si
1870 5452 1938 5507 idon

279 5551 386 5605 inutilis
403 5556 425 5606 et
442 5553 568 5606 temnens
584 5553 747 5606 incnniretnr
764 5567 874 5620 enmqice
891 5570 909 5605 o
926 5551 1050 5620 cuimine
1066 5549 1219 5603 memneris·
1236 5545 1353 5602 amoveri
1368 5545 1534 5612 ooretinoerct,
1552 5539 1740 5594 communiant
1750 5539 1840 5608 iponem
1851 5539 1939 5592 obtimi

282 5637 379 5692 Sancti
398 5637 472 5693 Galli
489 5639 665 5708 spiritualiter
681 5645 704 5693 et
728 5639 904 5707 tnnporotiter
925 5637 1028 5692 tandin
1047 5633 1253 5705 ynbernmodnn
1275 5633 1452 5699 committeret,
1477 5629 1558 5683 donoc
1574 5626 1605 5680 dc
1622 5641 1650 5679 eo
1667 5625 1701 5680 ob
1719 5626 1863 5694 apostolico
1880 5625 1939 5680 sede

280 5724 359 5779 otiter
372 5725 510 5794 proruunt
527 5731 602 5792 esset·
620 5729 803 5796 1181183273.
890 5725 917 5794 5)
939 5723 979 5792 Of.
997 5739 1025 5778 n.
1040 5729 1095 5777 521.
1182 5723 1210 5791 6)
1231 5719 1268 5788 Gt
1282 5736 1313 5788 p.
1325 5725 1380 5787 351,
1398 5721 1454 5773 not.
1467 5723 1490 5772 3.
1578 5713 1605 5781 t)
1625 5709 1667 5778 Os.
1686 5717 1787 5766 11412.

1676 5805 1732 5862 50*
