4328 6232
826 339 1027 399 nnlsronsn
1045 341 1236 401 SELECTAE.
1274 344 1349 402 1243,

1061 629 1121 703 36.

363 720 581 815 Innocentium
597 750 654 816 IV
667 772 757 832 papa
781 751 969 836 G[reporio]
990 751 1027 816 dc
1049 752 1251 836 Montelonpo
1279 753 1481 834 subdiacono,
1512 757 1676 838 apostolice
1698 758 1781 823 sedis
1809 759 1916 842 lcqoto,

272 853 399 932 madet,
421 857 457 916 ut
471 853 715 939 [Bertboldum]
723 855 945 935 patriarcham
959 857 1211 939 Aquitcpienscm
1226 879 1247 920 a
1262 858 1473 923 molestatione
1491 859 1726 926 Tercioinorum
1741 861 1917 927 devotorum

272 956 410 1034 amatae,
432 977 564 1037 quorum
586 957 762 1023 districtum
783 977 853 1021 cunr
874 960 1008 1023 armatis
1030 959 1190 1036 invaserit,
1213 959 1251 1023 do
1273 964 1370 1025 cetero
1393 963 1605 1043 conquiescere
1627 965 1739 1045 fumat.

225 1179 233 1213 s
360 1162 423 1215 Iun
440 1162 488 1216 IV
506 1162 572 1234 aa.
596 1163 649 1217 Vol.
666 1163 693 1231 Ι,
715 1170 761 1229 36,·
784 1162 844 1218 Iuli.
862 1164 890 1230 Ι,
916 1170 970 1218 212.
1007 1165 1156 1232 Exemplar
1177 1184 1195 1217 a
1218 1166 1313 1234 Bcrqcr
1336 1165 1435 1219 alitum
1460 1184 1521 1222 cum
1547 1066 1784 1236 Βιὲἕιῗ,ἅε1ῗιοιιῖ
1800 1071 1915 1224 {dotauit

145 1244 150 1252 '
278 1249 300 1302 l'.
311 1248 350 1303 Gt.
364 1251 398 1303 Α
412 1249 493 1303 Mau.

363 1335 464 1404 Berper
481 1343 537 1390 212.

441 1498 484 1571 G.
514 1499 567 1572 de
594 1454 891 1592 Montelongo
926 1501 1217 1575 subdiacono
1252 1507 1293 1576 et
1326 1504 1514 1578 notario
1548 1510 1732 1595 nostro,

771 1621 1040 1713 apostolice
1072 1623 1202 1695 sedis
1235 1624 1404 1715 legata.

216 1770 233 1807 r·
365 1751 556 1837 Apostolice
581 1752 668 1816 sedis
691 1751 820 1817 devotis
836 1753 910 1816 tiliis
927 1759 1017 1816 tanto
1035 1754 1200 1818 efficacius
1216 1756 1414 1822 venerabilis
1432 1759 1532 1823 frater
1547 1765 1660 1822 noster
1676 1807 1683 1821 .
1702 1810 1708 1824 .
1729 1758 1916 1844 patriarcha

267 1857 487 1942 Aquilegensis
511 1856 627 1921 adesse
652 1862 790 1937 tenetur,
814 1865 936 1942 quanto
960 1858 1075 1922 eadem
1100 1857 1283 1943 benigniori
1307 1882 1382 1925 curn
1406 1882 1607 1946 prosequens
1631 1863 1737 1946 gratia
1755 1867 1788 1925 et
1802 1861 1914 1925 favore

267 1962 348 2026 relnt
363 1963 418 2047 pia
433 1967 548 2039 mater,
571 1961 746 2025 nonnullos
762 1961 825 2025 sibi
842 1962 1006 2026 subiciens
1027 1963 1059 2024 in
1076 1969 1202 2046 partem
1221 1985 1279 2028 sue
1295 1965 1534 2043 sollicitudinis,
1558 1971 1714 2050 tanquam
1729 1965 1913 2029 membrum

265 2064 397 2129 ecclesie
426 2064 536 2128 nobile
564 2065 672 2149 ipsum
699 2065 787 2128 inter
815 2065 897 2129 alios
925 2064 1108 2129 fiducialius
1137 2067 1315 2152 preelegit;
1346 2077 1409 2147 sat,
1433 2069 1516 2133 sicut
1540 2068 1647 2132 mirati
1671 2067 1856 2132 audivimus
1881 2074 1915 2132 et

264 2168 428 2232 referimus
451 2167 644 2246 conturbati,
669 2169 749 2255 ipse,
773 2169 827 2252 qui
851 2190 908 2254 pro
931 2168 1124 2234 defensione
1139 2170 1299 2234 libertatis
1316 2172 1539 2236 ecclesiastice
1556 2192 1684 2236 murum
1701 2191 1736 2236 se
1753 2170 1914 2235 debuerat

208 2293 224 2329 a
262 2271 423 2356 posuisse,
456 2270 591 2335 dilectos
625 2272 709 2335 filios
744 2271 934 2336 Terrisinos
969 2271 1101 2337 devotos
1136 2273 1276 2338 ecclesie
1311 2295 1369 2359 pro
1402 2295 1462 2338 sua
1495 2275 1664 2339 voluntate
1698 2273 1849 2338 diffidens
1881 2280 1915 2337 et

260 2374 440 2439 districtum
474 2396 586 2440 eorum
622 2375 780 2440 invadens
810 2375 977 2440 hostiliter
1007 2397 1070 2440 non
1102 2376 1172 2440 siue
1202 2377 1410 2442 multitudine
1441 2384 1656 2457 armatorum,
1692 2376 1739 2441 eis
1771 2377 1914 2463 dampna

258 2479 369 2564 gravia
398 2485 431 2545 et
460 2479 595 2543 iniurias
624 2499 689 2544 non
718 2479 864 2544 modicas
892 2478 1058 2564 irrogavit.
1103 2479 1229 2543 Verum
1261 2501 1332 2545 cum
1362 2480 1529 2567 indiguum
1559 2480 1615 2561 sit,
1647 2477 1728 2566 [ut]⁸
1759 2479 1814 2565 qui
1842 2480 1912 2543 zelo

259 2583 330 2649 fidei
356 2590 390 2649 et
412 2583 593 2649 devotionis
616 2585 748 2649 accensi
773 2583 913 2649 ecclesie
944 2583 1093 2647 hostibus
1118 2604 1152 2647 se
1177 2584 1314 2649 viriliter
1338 2591 1371 2648 et
1394 2590 1546 2670 potenter
1570 2588 1755 2670 opponunt,
1784 2583 1826 2647 ab
1848 2583 1913 2646 hiis

258 2688 408 2774 nequiter
438 2694 685 2774 oppugnantur,
720 2688 774 2777 qui
810 2708 867 2751 eos
903 2692 1055 2752 tenentur
1089 2687 1130 2751 ab
1163 2687 1300 2752 aliorum
1333 2687 1518 2753 incursibus
1552 2687 1739 2766 defensare,
1774 2686 1914 2752 eundem

200 2812 219 2849 a
259 2791 476 2876 patriarcham
503 2812 673 2876 rogamus,
703 2812 874 2856 monemus
903 2795 937 2855 et
963 2790 1131 2853 hortamur
1161 2791 1319 2872 attenteb,
1349 2792 1468 2855 nostris
1497 2790 1557 2854 sibi
1588 2791 1705 2855 dantes
1734 2790 1852 2854 litteris
1880 2790 1913 2853 in

258 2894 436 2975 mandatis,
466 2901 502 2959 ut
530 2895 573 2959 ab
603 2895 690 2958 omni
717 2895 948 2959 molestatione
972 2892 1217 2957 Tervisinorum
1242 2896 1385 2981 ipsorum
1414 2894 1455 2958 ob
1484 2896 1704 2960 reverentiam
1731 2892 1913 2980 apostolice

260 2997 344 3063 sedis
380 3004 414 3063 et
447 3004 593 3064 nostram
627 2997 668 3063 de
704 3005 812 3063 cetero
848 2998 1070 3082 conquiescat.
1127 2995 1288 3070 Quocirca
1321 2998 1528 3080 mandamus,
1562 2999 1715 3084 quatinus
1750 2997 1778 3060 si
1805 2996 1913 3060 dictus

260 3102 443 3187 patriarcha
466 3101 654 3167 mandatum
677 3110 825 3166 nostrum
849 3101 1035 3187 neglexerit
1058 3100 1248 3188 adimplere,
1273 3110 1307 3166 tu
1332 3125 1407 3169 enm
1430 3102 1470 3166 ad
1494 3101 1527 3165 id
1551 3101 1730 3165 monitione
1754 3101 1913 3186 premissa

261 3206 452 3270 auctoritate
468 3212 580 3270 nostra
596 3207 818 3292 appellatione
836 3212 960 3270 remota
976 3206 1167 3290 compellas,
1184 3243 1224 3252 -
1238 3227 1301 3269 non
1318 3206 1469 3270 obstante
1487 3205 1717 3269 constitutione
1730 3202 1770 3267 de
1785 3202 1913 3268 duabus

201 3328 220 3365 o
261 3307 354 3373 dietis
377 3307 468 3373 edita
490 3309 522 3372 in
545 3309 684 3373 concilio
707 3308 864 3395 generali.

364 3428 442 3494 Dat.
466 3427 622 3494 Lateran.
645 3428 713 3494 VII
735 3427 814 3493 Idus
837 3429 1045 3510 Novembris,
1070 3450 1155 3494 anno
1178 3429 1294 3515 primo.

880 3691 1291 3699 ..ψ-...ᾑ-

1054 3915 1113 3990 37.

359 4009 578 4106 [armentius
589 4040 614 4106 Ι
617 4039 645 4105 V
648 4061 738 4123 papa
754 4039 883 4107 consitio
894 4043 923 4104 ct
934 4041 1088 4105 communi
1099 4040 1318 4104 Asisinctibns
1329 4043 1493 4122 confirmat
1504 4042 1751 4124 confiscationem
1763 4042 1914 4107 bonorum

264 4131 488 4207 nominatorum
518 4144 654 4208 militnm
682 4150 711 4209 ct
739 4146 876 4210 aliorum
904 4143 1041 4208 ciuitatis
1069 4146 1098 4205 ct
1125 4142 1255 4206 diocesis
1277 4144 1469 4223 Asisinotis,
1502 4145 1558 4226 qui
1589 4146 1743 4210 civitatem
1776 4146 1915 4210 inim-icis

265 4247 401 4311 calerino
423 4245 548 4312 trudere
567 4249 819 4328 procuraverint.
1583 4251 1676 4328 1243,
1699 4249 1779 4317 Noc.
1794 4255 1824 4315 7.

209 4365 228 4403 ³⁰
361 4366 424 4419 nan
438 4364 486 4418 IV
501 4365 565 4435 Rea.
584 4366 639 4421 Vol.
655 4368 679 4435 I,
697 4375 741 4434 39,·
759 4367 856 4436 Inhl,
875 4375 930 4421 237.

360 4454 459 4521 Beryae
476 4458 533 4507 238.

619 4580 836 4656 Consilio
872 4589 915 4656 et
947 4580 1179 4655 communi
1211 4568 1546 4653 Asisinatibus.

362 4713 465 4776 Iustis
492 4713 674 4799 petentium
698 4721 760 4778 eto.
791 4736 910 4800 usque:
936 4714 1111 4799 complere.
1157 4712 1373 4798 Significastis
1398 4709 1559 4797 siquidem
1583 4711 1691 4793 nobis,
1722 4713 1808 4798 quod
1838 4735 1910 4778 cum

261 4814 468 4881 'l'heobaldus
483 4814 622 4881 Berardi
640 4824 673 4881 et
685 4817 802 4882 Petrus
816 4818 978 4885 Gnarneri
994 4817 1140 4882 defuncti
1153 4823 1187 4881 et
1200 4815 1378 4881 Gualterus
1393 4815 1541 4897 Saxonis,
1558 4816 1697 4881 Iacobus
1709 4816 1911 4897 Borarducii,

207 4924 224 4961 *ὃ
263 4918 350 4985 Bobo
367 4920 541 5002 Tancredi,
565 4920 745 4986 Ottinellus
761 4923 882 5003 Iacobi,
907 4922 1048 4988 Iacobus
1063 4921 1198 5002 villani,
1221 4920 1335 4984 Potius
1351 4920 1485 4984 Furoris
1502 4922 1635 5002 milites,
1659 4920 1765 5006 Rayn.
1782 4919 1909 5000 Thom,

260 5021 512 5110 Sangninucius,
546 5024 707 5089 Beraldus
735 5025 912 5107 Tcobaldi,
943 5025 1184 5111 Philippucius,
1212 5023 1496 5108 Burgumuicius⁰‚
1529 5024 1716 5089 Bernardus
1746 5023 1908 5109 Oportuli,

260 5126 399 5192 Muricus
424 5126 534 5213 Egidii
553 5128 753 5209 Salimbene,
776 5129 926 5194 Andreas
943 5130 1049 5195 dictus
1064 5128 1258 5194 Manancoll.
1283 5133 1316 5191 et
1332 5126 1464 5212 quidam
1486 5129 1542 5191 alii
1559 5127 1702 5191 civitatis
1719 5132 1753 5191 et
1769 5125 1912 5190 diocesis

259 5230 433 5296 Asisinatis
455 5231 623 5296 civitatem
649 5233 755 5318 ipsam
782 5239 936 5318 tanquam
967 5233 1149 5319 proditores
1179 5231 1318 5296 ecclesie
1342 5231 1508 5296 manifesti
1530 5236 1761 5317 procurassent
1782 5229 1912 5294 tradere

258 5334 358 5420 ipsius
385 5334 528 5400 ecclesie
551 5335 707 5419 inimicis,
731 5336 771 5401 ad
796 5336 1032 5402 desolationem
1063 5337 1202 5401 civitatis
1232 5341 1265 5399 et
1292 5334 1451 5399 bonorum
1481 5334 1735 5398 destructionem
1766 5332 1912 5398 eiusdem

197 5446 217 5483 ⁴⁰
260 5439 332 5502 totis
365 5437 489 5502 viribus
518 5437 723 5523 laborantes,
752 5441 880 5505 nobiles
910 5441 970 5504 viri
997 5437 1037 5502 B.
1062 5438 1216 5525 Coppoli,
1245 5436 1286 5500 N.
1309 5436 1461 5521 Hngonis
1489 5436 1609 5500 Rivelli
1637 5442 1672 5501 et
1693 5435 1731 5499 P.
1755 5434 1912 5516 Parentii,

364 5581 433 5586 ...ἡ
442 5581 591 5589 .-.--..
603 5584 865 5591 ------.--.-
877 5584 916 5590 -n
948 5584 952 5589 -
977 5584 993 5590 -
1031 5583 1041 5589 .
1053 5583 1188 5590 -,-..—-.-
1204 5583 1224 5588 ..-
1238 5583 1342 5588 ----
1353 5583 1358 5588 .
1526 5580 1747 5588 —<-————--
1758 5578 1806 5585 ...—

361 5666 384 5729 s)
404 5673 433 5714 ut
450 5663 519 5717 decet
530 5663 563 5718 B.
647 5664 674 5732 b)
691 5675 727 5720 at
742 5666 788 5729 R.,·
805 5676 832 5721 et
842 5666 875 5718 B.
964 5667 988 5732 ⁰)
1007 5665 1187 5732 Philippucius
1205 5664 1407 5731 Burgumuicius
1419 5663 1451 5715 B.
