4328 6232
743 359 944 419 nnls'rcnru
961 360 1154 420 annueret.
1192 363 1268 420 1244.

978 666 1039 738 58.

283 763 501 857 Innocentius
516 787 575 854 IV
590 808 681 872 pepo
709 787 807 852 eidem
833 807 931 868 nocere
952 787 996 851 od
1023 788 1196 852 trienninm
1223 787 1377 872 indnlpct,
1407 794 1443 854 nt
1467 791 1503 855 in
1531 811 1599 855 eam
1629 791 1837 856 excommnni-

176 893 312 957 eetionis
332 897 362 958 et
383 891 542 958 interdicti
563 893 734 957 amentiae
750 891 951 974 promelponc‘
973 910 1037 955 non
1059 891 1185 974 possint
1211 891 1326 972 absque
1355 892 1437 957 sodis
1462 894 1648 974 apostoticae
1677 893 1836 960 mandato.

1445 996 1558 1081 [1244,
1580 997 1750 1083 Apr.13.]

284 1079 486 1150 nervae.
503 1080 597 1149 rora
617 1078 776 1147 oscor,
795 1085 853 1133 sor.

106 1184 121 1221 s
284 1167 450 1236 timeon.

807 1256 808 1259 ’
922 1241 1095 1316 Eidem.

289 1375 359 1440 'I'ne
389 1374 572 1440 devotionis
601 1375 742 1460 insignia
770 1382 803 1440 et
833 1375 1010 1460 obsequie,
1047 1396 1110 1460 que
1139 1374 1211 1439 Deo
1243 1382 1276 1441 et
1307 1375 1448 1440 ecclesie
1476 1376 1624 1442 Romane
1653 1378 1750 1442 matri
1779 1384 1835 1442 tue

179 1485 337 1564 tanquam
363 1479 518 1564 specialis
546 1484 581 1542 et
609 1476 749 1543 devotus
772 1478 857 1543 filius
882 1478 1063 1544 exhibuisti
1087 1478 1229 1543 fideliter
1252 1484 1287 1543 et
1310 1479 1449 1544 exhibes
1473 1480 1690 1560 incessanter,
1719 1480 1835 1544 lauda-

181 1583 293 1647 biliter
320 1589 559 1669 promerentur,
595 1588 632 1646 ut
661 1583 727 1647 tuis
757 1581 976 1668 profectibus,
1010 1589 1166 1667 quantum
1197 1603 1269 1646 cum
1299 1583 1372 1649 Deo
1400 1605 1591 1670 possumus,
1626 1584 1836 1649 intendentes

95 1714 126 1751 ro
181 1684 333 1766 libenter,
356 1687 422 1751 tuis
446 1686 739 1773 supplicationibus
763 1707 954 1751 annuamus.
996 1685 1192 1773 Eapropter,
1216 1685 1334 1752 dilecte
1359 1689 1392 1751 in
1408 1686 1550 1753 Domino
1573 1689 1631 1770 fili,
1654 1687 1719 1754 tuis
1742 1687 1836 1751 iustis

181 1789 335 1875 precibus
368 1797 601 1855 concurrentes
629 1812 783 1872 essenon,
818 1798 855 1856 ut
885 1791 993 1854 nullus
1022 1792 1056 1855 in
1088 1810 1262 1876 personam
1291 1799 1380 1856 tuam
1409 1792 1753 1857 excommunicationis
1783 1793 1837 1856 vol

180 1893 346 1958 interdicti
380 1896 562 1961 sententies
596 1916 655 1982 pro
691 1897 801 1982 aliqua
835 1916 934 1960 causa
967 1895 1177 1980 promulgare
1211 1901 1379 1981 presumat
1412 1896 1537 1982 absque
1566 1895 1720 1961 mandato
1750 1894 1836 1959 sedis

181 1997 370 2083 apostolice,
385 1999 582 2063 auctoritate
598 1999 658 2063 tibi
674 1999 876 2084 presentium
893 1998 1111 2084 indulgemus.
1145 1999 1236 2063 Nulli
1253 2020 1386 2085 ergo-
1403 2005 1514 2064 nostre
1532 1999 1754 2064 concessionis
1771 2004 1835 2064 etc.

182 2100 310 2185 Siquis
334 2107 444 2167 numm
467 2108 545 2178 etc.;
568 2102 801 2187 presentibus·
822 2109 897 2189 post
921 2104 1099 2169 trienninm
1122 2103 1255 2168 minime
1279 2102 1460 2169 valiturisb.

803 2363 1215 2376 ——.....-—..

980 2592 1040 2666 59.

106 2732 129 2769 1³
285 2685 502 2779 Intnooentins
514 2713 540 2778 1
543 2712 573 2777 V
577 2734 667 2795 pope
677 2714 701 2798 [
697 2712 856 2799 depotitio
867 2713 947 2798 111]
960 2713 1189 2794 orchiqnscrpo
1201 2713 1394 2796 Moerentino
1407 2712 1546 2791 monetet,
1569 2718 1605 2777 nt
1616 2714 1653 2778 de
1663 2714 1837 2779 occessibns

181 2813 365 2900 [Londolfi]
386 2817 521 2900 episcopi
542 2817 784 2885 Wormnciensis
805 2818 958 2900 inquiret.
1483 2819 1576 2895 1244,
1599 2818 1680 2898 Apr.
1698 2820 1749 2885 16.

283 2934 346 2989 ran.
359 2934 408 2989 rr
423 2935 488 3005 noy.
506 2936 559 2991 ror.
573 2937 599 3006 r,
614 2944 674 3003 zoa·
692 2936 789 3005 our,
810 2944 863 2991 cor.

282 3019 382 3090 Boccor
393 3029 452 3077 cce.

629 3188 668 3208 ..
697 3133 1076 3226 archiepiscopo⁰
1107 3132 1387 3226 Maguntino.

105 3310 131 3347 ro
290 3278 459 3344 Succensc
488 3286 551 3346 etc.
584 3286 620 3344 ut
653 3281 686 3345 in
717 3280 806 3345 DoL
838 3280 972 3347 littera‘l
1004 3302 1125 3367 usqne:
1165 3288 1275 3367 potest
1304 3280 1625 3349 ..Wermeciensis
1660 3280 1835 3367 episeopus

184 3383 371 3468 aggregari,
402 3383 456 3468 qui
485 3384 584 3449 etiem
616 3385 961 3448 excommunicationis
990 3384 1156 3448 sententia
1186 3384 1273 3448 sedis
1307 3385 1488 3471 apostolice
1518 3385 1695 3471 vilipensa,
1726 3383 1836 3448 divina

185 3485 288 3548 officie
312 3486 492 3567 celebrare,
516 3488 624 3568 immo,
648 3489 859 3573 quantumin
884 3509 922 3554 eo
939 3495 999 3567 est,
1022 3488 1229 3574 prophanare
1246 3489 1414 3573 presumit,
1439 3487 1784 3553 excommunicationis
1802 3495 1835 3551 et

185 3587 345 3654 interdicti
368 3611 388 3654 e
410 3597 443 3655 te
465 3592 640 3656 sententiis
665 3591 851 3656 innodatus.
896 3590 947 3656 Ne
971 3591 1071 3676 igitur
1095 3597 1157 3656 etc.
1181 3597 1216 3654 ut
1240 3613 1339 3678 supra
1361 3612 1479 3676 usque:
1505 3590 1759 3678 procedendum.

287 3708 364 3775 Dat.
386 3709 542 3777 betereo.
565 3711 647 3777 XVI
670 3711 746 3778 Kal.
767 3712 858 3795 Maii,
883 3735 968 3778 anno
992 3713 1106 3799 primo.

978 4221 1039 4293 60.

106 4362 132 4402 a
283 4313 502 4407 Irsnoccntinc
516 4339 575 4406 IV
586 4363 676 4425 pepo
692 4340 831 4408 Hearico
851 4348 881 4408 ot
901 4341 1014 4408 Iacobo
1036 4348 1112 4408 noto
1133 4343 1201 4407 eins
1222 4340 1314 4407 dictis
1329 4341 1518 4422 Frcieponc
1539 4340 1657 4405 nothis
1671 4337 1835 4418 Rorrmms,

182 4443 236 4525 qni
265 4463 369 4528 nnper
394 4443 482 4526 nptcd
501 4445 811 4530 Aqeempendentenr
833 4447 978 4530 principi
1007 4446 1051 4511 od
1077 4447 1266 4511 instantiam
1294 4446 1361 4510 eicos
1387 4444 1580 4509 rnedictotcrn
1612 4442 1739 4510 Colliscc‘
1766 4463 1835 4508 cnm

176 4544 298 4626 protetio
324 4547 475 4612 cotenon
501 4551 531 4612 et
556 4546 699 4612 omnibns
726 4549 862 4626 inritas,
896 4570 976 4631 qnae
1002 4549 1042 4614 eb
1072 4549 1200 4614 ecclesio
1227 4551 1354 4612 enecet
1380 4547 1417 4610 in
1442 4544 1591 4631 feudum,
1622 4545 1834 4623 concesserint,

181 4647 337 4730 eipnifiout
357 4669 389 4715 se
410 4651 641 4728 concessionem
664 4672 757 4733 qnam
781 4656 897 4717 terrore
918 4653 1016 4717 coacti
1036 4651 1176 4732 fecerint,
1200 4669 1350 4716 reuocare.

1372 4754 1466 4831 1244,
1488 4752 1570 4837 Apr.
1587 4756 1629 4816 16
1650 4756 1680 4816 et
1695 4753 1747 4815 19.

107 4886 132 4925 ee
281 4872 345 4926 lnn.
358 4871 409 4925 IV
424 4871 488 4941 noy.
507 4871 597 4942 Votl,
617 4881 661 4941 965
683 4872 780 4941 Lici
799 4880 863 4937 60&
886 4905 916 4913 -
933 4879 957 4928 et
973 4875 1065 4944 Vot.I,
1086 4883 1134 4938 985
1155 4874 1214 4930 Leia
1231 4874 1322 4941 Loro.
1352 4871 1836 4940 Perteiiexempteneptstcleeprimee

181 4958 328 5025 eppleno·
351 4974 384 5012 ex
404 4958 493 5030 Rnyn.
512 4960 587 5014 Ann.
607 4961 663 5015 coel.
683 4967 796 5029 eliu,
814 4961 1052 5026 §recordationes
1074 4978 1136 5016 cnm
1157 4961 1280 5028 Tbeiner,
1302 4958 1363 5014 Cod.
1380 4958 1444 5026 cen
1462 4957 1528 5011 dona
1547 4963 1622 5025 temp.
1640 4973 1660 5011 o.
1679 4957 1756 5024 aedas,
1777 4962 1794 5010 t.
1810 4955 1833 5023 I,

180 5051 391 5112 pfflnm

283 5128 413 5198 Poetae,
433 5131 497 5200 neq.
512 5138 600 5197 usca·
619 5121 780 5201 Baccheo
799 5139 823 5188 ct
843 5141 902 5188 ceo.

282 5339 308 5404 ⁸)
326 5338 401 5392 Haec
418 5341 553 5408 formula,
576 5359 642 5408 quoe
662 5345 735 5396 initio
758 5346 865 5409 omnen,
888 5345 978 5396 litteris
999 5346 1093 5396 nctotis
1114 5346 1151 5394 itc
1169 5344 1261 5394 addito
1278 5360 1331 5394 csse
1348 5342 1456 5405 nidenan,
1478 5343 1506 5391 in
1523 5340 1666 5392 authentico
1684 5340 1739 5391 eine
1756 5338 1833 5390 cotio

113 5431 139 5469 ²3
184 5433 238 5489 post
252 5425 358 5478 verbm
373 5426 538 5494 indulgemus
555 5430 682 5481 collocata
698 5440 762 5483 eret
840 5430 866 5495 l³)
885 5433 945 5484 Dat.
962 5440 992 5484 ut
1009 5449 1089 5501 supro
1105 5433 1224 5482 omissum
1242 5447 1295 5481 esse
1308 5437 1439 5495 putenm
1517 5425 1540 5492 ο)
1559 5426 1779 5494 archipresbytero
1792 5424 1834 5487 R«,

187 5511 249 5575 wod
264 5510 445 5581 eorr'wdm
461 5521 499 5565 eet
514 5523 623 5581 propter
638 5517 717 5568 onte
735 5534 787 5583 ep:
808 5519 1079 5571 excommunicationis
1097 5526 1123 5570 et
1140 5518 1231 5569 interd.
1249 5535 1264 5568 a
1282 5524 1307 5568 te
1324 5522 1390 5567 seut.
1408 5515 1557 5576 irmodntus;
1578 5515 1613 5580 cs.
1630 5532 1657 5564 n.
1670 5517 1712 5565 49.
1746 5511 1834 5562 onon

188 5594 249 5648 dent
263 5614 303 5666 ep.
316 5596 349 5651 'a
363 5596 428 5667 Rq.
444 5607 581 5667 mutet,
598 5601 644 5652 cub
662 5603 827 5669 inscriptioroe
846 5604 935 5655 Eidem
952 5605 1050 5656 relator
1068 5601 1108 5669 [n.
1121 5607 1165 5668 62,
1183 5603 1220 5654 11
1233 5612 1256 5655 ct
1274 5600 1329 5670 66],
1346 5600 1554 5668 ‘archiepiscopo’
1570 5598 1725 5666 Repentino
1742 5599 1834 5650 mitent

189 5694 237 5737 m
249 5691 345 5737 cer*-
360 5688 399 5720 ¹⁴
490 5679 518 5753 4)
531 5701 558 5738 n.
569 5688 612 5738 64.

1590 5776 1627 5832 ge
