4328 6232
206 325 269 389 222
763 321 810 376 EX
828 320 1046 377 INNOOIIN'I'II
1064 319 1103 374 IV
1120 317 1301 374 unelsreo

199 495 284 581 quod
308 517 377 574 nos,
401 495 512 560 dilecti
535 495 590 560 lilii
613 495 733 560 nobilis
758 496 818 559 viri
841 496 880 561 Τ.
904 496 1032 560 comitis
1056 494 1097 559 de
1121 494 1288 569 Assetio¹,
1311 494 1493 581 apostolice
1522 493 1610 560 sedis
1634 492 1759 567 devoti,
1783 514 1857 580 prc-

199 599 290 665 cibus
318 600 479 676 inclinati,
508 599 719 681 mandamus,
757 601 910 686 quatinus
937 599 1094 665 dilectum
1123 599 1225 663 lilium
1255 598 1423 665 Andream
1452 606 1615 665 rectorem
1644 597 1788 665 ecclesie
1818 596 1858 660 de

199 703 414 783 Triconvilel,
438 703 592 768 clericum
614 724 719 783 suum,
743 703 784 767 de
808 724 871 789 quo
895 704 990 768 nobis
1014 702 1179 767 laudabile
1202 702 1428 766 testimonium
1450 701 1657 788 perhibetur,
1690 703 1724 766 in
1747 701 1858 786 eliqua

200 807 416 871 eeclesiarum
439 807 606 892 provincie
629 806 842 873 Treverensis
871 809 1065 873 auctoritate
1096 813 1209 871 nostra
1232 807 1335 892 recipi
1358 806 1462 872 iacias
1492 807 1523 870 in
1547 806 1743 871 canonicum
1768 806 1857 869 etin

200 911 335 974 tratrem
359 931 398 973 no
421 909 484 974 sibi
507 909 548 974 de
572 910 749 996 prebende,
773 932 869 996 qunm
893 913 956 975 cito
980 932 1014 976 se
1037 911 1177 975 facultas
1193 909 1358 991 obtulerit,
1380 909 1543 995 provideri
1566 945 1609 956 -
1634 930 1700 973 non
1722 908 1858 973 obstan-

200 1014 287 1076 tibus
311 1014 340 1076 si
363 1014 396 1076 in
420 1013 576 1092 ecclesie,
599 1015 632 1077 in
655 1035 719 1100 qua
740 1013 802 1079 sibi
826 1014 960 1079 duxeris
983 1013 1232 1100 providendum,
1255 1020 1366 1078 certus
1390 1014 1432 1078 sit
1448 1015 1680 1078 canonicorum
1703 1033 1860 1077 numerus

202 1116 400 1180 constitutus
424 1117 610 1182 iuramento
634 1138 694 1182 seu
716 1137 910 1203 quacunque
926 1119 1080 1182 firmitate
1104 1117 1170 1181 alia
1185 1116 1366 1192 roboratus,
1389 1117 1443 1181 rel
1466 1117 1494 1181 si
1517 1138 1575 1203 pro
1589 1115 1717 1180 duobus
1733 1122 1860 1180 tentum

202 1219 244 1281 sit
266 1217 481 1284 demandato
505 1226 615 1283 nostro
639 1227 784 1304 gravate,
808 1241 868 1285 sen
892 1221 920 1284 si
944 1221 1050 1285 eidem
1075 1221 1217 1285 ecclesie
1241 1240 1261 1283 a
1283 1218 1362 1284 sede
1384 1220 1427 1284 sit
1443 1219 1602 1284 indultum
1619 1218 1749 1298 eedem,
1774 1217 1860 1303 qnod

202 1321 244 1386 nd
267 1324 486 1408 provisionem
510 1331 566 1386 nut
590 1326 810 1410 receptionem
828 1325 965 1389 alicuius
989 1326 1121 1389 minime
1141 1330 1303 1401 teneatur,
1327 1324 1397 1389 sive
1421 1323 1509 1410 quod
1531 1323 1603 1388 eius
1626 1323 1779 1388 canonici
1802 1341 1861 1406 per

205 1427 331 1490 litteras
355 1427 553 1511 apostoliens
577 1430 850 1494 excommunicari
874 1431 925 1494 rel
951 1430 1103 1495 interdici
1126 1429 1350 1516 nonpossint,
1373 1430 1436 1493 nisi
1461 1429 1503 1494 de
1520 1427 1727 1514 indulgentia
1744 1426 1858 1490 liuius·

203 1527 290 1591 modi
307 1550 499 1615 expressam
523 1530 644 1595 socient
660 1534 870 1613 mentionem,
895 1540 952 1597 out
975 1533 1062 1619 quod
1084 1533 1171 1598 idem
1188 1533 1327 1596 clericus
1350 1533 1431 1596 alias
1447 1531 1663 1597 beneficiatus
1680 1532 1798 1596 existit
1810 1556 1859 1606 -;

204 1631 462 1698 contradictores
486 1641 549 1701 etc.

312 1755 386 1821 Det.
410 1754 573 1840 Lugduni,
592 1756 677 1821 VIII
700 1756 779 1822 Idus
802 1758 922 1836 Martii,
947 1779 1033 1822 nuno
1056 1763 1184 1843 quarto.

990 2215 1077 2289 298.

308 2324 526 2418 Innocentius
541 2352 597 2416 IV
610 2374 700 2434 papus
723 2354 852 2419 Mariae
874 2355 911 2418 (tc
927 2355 1024 2435 Pisis,
1046 2361 1142 2421 nnluc
1157 2355 1315 2438 Rnyrsers'i
1336 2355 1457 2419 metitis
1477 2354 1515 2418 <n
1533 2353 1689 2431 Traoarn,
1710 2352 1859 2436 Μοῖρά,

204 2462 239 2521 nt
268 2478 337 2521 enirn
358 2460 507 2537 quattuor
527 2457 713 2522 mulieribus
734 2458 892 2523 nobilibus
913 2464 942 2523 et
964 2458 1101 2524 lrmscstis
1121 2460 1183 2524 sibi
1204 2460 1296 2523 licent
1319 2460 1353 2522 in
1376 2459 1451 2523 locis
1472 2457 1663 2534 interdictis,
1691 2457 1728 2520 in
1750 2457 1861 2538 peribas

204 2584 243 2624 en
267 2561 389 2626 irrdrslto
410 2562 577 2641 apostolico
599 2563 776 2640 celebretur,
799 2564 911 2627 divina
932 2565 1053 2629 uredine.
1487 2563 1581 2638 1247,
1603 2560 1706 2626 Mart.
1726 2565 1777 2626 11.

310 2683 372 2735 Inn.
386 2681 407 2735 I
408 2682 433 2734 V
449 2682 512 2751 ch.
531 2682 587 2735 l'ol.
601 2683 625 2749 Ι,
639 2693 703 2749 410;
722 2684 780 2738 Lib.
795 2685 848 2749 IV,
859 2693 918 2739 884.
955 2685 1105 2752 Epistolnm
1116 2699 1148 2736 cr
1162 2683 1287 2751 Repentis,
1304 2683 1335 2734 in
1346 2697 1415 2749 princ
1424 2681 1475 2734 troc
1485 2697 1560 2733 ansae
1569 2680 1744 2748 matitianum
1755 2686 1864 2734 mente

205 2767 309 2820 denarrat
325 2767 406 2820 tralata
425 2773 469 2834 est,
486 2767 624 2836 demissis
647 2769 732 2824 1101.
751 2772 785 2823 A.
808 2771 885 2823 More.

310 2854 408 2922 noya
427 2860 502 2909 esse.

284 3017 439 3090 Nobili
466 3019 654 3093 mulieri
682 3020 823 3094 Mario
850 3022 903 3095 de
931 3021 1071 3109 Pisis,
1099 3026 1207 3094 nate
1235 3017 1413 3091 nobilis
1439 3015 1526 3088 viri
1555 3015 1780 3107 Raynerii

778 3142 963 3215 comitis
991 3143 1044 3214 de
1072 3142 1293 3214 Tentura.

316 3287 437 3353 Dilccti
460 3288 518 3353 tilii
542 3287 735 3372 Uguicionis
759 3289 960 3353 Marchionis
983 3289 1147 3375 capellani
1172 3289 1273 3352 nostri
1296 3287 1452 3373 precibus
1476 3285 1640 3365 inclinati,
1670 3287 1868 3350 auctoritato

207 3390 265 3455 tibi
290 3393 489 3477 presentium
506 3391 727 3476 indulgemus,
749 3402 785 3454 ut
809 3392 907 3456 licent
930 3391 1001 3471 tibi,
1026 3391 1198 3454 associatis
1214 3397 1321 3455 tecum
1339 3399 1479 3475 quotuor
1494 3389 1686 3453 mulieribus
1702 3390 1870 3455 nobilibus

208 3504 241 3557 et
266 3495 424 3576 honestis,
447 3497 480 3559 in
503 3496 596 3565 locis,
620 3496 652 3559 in
670 3494 788 3581 quibus
804 3504 951 3581 ternpore
977 3494 1140 3560 interdicti
1164 3516 1208 3559 ex
1224 3493 1350 3558 indulto
1366 3494 1454 3558 sedis
1470 3492 1651 3578 apostolice
1667 3492 1869 3574 celebratur,

210 3598 392 3664 interdictis
416 3611 450 3663 ct
473 3600 765 3664 excommunicatis
788 3600 945 3679 exclusis,
970 3619 1034 3662 non
1057 3598 1197 3684 pulsatis
1215 3597 1394 3683 campanis,
1417 3597 1522 3661 ianuis
1545 3597 1679 3667 clausis,
1703 3597 1870 3661 submissu

208 3722 288 3765 soce
311 3702 425 3767 audire
449 3701 567 3771 diuino,
591 3702 767 3767 dummodo
791 3713 826 3766 tu
850 3711 883 3767 ct
906 3704 1059 3767 mulieres
1084 3704 1154 3788 ipse
1177 3721 1310 3766 causam
1333 3722 1398 3765 non
1423 3699 1576 3764 dederitis
1599 3699 1786 3781 interdicto,
1810 3722 1872 3765 nec

208 3804 240 3867 id
269 3805 362 3869 robis
397 3807 567 3891 contingat
597 3808 787 3893 specialiter
822 3806 982 3872 interdici.
1032 3805 1120 3870 Nulli
1145 3827 1223 3892 ergo
1246 3814 1308 3868 etc.
1341 3811 1451 3869 nostre
1479 3803 1701 3868 concessionis
1726 3813 1788 3868 ete.
1836 3805 1874 3869 ei

211 3909 284 3994 quis
307 3919 369 3974 etc.

318 4029 394 4096 Dnt.
418 4031 580 4115 Lugduni.
603 4032 632 4096 l'
656 4033 734 4097 Idus
758 4033 853 4098 Mart.
877 4052 963 4096 anno
988 4029 1068 4095 IIII.

837 4258 1248 4267 Μ

997 4451 1084 4526 299.

316 4565 533 4659 Irrrrornrtins
546 4592 568 4657 Ι
574 4591 600 4657 l'
614 4614 704 4675 popu
723 4591 967 4678 [Bertlrotdnnr]
984 4592 1203 4676 patriarcham
1226 4589 1487 4674 Aqrrilcpicnsenr,
1509 4588 1566 4670 qni
1591 4589 1687 4654 niens
1710 4589 1876 4655 interdicti

211 4701 364 4763 sententio
388 4699 555 4783 rilipensn.
579 4700 752 4782 irnpositnnr
775 4697 838 4760 sibi
855 4699 1029 4780 portionem
1045 4697 1206 4761 crsirrsrtonr
1225 4696 1419 4776 provisionis
1433 4693 1592 4774 Stephano
1615 4698 1693 4757 nato
1714 4693 1878 4774 nemmem

212 4803 377 4886 Aspicimus
397 4803 452 4889 ΙΙ]
480 4802 562 4885 repis
589 4801 748 4883 l'nporioc
774 4802 889 4866 notzer
915 4801 1065 4878 rmlrreril,
1094 4805 1207 4875 necaret,
1235 4805 1268 4862 nt
1290 4800 1372 4863 irone
1394 4796 1636 4862 inobclientimn
1659 4798 1706 4862 sic
1728 4797 1876 4875 redimar,

214 4912 246 4966 nt
270 4906 349 4968 idern
372 4906 405 4970 S.
425 4910 555 4990 propter
576 4905 631 4967 lior
653 4906 797 4970 lubomir
819 4905 953 4968 nlterins
974 4925 1037 4967 ssorr
1060 4909 1196 4987 arictes.
1498 4904 1593 4979 1247,
1618 4901 1717 4966 ittort.
1735 4907 1786 4966 13.

319 5029 380 5081 Iun
393 5028 439 5081 ll*
455 5027 519 5097 nep.
540 5027 594 5082 l'ol.
612 5030 632 5085 I.
651 5036 712 5085 finnt:
732 5029 790 5082 Lib.
805 5027 856 5085 11'.
876 5035 933 5081 ⁴75.
974 5027 1120 5093 Etanna-1
1139 5041 1172 5077 er
1192 5025 1308 5093 chrstis
1324 5022 1458 5090 dessipit
1477 5022 1506 5075 t'.
1517 5019 1557 5074 (³1.
1577 5022 1611 5073 Α.
1632 5019 1712 5073 Man.

319 5115 418 5185 querr
432 5121 502 5168 2471.

1281 5245 1289 5251 .
1309 5246 1341 5250 —.
1362 5242 1543 5250 ————--
1559 5241 1767 5248 ——-—-———-

319 5323 345 5373 ll
363 5322 519 5375 ‘Anatim’
533 5338 586 5390 pro
604 5325 727 5378 ‘Aescu'
746 5328 774 5376 in
796 5323 895 5377 Cbmn.
915 5324 1050 5377 (lraitldsri
1066 5323 1098 5377 dc
1116 5323 1225 5394 Xnnpis
1241 5342 1269 5377 n.
1290 5330 1358 5391 1273,
1378 5322 1430 5377 SS.
1443 5328 1460 5376 t.
1476 5323 1538 5377 XX
1545 5323 1591 5391 ΓΙ,
1605 5341 1636 5392 p.
1653 5328 1703 5377 686
1721 5322 1877 5390 romnus

216 5407 284 5473 Quis
304 5412 392 5460 auten
413 5406 456 5460 tic
477 5407 503 5461 Τ.
525 5426 609 5463 mines
628 5411 722 5476 suerit,
747 5410 884 5465 sextans.
987 5414 1015 5465 :ll
1035 5410 1193 5464 ‘Triarnrsic
1220 5410 1352 5463 ravenne
1374 5408 1492 5462 dicresis'
1521 5408 1594 5478 [depr.
1618 5408 1728 5476 neue,
1750 5412 1827 5463 conl.
1852 5405 1878 5456 d

214 5508 270 5545 απ,
293 5492 453 5563 timum]
474 5512 517 5563 up
543 5496 643 5564 Berw
663 5504 729 5551 sent
750 5496 861 5565 lenitur:
876 5514 930 5565 qno
948 5513 986 5564 qr
1004 5498 1124 5565 quinimo
1143 5497 1330 5565 ,depositioni
1347 5495 1433 5549 «κὶα
1450 5494 1493 5548 die
1511 5493 1668 5549 munias·
1691 5498 1743 5563 ac,
1764 5498 1799 5549 orl
1814 5504 1879 5549 err!

215 5578 301 5631 «stru
321 5579 428 5634 ,tisim
446 5598 527 5652 supter
541 5584 696 5651 prtumtitnte
712 5583 895 5652 beneficientur
912 5581 1083 5651 tenemur.
