4328 6232
839 356 1041 413 EPISTOLAE
1058 358 1249 416 saurauer.
1285 363 1362 418 1247.
1873 371 1936 435 235

347 537 530 612 Dilecto
557 537 658 612 filie
686 503 727 612 P.
755 537 915 613 Sancti
943 536 1132 631 Georgii
1158 539 1213 613 ad
1240 539 1401 614 Velum
1428 543 1632 618 Aureum
1657 546 1864 621 diacono

654 657 900 748 cardinali,
927 659 1198 751 apostolice
1231 660 1363 734 sedis
1389 663 1562 755 legato.

383 789 456 855 Etsi
479 789 521 855 ad
543 788 765 855 defensionem
786 790 946 854 catholice
969 789 1046 855 fidei
1070 797 1103 855 et
1124 790 1348 857 ecclesiastice
1372 795 1535 861 libertatis
1560 817 1689 877 omnes,
1712 819 1794 884 quos
1818 798 1933 864 Chris·

282 896 366 960 tiana
389 895 545 960 discernit
568 894 694 980 religio,
715 899 901 972 teneantur,
925 895 986 959 riri
1011 902 1121 959 tamen
1146 895 1373 979 ecclesiastici,
1397 905 1464 964 tam
1483 901 1626 985 religiosi
1642 923 1739 986 quam
1756 904 1932 977 seeulares,

235 1017 243 1051 ⁵
282 1006 311 1063 et
332 1000 507 1085 presertim
524 998 739 1064 eeclesiarum
755 999 885 1084 prelati,
909 997 950 1062 ad
973 997 1005 1061 id
1030 1019 1068 1062 eo
1084 998 1223 1085 amplius
1241 1007 1317 1064 sunt
1332 1001 1466 1083 astricti,
1492 1024 1556 1088 quo
1581 1004 1621 1068 ad
1637 1004 1811 1072 Dominioe
1836 1007 1933 1070 sertis

280 1103 483 1192 participium
507 1103 681 1188 specialius
704 1105 842 1185 evocati,
867 1103 999 1189 gravius
1024 1103 1101 1168 Iesu
1124 1101 1248 1168 Christi
1271 1108 1439 1190 proroeari
1463 1107 1587 1173 debent
1611 1109 1739 1173 iniuriis
1762 1115 1796 1175 et
1819 1116 1933 1174 eontra

280 1212 507 1294 persecutores
523 1206 674 1288 ecclesie,
691 1227 812 1293 sponse
829 1227 899 1287 sue,
915 1206 1144 1278 vehementius
1162 1209 1369 1274 commereri.
1412 1210 1475 1275 Pre
1494 1212 1618 1277 cunetis
1634 1220 1745 1278 autern
1761 1214 1933 1301 tirampnis

279 1310 313 1374 F.
336 1311 500 1396 quondam
523 1309 746 1376 Romanorum
771 1311 951 1398 imperator
974 1318 1087 1376 contra
1103 1311 1211 1377 Deum
1235 1319 1268 1376 et
1291 1313 1473 1399 predictam
1497 1316 1670 1381 ecelesiam
1693 1317 1933 1401 persecutionis

279 1436 366 1479 anna
380 1416 590 1481 incessanter
604 1420 637 1478 et
652 1420 804 1499 patenter
820 1421 964 1495 exercet,
989 1416 1043 1501 qui
1059 1423 1180 1500 quanto
1197 1417 1327 1481 celsiori
1344 1417 1501 1482 haetenus
1517 1419 1676 1503 dignitate
1700 1420 1774 1505 ipsa
1790 1420 1934 1484 ecelesia

282 1527 437 1607 operante
460 1518 628 1604 prefulsit,
656 1524 747 1583 tanto
769 1519 803 1583 in
825 1540 899 1584 eam
923 1519 1099 1584 crudeliori
1127 1519 1408 1585 animadversione
1432 1520 1568 1603 deserit,
1591 1523 1676 1588 vires
1703 1524 1850 1609 potentie
1874 1545 1933 1588 aue

280 1623 436 1688 adversus
449 1623 539 1687 illam
551 1621 693 1688 nefanda
703 1623 825 1688 mentis
838 1623 1054 1709 perversitate
1068 1625 1287 1704 eommittens,
1299 1624 1446 1689 acuendo
1462 1627 1496 1690 in
1508 1628 1675 1692 interitum
1692 1628 1764 1692 aius
1776 1626 1932 1713 gladium,

280 1750 370 1815 quem
397 1728 440 1793 ab
464 1728 537 1812 ipsa
552 1735 665 1793 contra
688 1728 758 1791 eius
776 1727 968 1792 vibraudum
985 1735 1175 1814 susceperat
1197 1728 1357 1794 inimicos.
1403 1729 1449 1793 Ut
1471 1737 1580 1795 autem
1604 1752 1664 1796 sua
1679 1752 1780 1816 prava
1795 1731 1933 1796 intentio

279 1834 407 1920 penitus
438 1838 573 1897 auctore
596 1830 738 1896 Domino
767 1837 926 1896 vacuetur
956 1839 990 1895 et
1014 1831 1239 1916 confringatur
1267 1853 1325 1897 sue
1354 1832 1552 1897 fortitudinis
1581 1833 1695 1913 robur,
1719 1833 1933 1918 malignitatis

279 1937 377 2025 ipsius
401 1935 623 2001 resistendum
648 1942 698 2000 est
720 1934 838 1999 studiis
862 1934 977 2019 suique
1007 1940 1082 2000 sunt
1104 1935 1227 2020 ubique
1252 1942 1390 2001 conatus
1414 1957 1433 1999 a
1455 1935 1579 2001 Christi
1602 1936 1754 2001 fidelibus
1778 1936 1932 2002 elidendi.

201 2094 211 2103 .
279 2038 419 2125 ideoque
435 2037 639 2118 mandamus,
658 2039 811 2124 quatinus
827 2038 999 2103 universos
1021 2038 1235 2103 ecelesiarum
1252 2039 1395 2124 prelatos
1408 2038 1615 2120 Alamannia,
1632 2039 1730 2104 Datie
1746 2061 1785 2105 ae
1796 2040 1932 2105 Polonie

277 2149 399 2210 attente
427 2162 565 2208 moneas
587 2147 621 2206 et
643 2142 795 2223 inducas,
822 2149 872 2223 ut,
896 2140 1107 2206 'considerato
1139 2142 1278 2206 sollicite
1308 2149 1385 2227 quet
1416 2142 1664 2208 tribulationum
1693 2144 1822 2209 malleis
1844 2143 1930 2209 idern

276 2245 308 2311 F.
332 2267 400 2311 non
431 2246 537 2312 solum
566 2246 803 2311 ecelesiamm⁸
826 2244 885 2309 sed
908 2245 1007 2308 etiarn
1031 2250 1136 2310 totum
1159 2245 1228 2310 lere
1253 2244 1476 2309 Christianum
1499 2247 1656 2332 populum
1680 2247 1869 2333 flagellarit,
1898 2254 1931 2312 et

275 2350 430 2436 quamdiu
461 2350 494 2415 in
524 2350 611 2414 vires
635 2350 877 2415 ecclesiasticos
901 2350 988 2413 virus
1011 2369 1069 2413 sue
1093 2348 1234 2412 feritatis
1259 2348 1427 2429 effuderit,
1456 2349 1609 2435 quodque
1633 2351 1752 2416 seriori
1777 2351 1930 2417 continue

271 2455 371 2519 furiat
402 2454 494 2519 rabie
524 2461 638 2519 eontra
661 2475 732 2532 eos,
756 2460 890 2540 propter
918 2452 1004 2538 qued
1033 2451 1152 2516 efficax
1176 2473 1274 2538 super
1302 2452 1366 2515 hiis
1390 2453 1544 2518 convenit
1566 2453 1747 2519 remedium
1771 2454 1929 2533 adhiberi,

272 2559 313 2623 ad
336 2557 479 2623 tuendas
501 2557 599 2623 fidem
629 2564 663 2623 et
692 2557 877 2621 libertatem
907 2556 1071 2642 predictas
1106 2561 1219 2620 contra
1248 2556 1350 2641 ipsius
1381 2555 1551 2641 perfidiam
1581 2556 1786 2623 ferventibus
1815 2558 1931 2623 animis

268 2670 486 2748 exurgentes,
507 2661 664 2726 adversus
687 2659 827 2725 eundem
849 2660 885 2725 F.
908 2680 1086 2744 omnesque
1108 2659 1250 2724 fautores
1275 2659 1379 2745 ipsius
1403 2660 1509 2724 erucis
1536 2659 1740 2744 signaculum
1763 2661 1803 2727 de
1820 2662 1930 2726 divino

269 2773 304 2830 et
326 2772 441 2831 nostro
465 2765 588 2830 auxilio
614 2770 787 2850 sperantes
815 2770 1000 2841 assumant,
1031 2770 1064 2828 et
1094 2770 1159 2827 tam
1189 2784 1250 2849 per
1278 2769 1310 2826 te
1339 2783 1435 2847 quam
1464 2752 1522 2849 per
1545 2764 1761 2828 eeclesiarum
1785 2764 1930 2850 prelatos

268 2869 420 2956 aliosque
445 2869 618 2954 religiosos
643 2876 676 2933 et
698 2869 864 2933 seculares
887 2867 1109 2953 predictarum
1132 2866 1317 2944 Alamauie,
1340 2864 1438 2931 Datie
1462 2887 1501 2930 ae
1524 2866 1675 2948 Polonie,
1700 2888 1781 2952 quos
1804 2868 1846 2932 ad
1869 2867 1929 2931 hoe

269 2973 407 3040 idoneos
431 2994 507 3039 esse
531 2972 670 3053 uereris,
694 2993 882 3059 proponens
906 2971 998 3036 iuxta
1021 2970 1131 3035 datam
1155 2970 1214 3034 tibi
1238 2992 1258 3034 a
1280 2969 1353 3034 Deo
1377 2969 1582 3055 prudentiam
1606 2992 1666 3056 per
1689 2971 1822 3035 easdem
1846 2971 1928 3035 Ala-

183 3105 195 3141 ·.
271 3078 432 3157 maniam,
464 3073 600 3142 Datiam
629 3078 662 3138 et
685 3074 858 3140 Poloniam
882 3074 1033 3139 fidelibus
1061 3074 1196 3140 verbum
1225 3075 1346 3152 erucis,
1376 3095 1449 3154 eos,
1478 3074 1564 3159 qued
1596 3082 1773 3161 pensantes
1805 3080 1929 3139 attente

270 3180 419 3247 iamdicti
440 3178 480 3245 F.
503 3180 732 3247 detestandam
755 3179 935 3266 nequitiam
959 3184 994 3244 et
1017 3179 1221 3265 propositum
1247 3180 1479 3258 execrandum,
1503 3185 1618 3244 eontra
1641 3180 1749 3266 ipsum
1772 3185 1929 3265 suscepto

269 3283 458 3351 huiusmodi
487 3285 656 3371 signaculo
684 3283 837 3350 celeriter
864 3289 899 3348 et
926 3283 1066 3349 viriliter
1094 3305 1129 3348 se
1157 3285 1347 3371 accingant,
1379 3283 1536 3349 studiosis
1566 3290 1600 3348 et
1622 3284 1747 3350 sedulis
1771 3284 1928 3349 exhorta-

271 3388 417 3455 tionibus
450 3389 607 3455 iuducere
636 3410 701 3454 uon
732 3395 922 3474 postponas.
971 3386 1041 3452 Nos
1071 3389 1173 3469 enim,
1210 3387 1250 3452 de
1279 3387 1513 3474 omnipotentis
1543 3386 1606 3453 Dei
1640 3387 1865 3454 misericordia
1896 3394 1928 3451 et

274 3491 444 3558 beatorum
468 3493 560 3558 Petri
584 3499 617 3559 et
639 3493 734 3558 Pauli
758 3492 982 3579 apostolorum
1005 3493 1074 3558 eius
1099 3492 1296 3557 auctoritate
1320 3491 1442 3571 confisi,
1467 3512 1511 3555 ex
1533 3491 1707 3576 illaquam
1731 3489 1827 3556 nobis
1851 3490 1928 3554 lieet

183 3627 187 3655 a
277 3596 418 3683 indignis
441 3596 535 3663 Deus
559 3597 682 3685 ligandi
704 3603 803 3684 atque
827 3597 978 3663 solvendi
1001 3603 1062 3662 etc.
1085 3604 1121 3660 ut
1144 3597 1177 3661 in
1201 3596 1310 3660 littera
1333 3593 1471 3659 XXIXb
1494 3615 1613 3679 usque:
1636 3595 1670 3659 in
1693 3594 1802 3661 finem.

373 3719 450 3785 Dat.
474 3719 637 3806 Lugduni,
660 3718 725 3784 XV
751 3718 825 3784 Kal.
849 3718 983 3805 Aprilis,
1008 3739 1092 3783 anno
1116 3723 1242 3803 quarto.

1054 4139 1140 4213 310.

376 4241 593 4334 Innocentius
608 4263 666 4329 IV
671 4282 761 4347 papa
775 4261 1016 4346 archiepiscopis
1037 4265 1066 4326 ct
1087 4261 1164 4326 aliis
1174 4262 1311 4343 prelatis
1330 4260 1547 4327 Alamanniae
1565 4258 1705 4337 mandat,
1728 4261 1764 4322 nt
1786 4257 1928 4340 qarothns

281 4369 446 4456 aP[etra]
468 4368 581 4437 Sancti
605 4367 734 4449 Georpii
759 4365 802 4430 ad
830 4364 938 4430 Vetarn
960 4366 1103 4429 Arrrcnnt
1131 4365 1265 4429 diacono
1292 4364 1466 4442 mrdinaii,
1488 4363 1675 4446 apostoticae
1708 4361 1791 4426 scriis
1819 4362 1927 4443 lanato,

283 4476 417 4556 requisiti
435 4474 571 4559 fuerint,
586 4472 730 4538 cadesim
751 4489 1016 4552 suessanumque
1039 4470 1119 4534 bona
1136 4489 1199 4550 pro
1216 4468 1426 4552 promamndo
1447 4468 1568 4549 maaria
1584 4466 1726 4531 actaeae
1749 4469 1777 4527 et
1803 4464 1927 4547 inperii

183 4575 414 4660 samm.
1552 4569 1838 4648 mmmm.

375 4698 438 4753 aa.
452 4697 500 4752 rr
515 4696 580 4766 aa.
598 4695 652 4753 ra.
665 4697 688 4764 r
702 4701 769 4762 aa,
788 4695 847 4749 cn.
861 4694 911 4762 rr,
924 4711 981 4749 aa.
996 4701 1035 4749 51.

375 4786 473 4854 aaa«
492 4791 565 4840 aar.

432 4926 826 5023 Archiepiscopis
855 4931 900 4999 et
927 4924 1176 5018 episeopis,
1204 4923 1481 5011 abbatibus,
1509 4919 1755 5013 prioribus

292 5054 325 5121 et
347 5053 454 5126 aliis
480 5048 1000 5141 ecclesiarumprelatiS,
1028 5053 1118 5121 tam
1147 5044 1375 5136 exemptis
1402 5064 1541 5134 quam
1569 5063 1655 5114 non
1691 5040 1925 5132 exemptio,

247 5206 273 5245 a
743 5192 824 5263 per
850 5168 1130 5243 Alamaniam
1162 5164 1443 5239 constitutis

361 5305 440 5372 (lum
466 5305 624 5372 dilectum
652 5304 754 5370 lilium
787 5310 934 5368 nostrum
970 5302 1008 5368 P.
1037 5300 1149 5365 Sancti
1180 5298 1318 5384 Georgii
1350 5296 1392 5360 ad
1419 5295 1539 5360 Velum
1570 5295 1716 5360 Aureum
1750 5292 1924 5358 diaconum

293 5405 606 5492 adiuuandam
630 5409 743 5495 utique
767 5409 907 5474 scientia
929 5405 1101 5494 preditum,
1126 5404 1301 5469 honestate
1325 5401 1480 5467 decorum
1504 5405 1538 5465 et
1562 5399 1594 5462 in
1620 5396 1765 5462 consiliis
1787 5397 1924 5462 circum-

376 5639 401 5711 ⁸)
415 5639 456 5693 ita
681 5638 802 5691 aeclesias
825 5637 868 5699 T.,·
886 5637 1021 5689 ecelesiam
1039 5653 1065 5686 n.
1079 5639 1135 5687 247.
1240 5630 1266 5699 ¹³)
1284 5650 1310 5683 n.
1323 5635 1380 5682 247.
