4328 6232
852 356 1052 412 upisuounu
1069 356 1259 412 subucula.
1298 357 1373 411 1246.
1884 360 1943 423 185

247 532 493 612 mandamus,
524 532 678 615 quatinus
708 537 774 596 tam
803 551 864 616 per
889 537 922 596 te
951 552 1048 616 quam
1081 553 1139 616 per
1167 532 1381 596 ecclesiarum
1413 531 1558 616 prelatos
1588 532 1717 597 illorum
1741 531 1882 618 partium
1906 553 1944 595 ac

250 635 382 714 alios,
406 633 581 719 religiosos
606 640 640 699 et
663 635 845 715 seculares,
873 654 955 718 quos
977 633 1017 699 ad
1049 634 1109 699 boo
1133 634 1280 717 ydoneos
1304 655 1378 699 esse
1402 636 1607 719 cognoveris,
1637 655 1822 722 proponens
1851 635 1945 698 iuxta

258 738 397 803 datam
419 735 480 803 tibi
498 735 606 802 aDeo
627 736 835 822 prudentiam
859 759 919 823 per
933 737 1068 815 Urbem,
1094 737 1309 825 Campaniam
1333 745 1366 803 et
1382 737 1580 803 Maritimam
1604 759 1643 803 ac
1665 740 1730 803 alia
1745 740 1820 803 loca
1835 738 1944 802 vicina

261 841 437 907 fidelibus
461 841 598 906 verbum
626 841 746 922 crucis,
775 863 830 907 eos
859 840 1015 906 studiosis
1045 850 1078 906 et
1102 841 1226 906 sedulis
1250 840 1533 907 exhortationibus
1557 841 1712 907 inducere
1736 843 1943 907 coanimare

273 966 456 1032 procures,
488 953 525 1009 ut
553 945 633 1031 ipsi,
657 943 864 1010 considerato
888 945 1026 1009 sollicite
1050 954 1130 1032 quot
1154 945 1401 1010 tribulationum
1426 946 1554 1010 malleis
1578 945 1665 1010 idem
1688 944 1726 1011 F.
1749 966 1814 1010 non
1836 946 1942 1009 solum

269 1049 460 1114 eeclesiam
483 1047 541 1114 sed
565 1047 665 1113 etiam
687 1048 763 1135 fere⁸
779 1055 886 1112 totum
910 1047 1131 1113 Christianum
1161 1050 1317 1135 populum
1347 1049 1537 1133 flagellarit,
1569 1055 1604 1113 et
1631 1048 1775 1134 quandiu
1797 1049 1830 1112 in
1854 1048 1943 1112 viros

276 1151 529 1218 ecclesiasticos
546 1153 657 1216 virus·
679 1170 738 1216 sue
761 1151 901 1216 feritatis
924 1151 1088 1229 effuderit,
1112 1152 1264 1237 quodque
1282 1151 1423 1217 seriorib
1440 1152 1592 1216 continue
1609 1152 1707 1216 furiat
1722 1151 1812 1216 rabie
1828 1158 1944 1216 contra

282 1277 355 1325 eos.
378 1254 622 1343 propterquod
647 1255 766 1320 efficax
790 1276 890 1342 super
913 1255 975 1319 hiis
1000 1257 1152 1321 convenit
1175 1256 1354 1320 remedium
1378 1254 1537 1334 adhiberi,
1560 1254 1602 1319 ad
1625 1255 1724 1320 fidem
1748 1255 1942 1327 catholicam

284 1367 321 1425 et
348 1360 536 1424 libertatem
564 1358 823 1424 ecclesiasticam
855 1358 1081 1424 defendendas
1111 1365 1224 1424 contra
1257 1359 1359 1444 ipsius
1388 1358 1558 1444 perfidiam
1590 1358 1793 1424 ferventibus
1824 1359 1941 1423 animia

289 1469 502 1549 exurgentes,
532 1463 706 1548 presertim
734 1484 808 1527 cum
834 1464 900 1527 iam
928 1464 1011 1528 alius
1035 1464 1078 1527 sit
1100 1465 1132 1527 in
1155 1462 1374 1528 Romanorum
1398 1483 1510 1548 regem
1532 1470 1722 1549 assumptus
1746 1464 1778 1526 in
1801 1463 1942 1548 impera-

287 1574 390 1631 torem
414 1574 550 1631 auctore
572 1565 714 1631 Domino
737 1566 977 1652 promovendus
988 1569 1010 1644 ¹,
1039 1566 1197 1631 adversus
1221 1566 1362 1633 eundem
1387 1567 1423 1630 F.
1447 1576 1648 1652 omnesque⁰
1671 1566 1816 1630 fautores
1839 1567 1942 1652 ipsius

287 1671 390 1734 crucis
405 1670 620 1755 signaculum,
644 1668 684 1734 dc
700 1670 810 1735 divino
827 1676 860 1734 et
876 1677 987 1735 nostro
1004 1671 1124 1734 auxilio
1147 1677 1328 1754 sperantes,
1353 1677 1532 1735 assumant.
1567 1668 1636 1734 Nos
1661 1671 1746 1734 enim
1771 1669 1812 1733 de
1836 1670 1941 1733 onmi-

287 1773 429 1858 potentis
458 1771 521 1837 Dei
552 1773 777 1838 misericordia
807 1781 840 1838 et
872 1773 1043 1838 beatorum
1072 1774 1163 1838 Petri
1193 1782 1226 1838 et
1255 1774 1347 1837 Pauli
1383 1775 1454 1839 eius
1490 1775 1710 1859 apostolorum
1745 1774 1941 1842 auctoritato

288 1877 412 1949 confisi,
435 1897 478 1940 ex
501 1877 556 1940 ills
579 1897 675 1963 quam
699 1877 792 1941 nobis
816 1878 892 1942 licet
914 1877 1056 1962 indignis
1072 1878 1164 1942 Deus
1189 1878 1312 1963 ligandi
1334 1885 1431 1962 atque
1450 1876 1598 1941 solvendi
1615 1879 1749 1941 contulit
1765 1884 1940 1963 potestate,

183 1991 198 2021 '¹
288 1979 437 2045 omnibus
461 1981 515 2066 qui
540 1979 684 2044 laborem
708 1980 804 2043 istum
829 1981 860 2043 in
884 1981 1025 2066 propriis
1048 1981 1199 2066 personis
1225 1981 1383 2046 subierint
1406 1989 1439 2045 et
1463 1983 1633 2066 expensis,
1665 2002 1703 2045 ac
1727 1982 1775 2045 eis
1798 1982 1853 2066 qui
1876 2001 1941 2044 non

287 2085 318 2148 in
346 2085 497 2171 personis
527 2084 667 2170 propriis
693 2084 915 2148 laboraverint
946 2092 996 2148 set
1028 2085 1059 2147 in
1085 2085 1152 2148 suis
1174 2084 1347 2148 dumtaxat
1371 2085 1554 2170 sumptibus
1579 2086 1671 2149 iuxta
1695 2085 1885 2149 facultatem
1909 2091 1942 2147 et

287 2188 475 2272 qualitatem
514 2209 605 2252 suam
632 2187 776 2272 ydoneos
806 2185 1044 2251 destinaverint
1074 2187 1266 2258 bellatores,
1305 2209 1431 2253 necnon
1463 2189 1527 2252 illis
1555 2189 1623 2273 qui,
1658 2188 1735 2252 licet
1762 2189 1794 2252 in
1822 2188 1940 2252 alienis

287 2292 452 2376 expensis,
476 2291 510 2354 iu
533 2291 671 2377 propriis
693 2299 803 2355 tamen
825 2291 976 2376 personis
994 2312 1075 2355 onus
1093 2290 1178 2355 istud
1195 2291 1441 2376 assumpserint,
1465 2291 1553 2355 illam
1571 2312 1704 2355 suorum
1720 2298 1941 2376 peccatorum,

288 2394 469 2479 dequibus
493 2395 653 2458 veraciter
676 2393 772 2458 corde
796 2394 926 2458 contriti
951 2401 984 2458 et
1008 2415 1064 2458 ore
1089 2394 1232 2459 confessi
1254 2395 1385 2469 fuerint,
1411 2395 1537 2459 veniam
1560 2394 1769 2479 indulgemus
1785 2395 1940 2480 ipsosque

183 2514 213 2546 τ’)
289 2499 343 2562 illo
372 2498 543 2584 privilegio
573 2520 677 2584 eaque
705 2499 911 2563 immunitate
940 2497 1085 2582 gaudere
1115 2499 1282 2573 volumus,
1312 2520 1375 2583 que
1399 2498 1500 2563 Terre
1526 2498 1646 2564 Sancte
1675 2499 1940 2564 succurrentibus

289 2602 319 2665 in
341 2603 490 2685 generali
513 2602 654 2666 coneilio
678 2602 774 2668 suntl
798 2623 966 2667 concesse.
1005 2602 1113 2666 Huius
1136 2624 1265 2688 quoque
1289 2603 1490 2667 remissionis
1515 2602 1725 2667 concedimus
1749 2623 1822 2667 esse
1838 2604 1946 2687 parti-³

290 2707 375 2793 cipes
400 2707 492 2770 iuxta
514 2708 730 2791 quantitatem
755 2706 892 2771 subsidii
912 2714 946 2770 et
968 2705 1152 2771 devotionis
1176 2707 1329 2771 allectum
1354 2727 1477 2779 omnes,
1502 2707 1555 2790 qui
1579 2705 1737 2770 adversus
1760 2705 1881 2770 dictum
1902 2706 1939 2773 F.

291 2817 322 2874 et
349 2810 420 2873 eius
451 2810 595 2874 fautores
623 2809 664 2875 de
692 2810 789 2875 bonis
817 2810 886 2874 suis
914 2830 1057 2895 congrue
1087 2810 1332 2889 ministrabunt,
1363 2817 1419 2873 aut
1446 2810 1616 2874 eonsilium
1641 2819 1674 2874 et
1697 2811 1855 2875 auxilium
1879 2812 1939 2874 im-

293 2913 461 2998 penderint
484 2920 690 2999 oportunum.

184 3048 223 3087 2³·
395 3032 473 3098 Dat.
497 3033 660 3119 Lugduni,
679 3035 710 3099 V
733 3035 812 3100 Idus
836 3035 907 3101 Oct.
933 3056 1017 3099 anno
1042 3043 1167 3119 quarto.

911 3350 963 3357 .-
976 3348 1319 3356 ..-—-——-—.——

1073 3647 1158 3720 248.

391 3762 609 3854 hraineinais
624 3786 679 3851 IV
688 3808 778 3867 propa
792 3786 979 3872 [Philippo]
995 3787 1085 3850 eleeto
1101 3785 1315 3860 Ferrare'cnsi,
1338 3786 1523 3866 apostolieae
1546 3786 1628 3849 sedis
1651 3786 1757 3868 legato,
1780 3786 1824 3849 orl
1834 3808 1942 3870 preces

300 3887 421 3954 llerrriei
442 3889 562 3954 clentini
583 3889 620 3954 de
643 3889 811 3972 lenzburg,
839 3889 1119 3964 (hundredorum,
1142 3894 1171 3952 et
1193 3888 1366 3952 Muthilrlis
1389 3889 1498 3951 neoris·
1521 3888 1601 3966 eius,
1624 3891 1741 3953 sororis
1763 3890 1942 3975 [Conrodr]

300 3992 511 4075 archicpiscopi
528 3991 732 4069 (heleniensis,
757 3993 894 4068 rrmndot,
918 3997 954 4055 nt
976 3991 1115 4056 Henrieo
1137 3993 1173 4055 ‹le
1196 3991 1389 4055 Veterieerin
1411 3991 1520 4054 elerico
1539 3990 1733 4055 Coloniensis
1755 3993 1884 4058 diocesis
1908 3995 1941 4057 in

300 4095 397 4177 ulique
412 4096 611 4161 eeclesiarum
625 4097 791 4179 legationis
804 4117 880 4161 suae
894 4097 932 4161 dc
948 4097 1156 4179 praebendali
1172 4096 1316 4177 herrestein
1328 4095 1500 4179 provident.
1603 4097 1695 4172 1246,
1722 4098 1785 4160 oct.
1804 4100 1853 4159 12.

226 4210 258 4246 ³·
393 4215 457 4271 lnn.
473 4216 491 4268 Ι
494 4214 519 4268 V
533 4214 597 4285 Ray.
616 4215 708 4283 Votl,
726 4222 787 4282 366,-
806 4215 862 4269 Lib.
877 4215 898 4267 Ι
903 4215 931 4283 V,
951 4222 1010 4269 448.
1044 4215 1199 4285 Eaeenqrtur,
1218 4215 1290 4283 qnod
1308 4216 1406 4282 chocr
1423 4214 1511 4280 alulit,
1530 4232 1590 4267 eccm
1610 4215 1726 4282 Rcycalis
1744 4217 1854 4269 wrctrdit
1870 4221 1893 4270 et
1909 4233 1942 4270 cx

301 4298 329 4352 a'r
343 4301 468 4369 suffecit
488 4299 516 4354 V.
530 4298 568 4354 (Il.
581 4301 616 4354 A.
630 4299 709 4354 Man.
746 4301 869 4369 Epistola
888 4302 963 4355 cirea
980 4317 1091 4355 trienna
1112 4302 1195 4355 Min-t.
1208 4320 1232 4354 n.
1247 4308 1312 4355 1247
1328 4300 1432 4353 (lemtim
1449 4300 1479 4351 in
1498 4299 1559 4367 Rep.
1578 4301 1662 4353 eclam
1680 4306 1722 4354 cst.

391 4387 492 4456 Berger
503 4394 581 4441 2444.

539 4568 577 4589 ..
607 4516 746 4590 eleeto
774 4514 1069 4604 ferrariensi,
1096 4516 1343 4608 apostolice
1372 4514 1494 4587 sedis
1522 4514 1682 4605 legate.

393 4665 489 4730 Pium
512 4672 565 4731 est
587 4672 621 4731 et
643 4666 736 4751 quasi
764 4664 904 4750 quodam
934 4664 1045 4729 debito
1075 4665 1154 4728 iuris
1184 4665 1337 4748 exigitur,
1368 4670 1403 4726 ut
1426 4663 1552 4735 cleriei,
1582 4663 1639 4748 qui
1667 4673 1879 4729 assumuntur
1908 4669 1939 4731 in

245 4756 264 4793 ²³
302 4775 409 4832 sonem
424 4766 569 4844 Domini,
592 4767 633 4832 ad
649 4766 839 4833 hereditatis
861 4767 964 4852 ipsius
982 4767 1187 4853 participium
1205 4766 1426 4845 admittantur,
1451 4772 1486 4828 et
1506 4766 1692 4849 patrimonii
1717 4769 1787 4833 eius
1811 4778 1940 4834 susten-

301 4874 397 4935 tentur
418 4871 607 4957 stipendiis,
639 4871 731 4935 euius
755 4870 920 4956 obsequiis
944 4870 1161 4934 ascribuntur.
1209 4869 1290 4933 Cum
1315 4869 1414 4953 igitur
1437 4868 1577 4932 dilectus
1601 4869 1686 4935 filius
1712 4870 1874 4936 Henrious
1899 4873 1940 4938 de

301 4969 494 5040 letericuria
517 4976 655 5041 clericus
679 4972 886 5038 Coloniensis
916 4973 1069 5043 diocesis.
1104 4973 1145 5038 dc
1171 4976 1261 5038 cuius
1286 4975 1351 5037 vita
1375 4980 1408 5036 et
1432 4994 1555 5036 morum
1579 4973 1752 5038 honestate
1776 4976 1940 5041 laudabile

300 5077 379 5143 nobis
400 5079 625 5143 testimonium
647 5077 852 5164 perhibetur,
879 5098 944 5140 non
967 5077 1098 5157 habeat,
1123 5077 1208 5142 unde
1233 5076 1412 5141 secundum
1436 5097 1494 5140 sue
1512 5078 1629 5141 merita
1644 5077 1817 5164 probitatis
1833 5080 1941 5143 valeat

394 5236 568 5244 ——-—
581 5236 792 5243 ——..—----
826 5236 849 5242 ...
884 5235 1058 5241 .-.--·-—-
1082 5235 1088 5240 -
1107 5236 1155 5241 .-.
1168 5237 1270 5243 .....—.
1300 5237 1397 5243 .-.-.-..
1415 5235 1714 5242 ..-—--—.——.—
1734 5235 1835 5242 ...—

390 5339 415 5403 ⁸)
433 5340 470 5390 ito
486 5339 564 5390 adam
585 5342 613 5393 2:
632 5340 699 5390 vires
712 5338 744 5390 B.
848 5336 873 5401 1))
893 5340 929 5388 ile
947 5339 1022 5389 etiam
1040 5342 1070 5397 2,·
1093 5339 1178 5390 feriori
1191 5337 1223 5386 B.
1331 5336 1354 5400 c)
1373 5337 1404 5386 B.
1424 5347 1448 5389 et
1465 5343 1495 5398 2,-
1515 5339 1622 5404 ciusque
1636 5338 1665 5388 P.
1771 5334 1797 5400 (¹)
1812 5355 1864 5403 pro
1881 5354 1941 5389 eon·

249 5416 267 5455 ⁴⁸
303 5420 350 5473 cillo
365 5432 426 5476 sunt
442 5422 542 5490 ap.B.:
559 5426 645 5477 fucrit.

392 5560 418 5623 l)
437 5556 587 5613 Hau
607 5556 695 5613 Μ
714 5574 798 5627 rapam
819 5559 898 5612 ciera
919 5559 956 5611 nil
978 5575 1020 5612 res
1038 5559 1149 5613 Italicas
1172 5564 1296 5626 masao
1314 5576 1346 5614 aa
1362 5560 1421 5614 eires
1437 5559 1550 5630 misaelis
1567 5577 1611 5628 up.
1631 5557 1864 5627 Belem-Fiden,
1884 5559 1900 5612 l.
1919 5575 1940 5613 c.

302 5648 467 5699 tulo-4872
733 5660 787 5700 w.

389 5736 457 5793 un
1699 5741 1734 5797 ‘24
