4328 6232
352 348 414 410 soa
907 342 955 398 ux
974 340 1192 397 mnoonrrn
1210 340 1248 395 rr
1266 338 1447 397 nuorsrno

353 518 589 582 contumaciter
625 516 918 603 contempnebant,
956 515 1301 582 excommunicationis
1339 519 1373 578 et
1410 516 1444 579 in
1485 514 1651 581 civitatem
1692 514 1798 600 ipsam
1838 509 2005 577 interdicti

354 622 532 687 sententias
555 620 710 705 exigente
733 620 859 683 iustitia
882 620 1115 706 promulgavit;
1138 640 1219 705 quas
1243 617 1303 704 ipsi
1325 615 1579 703 dampnabiliter
1602 621 1873 703 contempnentes
1897 615 2005 680 redire

351 726 394 790 ad
415 727 574 790 unitatem
598 724 735 788 ecclesie
759 731 987 809 aspernantur.
1031 724 1076 789 Ut
1098 725 1197 809 igitur
1226 723 1332 787 acrior
1357 741 1442 809 pena
1467 726 1610 808 pungat,
1639 741 1722 806 quos
1748 721 1840 786 nulla
1868 720 2003 809 penitus

353 831 511 895 hactenus
535 828 691 915 penitudo
715 829 914 915 compunxit,
938 816 1148 911 mandamus,
1171 829 1322 913 quatinus
1345 825 1478 891 easdem
1500 825 1692 906 sententias,
1715 824 1799 889 sicut
1821 822 2003 888 rationabi-

355 935 429 998 liter
459 941 534 997 sunt
565 931 709 1017 prolate,
746 932 869 997 iaciens
910 933 1106 997 auctoritate
1142 939 1251 997 nostra
1285 951 1389 1016 usque
1429 929 1471 996 ad
1510 930 1768 995 satisfactionem
1806 925 2004 1012 condignam

355 1038 576 1125 appellatione
610 1042 738 1101 remota
772 1037 1003 1103 inviolabiliter
1038 1037 1219 1116 observari,
1254 1036 1408 1100 fratribus
1440 1033 1705 1100 Predicatoribus
1740 1037 1774 1097 et
1807 1029 2003 1112 Minoribus,

353 1140 602 1228 Hospitalariis,
625 1141 792 1205 monachis
817 1148 851 1207 et
873 1142 946 1206 aliis
974 1141 1136 1226 religiosis
1165 1137 1396 1226 cuiuscumque
1419 1138 1541 1203 ordinis
1564 1146 1598 1203 et
1620 1137 1789 1224 religionis
1811 1135 1894 1201 inibi
1918 1155 2004 1198 com·

353 1245 555 1310 morantibus
579 1265 732 1330 expresse
756 1252 914 1332 exparte
938 1254 1049 1309 nostra
1070 1245 1237 1326 inhibeas,
1271 1265 1312 1308 ne
1337 1242 1462 1307 civibus
1489 1241 1571 1329 ipsis
1598 1241 1809 1327 presentibus
1834 1241 1868 1305 in
1891 1259 2004 1303 eorum

355 1349 501 1413 eeclesiis
525 1355 558 1413 et
587 1351 722 1435 capellis
751 1349 859 1414 divina
887 1349 993 1414 officia
1021 1349 1189 1415 celebrent
1213 1348 1264 1413 vel
1294 1349 1417 1412 faciant
1440 1347 1616 1426 celebrari,
1640 1383 1680 1393 -
1703 1366 1769 1410 non
1797 1342 2003 1410 obstantibus

353 1453 535 1539 privilegiis
559 1474 617 1516 seu
641 1452 850 1538 indulgentiis
875 1453 996 1519 eisdem
1020 1454 1181 1538 religiosis
1197 1473 1294 1538 super
1310 1452 1371 1516 hoc
1394 1451 1436 1516 ab
1460 1452 1642 1537 apostolica
1662 1448 1742 1515 sede
1759 1447 1928 1513 concessis
1946 1469 2002 1520 —;

354 1577 565 1643 processurus
589 1578 689 1642 super
712 1558 773 1622 hoc
797 1557 887 1639 alias,
910 1565 1008 1644 prout
1029 1558 1149 1621 rideris
1173 1556 1340 1643 expedire.

459 1677 534 1744 Dat.
556 1678 718 1764 Lugduni,
735 1679 802 1743 Vll
824 1679 900 1745 Kal.
923 1680 1075 1764 Augusti,
1100 1699 1184 1744 anno
1201 1678 1274 1744 V⁰².

1136 2083 1225 2156 416.

459 2199 677 2292 Innocentius
692 2223 747 2289 IV
761 2245 851 2305 papo
863 2223 968 2309 fratri
989 2223 1176 2306 Benoefidei
1197 2223 1320 2288 ordinis
1336 2223 1497 2287 Minorem
1519 2225 1659 2306 monetat,
1681 2233 1718 2293 nt
1739 2230 1819 2297 clero
1840 2236 1870 2298 ct
1887 2235 2006 2321 populo

354 2326 596 2405 Beneventanis,
612 2329 755 2393 eeclesiae
768 2328 922 2410 fidelitas,
937 2330 1210 2394 excommnnicatis
1228 2348 1287 2408 pro
1309 2347 1343 2391 cc
1365 2327 1448 2409 qnod
1461 2327 1627 2394 Fridcrs'eo
1642 2335 1799 2413 qnondam
1822 2338 2007 2421 imperatori

354 2435 383 2495 et
404 2428 595 2515 officialibus
616 2433 685 2495 eins
708 2432 777 2495 lieet
798 2433 893 2496 inciti
915 2434 1150 2511 conrmnniecnt,
1183 2433 1324 2514 quctnns
1351 2432 1522 2512 requisitas
1545 2429 1665 2516 fuerit,
1687 2437 1897 2507 obminicnie
1918 2443 2007 2509 benc·

353 2535 460 2616 ficium
484 2535 652 2616 impendat.
1661 2541 1755 2620 2247,
1777 2543 1845 2610 Inl.
1867 2547 1922 2612 23.

461 2655 523 2710 Inn
537 2654 585 2710 IV
600 2655 776 2725 ReaVoM,
795 2655 938 2725 4453L1b.
959 2656 989 2724 V,
1008 2662 1051 2712 48.
1088 2655 1249 2725 Enonplor,
1277 2653 1348 2723 qnod
1373 2654 1518 2722 Storeleo,
1547 2655 1620 2710 Bar.
1650 2656 1787 2716 Francise.
1814 2668 1832 2716 t.
1851 2665 1881 2737 I,
1904 2682 1935 2737 p
1953 2675 2008 2738 aa,

358 2758 386 2794 n.
405 2747 453 2796 223
471 2739 561 2809 edidit,
579 2757 639 2794 cnm
658 2740 775 2809 Repertis
791 2743 905 2796 cosentit
928 2742 957 2797 V.
977 2741 1016 2796 (ll.
1037 2741 1068 2796 0.
1087 2741 1119 2795 de
1137 2741 1228 2795 Felice.

464 2827 594 2896 Pmoun,
615 2827 678 2896 noy.
697 2834 787 2892 Μὴ
804 2828 902 2897 Beryae
913 2834 986 2884 3097.

604 3010 756 3084 Fratri
785 3008 1029 3082 Benefidei
1058 3008 1111 3081 de
1140 3007 1291 3081 ordine
1319 3007 1507 3081 fratrum
1532 3008 1765 3086 Minorum.

465 3157 585 3224 Nostro
609 3161 727 3224 mentis
751 3160 853 3224 oculis
877 3164 1105 3245 presentantes
1129 3158 1307 3243 angustias,
1325 3159 1442 3244 quibus
1458 3159 1569 3226 dilecti
1593 3161 1651 3225 lilii
1676 3163 1782 3229 clerus
1806 3173 1841 3231 et
1863 3171 2008 3258 populus

357 3259 598 3343 Beneventani,
630 3262 768 3327 ecclesie
795 3261 942 3327 Romane
973 3262 1105 3342 fideles,
1141 3282 1201 3348 per
1234 3261 1335 3347 ipsius
1366 3260 1478 3327 hostes
1511 3265 1663 3350 nequiter
1696 3267 1905 3355 affliguntur,
1930 3296 2010 3341 con-

357 3364 561 3439 solationem,
585 3387 682 3451 quam
705 3364 804 3450 digne
827 3387 1011 3451 possumus,
1034 3366 1175 3430 libenter
1198 3366 1343 3453 ipsorum
1359 3366 1511 3431 cordibus
1526 3389 1749 3454 procuramus.
1795 3373 1880 3440 (lum
1895 3378 2010 3465 itaque

357 3467 419 3554 ipsi
454 3489 512 3554 pro
546 3490 600 3548 eo,
636 3470 723 3555 quod
754 3468 920 3534 Friderico
944 3469 1107 3554 quondam
1129 3469 1317 3555 imperatori
1347 3475 1380 3534 et
1409 3469 1601 3539 officialibus
1629 3494 1668 3539 ao
1690 3477 1813 3542 nuntiis
1835 3480 1909 3546 eius
1932 3485 2014 3552 licet

354 3570 449 3634 inriti
482 3574 721 3638 communicant
751 3579 784 3638 et
814 3572 1003 3655 intendunt,
1041 3573 1387 3639 excommunicationis
1418 3575 1537 3662 laqueo
1564 3578 1628 3643 siut
1656 3581 1782 3647 astricti
1809 3591 1844 3650 et
1872 3590 2016 3676 astringi

356 3677 449 3759 quasi
473 3674 592 3740 cotidie
615 3685 749 3763 propter
765 3679 1026 3743 communionem
1043 3675 1228 3741 huiusmodi
1247 3678 1522 3764 compcllautur⁸:
1546 3701 1615 3762 nos,
1632 3703 1744 3749 eorum
1759 3686 1823 3773 piis
1837 3687 2017 3759 desideriis

357 3785 549 3862 annuentes,
572 3781 773 3866 presentium
796 3781 856 3844 tibi
879 3781 1075 3845 auctoritate
1100 3780 1346 3859 committimus,
1377 3789 1412 3846 ut
1441 3782 1565 3850 eisdem
1593 3785 1683 3854 clero
1710 3794 1744 3854 ct
1766 3793 1907 3879 populo,
1937 3817 2016 3863 eum

357 3888 488 3968 propter
522 3883 582 3948 hoc
618 3884 659 3947 ad
698 3891 730 3950 te
766 3884 918 3950 duxerint
954 3884 1118 3949 humiliter
1151 3884 1399 3964 recurrendum,
1433 3887 1651 3955 absolutionis
1688 3892 1884 3962 beneficium
1920 3898 2020 3966 iuxta

358 3985 495 4048 formam
525 3986 664 4052 ecclesie
692 3989 841 4073 largiaris
878 3996 911 4052 et
943 3989 1156 4074 penitentiam
1187 3989 1363 4053 salutarem
1394 3990 1545 4076 iniungas
1574 4014 1612 4057 ao
1642 3997 1869 4065 ecclesiastica
1899 4024 2017 4070 sacra-

360 4094 470 4152 menta
493 4090 664 4156 ministres.
711 4090 881 4173 Ceterum,
912 4092 939 4155 si
967 4100 1000 4156 te
1024 4092 1142 4156 abesse
1165 4091 1249 4156 forte
1273 4093 1463 4177 contigerit,
1495 4093 1625 4162 duobus
1647 4099 1699 4163 rel
1723 4100 1826 4166 tribus
1848 4103 2014 4174 fratribus

359 4191 406 4255 tui
430 4190 551 4256 ordinis
576 4193 725 4259 discretis
750 4202 783 4259 et
805 4194 949 4282 providis
972 4217 1070 4283 super
1094 4196 1155 4259 hoc
1180 4197 1266 4260 vices
1288 4202 1362 4261 tuas
1386 4198 1501 4263 eadem
1524 4203 1718 4269 auctoritate
1742 4209 1940 4279 committas.

466 4312 543 4379 Dat.
567 4313 730 4400 Lugduni,
747 4315 778 4377 V
792 4315 868 4384 Kal.
892 4318 979 4401 Aug.
1002 4337 1087 4381 anno
1103 4315 1180 4382 Ψ.

1138 4721 1227 4797 417.

466 4830 684 4927 Innocentius
712 4860 736 4925 Ι
738 4858 766 4925 V
796 4883 883 4944 pope
910 4858 1090 4950 [Srgefrido
1112 4864 1192 4949 ΠΙ]
1220 4863 1448 4946 archiepiscopo
1470 4864 1664 4951 Magantino
1691 4871 1837 4953 mandat,
1871 4880 1911 4940 nt
1946 4898 2027 4944 sen-

362 4965 520 5028 lentiore
541 4963 726 5050 [Conrado]
748 4966 974 5050 archiepiscopo
1000 4966 1178 5034 Coloniensi
1201 4969 1237 5031 in
1260 4967 1404 5052 formem
1429 4970 1608 5037 Theoderici
1627 4976 1658 5038 et
1678 4973 1815 5041 Hernici
1833 4976 1873 5044 de
1888 4979 2029 5048 Mores·

1739 5120 1881 5129 ——.——

462 5191 487 5255 ⁸)
506 5192 673 5260 compellatur
691 5193 723 5244 n.

463 5294 489 5362 1)
508 5292 564 5348 Surb
583 5291 770 5364 Octrrpnpo
797 5293 877 5350 aden
902 5294 1021 5364 episcopo
1046 5294 1198 5366 mendant,
1223 5301 1256 5352 nt
1280 5301 1403 5354 mmm
1428 5299 1547 5356 oeoleaioe
1571 5299 1603 5356 dc
1629 5301 2027 5373 hermamonem

360 5374 485 5448 diocese,
512 5381 559 5449 qni
586 5381 616 5435 in
642 5381 743 5438 deitate
768 5383 917 5439 Basilinssi
943 5384 1097 5439 ondontntc
1117 5386 1261 5455 apostolico
1281 5385 1418 5442 interdicto
1437 5389 1577 5459 suppara
1598 5389 1761 5446 mendenen
1780 5393 1833 5448 abi
1842 5396 2023 5467 gemidia,

359 5465 861 5539 cedniaanopnmrctfflcrperetea
963 5470 2024 5547 amaladeneeraooeoncailieneeanonooonoeaneno'um

359 5551 453 5708 w
478 5567 543 5609 snae
564 5552 873 5628 Bremetennacum
889 5558 1026 5630 ormam
1049 5558 1185 5616 Sadrsotns
1208 5559 1309 5617 Irsdtois
1335 5560 1486 5618 detineberis*
1507 5562 1589 5618 inda
1612 5564 1818 5623 Bormam
1842 5568 2022 5633 ms·

432 5654 461 5694 cr
478 5645 553 5697 3260.
1730 5684 1735 5689 -
