4328 6232
201 341 262 406 288
750 334 800 390 EX
817 332 1038 390 INNOCENTII
1056 334 1096 389 IV
1113 331 1296 388 audurae

195 530 373 592 personam,
394 511 481 591 cique
495 509 635 587 iuuabit,
658 530 697 574 ae
718 509 761 573 nd
781 509 842 573 iter
862 528 895 572 sc
909 509 1059 590 accingat,
1083 526 1240 589 quotaque
1261 525 1356 586 super
1376 504 1432 569 boe
1446 508 1551 569 uotam
1565 502 1856 587 sedisapostolicae

201 614 370 696 agnoverit.
1503 612 1597 686 1247,
1621 608 1768 672 Ian.17.

304 735 368 787 Ian.
383 734 433 788 IV
449 736 511 804 Rep.
532 735 623 803 VotI,
643 741 705 798 43ae
723 733 782 788 Lab.
797 734 817 787 1
821 732 850 802 V,
870 749 927 788 eur.
946 740 1002 788 124.
1037 733 1146 786 Damus
1163 747 1196 786 aa
1215 731 1307 801 Ruya.
1326 729 1400 784 Aac.
1418 729 1474 783 rect
1493 747 1519 782 a.
1539 735 1609 796 1247,
1628 733 1645 794 ἕ
1663 734 1702 783 13.

303 820 433 889 Pottlsoat,
453 821 515 889 ltep.
534 828 627 888 125&
645 821 742 889 Berpcr
758 827 832 875 3040.

730 1053 769 1073 ..
797 997 969 1072 illustri
996 999 1091 1090 regi
1117 995 1317 1070 Francis.

308 1149 467 1213 Latentur
491 1148 552 1212 ccli
576 1154 609 1211 ot
632 1148 757 1210 exultet
780 1151 885 1226 terra,
915 1144 1002 1229 quod
1025 1145 1071 1208 sic
1094 1143 1197 1208 Deus
1211 1165 1312 1231 super
1334 1146 1526 1225 ecclesiam,
1556 1144 1589 1209 iu
1614 1144 1673 1208 filii
1700 1144 1752 1209 sui
1781 1144 1854 1208 uni-

201 1253 303 1338 geniti
328 1253 484 1336 sanguine
508 1251 652 1336 pretioso
676 1249 854 1328 fundatam,
879 1269 971 1312 suam
996 1247 1037 1311 de
1060 1268 1145 1311 novo
1162 1247 1338 1312 illustravit
1360 1247 1488 1328 facicm,
1512 1254 1549 1311 nt
1571 1268 1635 1333 que
1658 1246 1722 1311 sub
1745 1247 1854 1310 insur-

201 1357 347 1440 gentium
371 1355 498 1419 turbine
522 1361 755 1440 tempestatum
779 1353 975 1419 credebatur
999 1358 1181 1417 extrcmum
1206 1352 1299 1436 quasi
1320 1374 1459 1438 passura
1482 1352 1677 1438 perieulum,
1701 1350 1856 1415 rideatur

201 1460 307 1524 subito
332 1460 486 1544 consequi
509 1480 581 1523 cunr
604 1459 736 1522 honoris
761 1457 962 1543 plenitudine
986 1478 1100 1521 scauro
1125 1456 1289 1520 libertatis
1314 1457 1483 1537 effectum,
1507 1463 1556 1534 te,
1579 1456 1646 1519 filio
1670 1454 1853 1533 carissimo,

201 1585 258 1649 pre
281 1570 366 1626 terre
389 1562 590 1647 principibus
615 1562 648 1624 in
671 1567 850 1646 conspectu
873 1560 938 1624 Dei
962 1565 996 1623 et
1019 1560 1188 1623 hominum
1211 1560 1376 1643 glorioso,
1399 1560 1454 1644 qui
1478 1558 1598 1623 duxisti
1623 1559 1789 1643 originem
1812 1557 1852 1622 dc
1880 1572 1895 1606 ¹⁴

201 1667 302 1750 stirpe
327 1665 418 1750 rogia
438 1665 579 1728 fructum
602 1664 734 1728 honoris
757 1670 790 1728 et
813 1664 918 1747 gratio
944 1684 1074 1749 semper
1099 1664 1238 1727 ccclesia
1262 1663 1444 1748 producere
1461 1669 1629 1743 consucta,
1652 1664 1726 1726 sine
1752 1662 1852 1726 iuter·

201 1771 364 1855 positione
389 1769 494 1853 spatii,
519 1768 646 1832 fervore
670 1774 829 1852 concepto
854 1769 957 1831 sancti
981 1768 1123 1852 spiritus,
1148 1788 1221 1830 cum
1247 1767 1416 1831 carissima
1439 1767 1471 1830 in
1493 1766 1623 1831 Christo
1647 1766 1716 1830 filia
1740 1772 1854 1830 nostra

200 1873 319 1937 illustri
346 1873 458 1957 regina
480 1871 619 1935 Franeic
647 1877 751 1935 matre
779 1892 818 1934 ac
845 1871 973 1935 dilectis
1002 1871 1077 1934 filiis
1107 1869 1272 1935 nobilibus
1302 1871 1380 1934 viris
1404 1871 1559 1936 fratribus
1586 1871 1650 1935 tuis
1675 1869 1853 1935 comitibus

199 1979 395 2041 unanimiter
417 1976 613 2041 decernente
626 1976 646 2053 ¹,
676 1974 762 2060 quod
792 1975 825 2038 in
850 1976 969 2056 nostri,
997 1995 1094 2058 quem
1123 1994 1182 2059 pro
1212 1973 1323 2039 divina
1345 1976 1532 2040 reverentia
1559 1974 1618 2039 tibi
1642 1975 1853 2059 recognoscis

199 2081 232 2144 in
256 2087 397 2166 patrem,
427 2102 464 2143 ac
487 2080 588 2163 ipsius
611 2079 838 2144 defensionem
863 2078 1004 2142 ecclesie
1027 2098 1100 2140 cum
1125 2078 1300 2141 victorioso
1323 2078 1452 2143 venires
1475 2081 1624 2143 exercitu
1647 2078 1736 2141 omui
1760 2085 1852 2163 post·
1878 2086 1896 2123 ¹²

199 2185 307 2270 posita
335 2182 499 2247 tarditate.
543 2182 595 2246 Dc
624 2182 720 2245 buius
747 2188 858 2245 autem
886 2182 994 2266 operis
1018 2181 1128 2245 divina
1150 2182 1255 2266 gloria
1285 2203 1345 2246 nos
1368 2203 1434 2246 una
1457 2202 1530 2245 cum
1553 2182 1711 2247 iratribus
1734 2181 1854 2245 nonnis

199 2287 380 2352 incredibili
404 2286 606 2351 iucunditate
629 2286 762 2373 perfusi,
786 2286 1006 2371 glorificamus
1030 2293 1140 2350 mente
1165 2286 1280 2350 humili
1305 2286 1390 2370 regis
1414 2286 1520 2351 eterni
1544 2287 1770 2367 clementiam,
1800 2286 1855 2371 qni

199 2391 268 2472 tibi,
293 2413 352 2454 suo
376 2391 456 2474 regi,
480 2397 546 2454 tam
570 2392 676 2475 pium,
700 2397 765 2453 tam
789 2388 987 2453 laudabilem
1011 2388 1130 2453 infudit
1152 2390 1323 2468 affectum,
1354 2394 1391 2452 ut
1419 2388 1517 2473 digne
1548 2390 1590 2453 sit
1617 2391 1650 2454 in
1679 2394 1796 2454 nostra
1822 2397 1855 2454 et

199 2495 335 2558 aliorum
360 2501 468 2558 mento
492 2494 650 2557 mirabilis
680 2501 712 2557 et
742 2494 774 2555 in
802 2493 993 2576 cuiusquam
1017 2499 1212 2578 perpetuam
1237 2490 1355 2556 deduci
1382 2492 1502 2557 debeat
1525 2494 1674 2558 notitiam
1698 2493 1852 2558 nationis.

199 2596 269 2660 Nec
293 2598 424 2677 mirum,
448 2618 521 2661 cum
544 2596 585 2660 ad
608 2597 708 2682 ipsius
732 2596 869 2660 ecclesie
893 2597 1051 2680 gemitum
1076 2602 1110 2659 ct
1133 2596 1319 2680 frequentes
1343 2597 1524 2681 angustias,
1548 2596 1666 2682 quibus
1684 2598 1853 2682 affligitur,
1877 2612 1896 2646 ³

200 2699 276 2763 dum
307 2701 447 2765 tiliorum
477 2701 618 2765 ecclesie
652 2701 845 2765 vexationes
876 2700 1046 2764 continuas
1076 2701 1184 2764 illatas
1213 2721 1272 2785 per
1304 2700 1505 2764 turbatorem
1534 2701 1636 2765 seculi
1666 2700 1854 2781 meditatur,

200 2804 294 2887 quasi
310 2805 493 2869 tacentibus
518 2805 604 2883 aliis,
629 2811 664 2868 tu
688 2805 775 2867 solus
799 2805 831 2867 in
856 2803 962 2867 modio
979 2825 1093 2888 rogum
1117 2811 1203 2868 terre
1219 2805 1424 2890 prefulgidus
1448 2805 1578 2891 elegisti
1602 2804 1643 2869 ad
1660 2825 1854 2870 succursum

200 2907 312 2970 matris
336 2909 474 2972 ecclesie
498 2929 562 2972 non
586 2909 690 2972 solum
715 2909 881 2993 adponere
907 2907 1131 2988 substantiam,
1157 2907 1215 2972 sed
1239 2908 1396 2994 deputare
1419 2930 1605 2995 personam.

309 3011 471 3076 Rescrvet
494 3011 586 3076 Deus
614 3009 799 3075 huiusmodi
828 3011 1096 3095 inexplicabilem
1127 3012 1236 3075 meriti
1260 3013 1474 3098 quantitatem
1498 3013 1558 3077 tibi
1580 3011 1622 3077 ad
1645 3013 1735 3077 illius
1760 3013 1852 3078 retri-

201 3115 370 3180 butionem
393 3116 526 3202 premii,
557 3136 620 3200 quo
645 3121 832 3180 eternorum
854 3115 1039 3199 principum
1069 3114 1167 3178 beata
1191 3116 1337 3179 noscitur
1359 3118 1447 3180 acics
1471 3117 1633 3181 coronari.
1678 3116 1732 3181 De
1755 3117 1854 3204 ipsius

202 3219 299 3284 etiam
328 3220 449 3284 virtute
478 3220 586 3284 meriti
618 3220 704 3284 clare
733 3219 889 3282 memorie
918 3217 1182 3304 progenitoribus
1212 3219 1277 3283 tuis
1307 3219 1467 3305 perducat
1489 3219 1554 3285 Dei
1581 3220 1792 3305 benignitas,
1819 3229 1855 3285 nt

203 3324 346 3409 ipsorum
369 3324 483 3388 felices
507 3326 615 3389 anime
637 3325 668 3387 in
693 3344 836 3409 superna
858 3321 1025 3406 gaudeant
1041 3323 1209 3387 constituti
1230 3323 1389 3403 claritate,
1413 3344 1569 3390 concesso
1592 3324 1690 3389 nobis
1713 3324 1854 3397 interim,

200 3435 237 3491 ut
267 3429 320 3513 qui
349 3428 389 3492 dc
412 3429 581 3493 affluentia
609 3428 718 3492 divine
748 3428 960 3511 benignitatis
990 3433 1023 3489 et
1051 3434 1107 3491 tue
1131 3428 1216 3491 inira
1239 3426 1337 3491 corda
1359 3435 1473 3491 nostra
1495 3429 1618 3493 festum
1642 3426 1853 3493 exultationis

202 3533 389 3595 exultantes
410 3533 550 3616 agimus,
574 3532 634 3596 tibi
659 3540 693 3597 et
716 3533 780 3595 tuis
804 3552 867 3616 quc
892 3537 968 3595 sunt
991 3531 1032 3594 ad
1049 3531 1245 3616 condignum
1261 3529 1413 3595 decorem
1437 3539 1471 3596 et
1486 3532 1586 3596 decus
1603 3531 1752 3597 debitum
1767 3552 1853 3595 com-

201 3655 340 3719 pensare
370 3636 544 3720 possimus.
594 3635 697 3713 Ecce,
725 3635 771 3698 fili
799 3634 1035 3698 benedictionis
1064 3642 1098 3698 et
1129 3634 1253 3719 gratie,
1289 3642 1434 3699 nostram
1467 3635 1621 3699 audivisti
1650 3634 1793 3700 letitiam
1821 3640 1853 3698 et

202 3737 356 3823 gaudium
380 3741 519 3804 ccclesia
541 3740 732 3826 percepisti;
764 3739 817 3802 oui
848 3758 921 3802 cum
951 3739 993 3800 sit
1017 3738 1161 3800 votivum
1192 3743 1225 3801 et
1248 3738 1485 3817 necessarium,
1514 3746 1550 3802 ut
1573 3739 1651 3818 sibi,
1674 3738 1853 3825 peramaris

201 3841 278 3904 olim
311 3849 422 3926 potate
451 3844 621 3921 calicibus,
656 3842 750 3906 favus
780 3842 1012 3906 consolationis
1043 3840 1196 3905 adveniat
1225 3848 1259 3905 ct
1289 3842 1440 3926 specialis
1470 3843 1609 3907 materia
1641 3841 1853 3907 iucunditatis

202 3946 355 4023 accedat,
384 3948 594 4011 serenitatem
625 3955 713 4012 tuam
741 3968 802 4033 ρει
828 3945 893 4010 Dei
921 3944 1179 4010 miscricordiam
1208 3946 1436 4025 obsecramus,
1471 3947 1504 4010 in
1533 3947 1765 4012 remissionem
1795 3944 1853 4009 tibi

202 4051 426 4137 peccaminum
444 4053 663 4135 iniungentes,
680 4052 834 4136 quatinus
852 4049 1029 4113 secundum
1054 4048 1140 4134 quod
1163 4048 1204 4112 ad
1227 4050 1329 4135 ipsius
1353 4050 1509 4114 honorem
1529 4049 1712 4136 concepisti
1736 4069 1853 4135 propo·
1885 4085 1898 4094 -

203 4155 314 4233 situm,
345 4164 454 4219 mente
483 4156 536 4239 pia
566 4155 709 4219 deducas
740 4155 860 4239 iugiter
890 4154 1159 4237 inaugmentum
1191 4160 1224 4216 et
1247 4155 1279 4217 in
1303 4153 1445 4218 Domino
1469 4175 1569 4240 super
1591 4174 1631 4218 eo
1654 4153 1852 4241 multiplices
1876 4174 1898 4213 a

202 4265 258 4321 tuo
282 4258 370 4321 cordi
392 4259 538 4335 letitiam,
562 4260 640 4344 quia
662 4281 735 4323 cum
752 4258 893 4322 senserit
909 4255 1116 4320 adversarius
1133 4255 1336 4321 affluentiam
1352 4257 1468 4342 gratie,
1493 4277 1556 4341 qua
1578 4278 1723 4344 superna
1739 4257 1898 4343 benig·-

202 4361 286 4425 nitas
315 4361 516 4446 sepedictam
540 4363 715 4427 ecclesiam
742 4384 801 4448 ρει
831 4369 863 4425 tc
887 4360 1031 4425 noscitur
1058 4358 1256 4445 perfudisse,
1285 4360 1408 4424 relictis
1438 4359 1522 4424 forte
1550 4361 1670 4425 mentis
1697 4380 1898 4448 pervers&

202 4465 348 4528 tenebris
371 4472 540 4529 convertet
562 4468 704 4529 aninruni
729 4464 770 4528 ad
793 4463 900 4527 divine
925 4464 1144 4528 reverentiam
1173 4463 1370 4539 maiestatis,
1402 4464 1453 4527 vel
1481 4464 1508 4527 si
1533 4463 1611 4548 quid
1638 4465 1669 4528 ci
1696 4464 1898 4528 remansit.

202 4570 321 4632 interni
338 4569 479 4643 luminis,
503 4570 543 4632 de
560 4571 755 4636 necessitate
772 4570 941 4656 percipiat,
958 4567 1043 4652 quod
1059 4567 1227 4630 institutor
1243 4574 1276 4630 et
1291 4567 1492 4650 gubernator
1506 4568 1657 4646 ecclesie,
1679 4567 1765 4632 filins
1781 4566 1898 4632 Deli

202 4693 267 4736 non
296 4674 436 4759 patitur,
466 4681 502 4735 ut
533 4695 591 4758 per
619 4674 689 4737 cius
720 4673 933 4759 multiplicem
958 4672 1137 4756 nequitiam
1167 4669 1245 4734 data
1273 4670 1335 4754 ipsi
1367 4670 1507 4734 ecclesie
1539 4670 1579 4735 de
1609 4671 1681 4735 celo
1712 4670 1899 4757 digniter-r

203 4781 370 4855 vacuetur,
394 4798 451 4862 pro
477 4779 569 4841 cuius
593 4777 781 4841 detonsione
806 4777 1061 4862 promptissima,
1086 4775 1164 4838 lieet
1187 4781 1219 4837 tc
1244 4773 1390 4854 iubente,
1413 4782 1622 4838 convertetur
1642 4774 1759 4839 militia
1782 4776 1898 4860 glo(

203 4881 302 4945 riose.
348 4880 509 4944 Volumus
532 4890 658 4961 tamen,
688 4890 724 4945 ut
753 4890 785 4945 te
819 4902 883 4945 non
906 4881 1061 4964 accingas
1090 4878 1129 4942 ad
1160 4878 1238 4955 iter,
1268 4897 1329 4940 nce
1359 4878 1503 4962 aliquem
1526 4877 1637 4941 mittas
1660 4879 1898 4943 exercitant

203 5004 373 5069 quousque
397 5006 497 5071 super
519 4985 579 5050 hoo
603 5005 662 5070 per
685 4992 832 5049 nostrum
855 4985 1005 5048 nuntium
1030 4983 1082 5047 rel
1106 4981 1266 5067 speciales
1290 4981 1417 5046 litteras
1440 4988 1551 5045 votum
1567 4981 1749 5067 apostolica
1764 4980 1899 5047 sedffl

203 5085 397 5172 agnoscas².

312 5208 390 5275 Dat.
413 5209 575 5293 Lugduni,
598 5209 662 5274 xi*
686 5209 761 5275 Kal.
784 5209 845 5275 Iul.
870 5229 956 5272 anno
978 5207 1059 5272 1111.

1218 5350 1327 5356 -...-.
1339 5351 1439 5356 ----
1462 5351 1475 5355 -
1486 5349 1751 5357 -η--α---αι-

308 5441 334 5507 1)
354 5439 393 5505 Os.
411 5456 439 5494 a.
456 5445 507 5494 395
524 5443 547 5492 et
565 5444 622 5493 397.
691 5436 719 5503 2)
739 5437 887 5505 [summor
900 5435 1018 5489 Turrani
1035 5440 1092 5487 tam
1108 5433 1325 5500 munerabatur,
1344 5432 1514 5501 Lamum
1526 5432 1716 5503 primm·
1730 5430 1899 5493 ffl—

206 5526 310 5593 Fidrer,
328 5528 345 5581 l.
356 5542 377 5578 c.
397 5531 487 5580 &aaa
498 5529 521 5579 et
532 5540 603 5592 sequ.
639 5523 720 5592 Papo
737 5523 785 5578 bor
801 5529 912 5592 uapore
926 5521 1051 5589 fidelibia
1067 5521 1125 5575 nra
1142 5536 1234 5574 aarum
1247 5520 1379 5589 aaran,
1391 5535 1445 5589 pe
1460 5534 1532 5591 qun
1545 5518 1694 5591 ’ψη
1708 5518 1758 5577 aa
1769 5532 1899 5585 ¹-

200 5614 289 5682 saccrc
305 5612 415 5679 debebit,
435 5610 529 5665 Sancti
547 5610 620 5664 Ιιιιιί
635 5609 669 5664 de
685 5610 794 5665 &uria
811 5609 915 5680 [aaa]
933 5614 956 5664 el
975 5608 1073 5663 Sancti
1092 5606 1232 5661 Mimanta
1248 5605 1281 5661 da
1298 5604 1384 5663 Olus·
1397 5620 1454 5654 μ·
1555 5622 1568 5645 ·
1583 5606 1705 5667 [αα.
1724 5604 1899 5667 h-
