4328 6232
815 319 1017 383 EPIS'I'OLAE
1037 319 1234 389 SELEOTAE.
1270 330 1345 389 1245.
1868 339 1910 401 69

259 505 443 585 conuocari,
475 504 525 571 eis
551 503 730 592 predictam
758 504 997 570 ordinationem
1027 506 1217 593 diligentius
1241 510 1430 597 exponatis,
1461 509 1637 575 exhibituri
1663 512 1911 598 responsionem

260 631 368 676 eorum
392 609 558 675 redactam
582 611 614 673 in
633 609 763 695 scriptis
781 616 814 675 et
831 611 946 695 sigillis
963 613 1080 676 vestris
1097 614 1256 677 munitam
1273 612 1426 700 predictis
1443 600 1689 700 archiepiscopo
1706 622 1739 680 et
1755 616 1910 702 episcopo

261 716 309 780 vel
331 715 599 800 procuratoribus
623 713 812 794 eorundem,
837 715 1018 801 predictum
1043 717 1176 799 clerum,
1201 718 1229 781 si
1252 718 1439 782 huiusmodi
1459 716 1658 783 ordinationi
1675 720 1911 794 consenserint,

262 819 299 883 ad
321 820 517 884 solutionem
540 819 668 906 prefate
692 820 832 906 pecunie
856 819 1034 884 monitione
1058 821 1217 905 premissa
1240 842 1300 908 per
1323 843 1496 886 censuram
1521 820 1779 887 eeclesiasticam
1796 822 1910 907 appol-

262 924 377 987 latioue
400 924 583 1009 postposita
605 921 832 1008 compellendo
846 923 866 988 ¹.
912 922 1007 997 Quod
1030 924 1056 986 si
1079 945 1144 987 nen
1168 924 1264 989 ambo
1289 930 1350 989 etc.

364 1042 441 1110 Dat.
464 1043 627 1128 Lugduni,
644 1043 692 1106 Vl
715 1041 794 1108 ldus
818 1043 976 1134 Februar.
1001 1065 1085 1108 anno
1109 1044 1264 1109 seeundo.
1375 1078 1385 1097 ι

877 1306 1225 1314 —————-—...---.-—-—
1244 1308 1248 1313 -
1280 1308 1286 1313 -

1056 1568 1117 1640 97.

361 1682 579 1774 hancenias
594 1709 618 1772 Ι
622 1707 651 1772 V
665 1729 754 1792 papa
775 1708 956 1793 [Waltcro]
977 1710 1117 1790 episeopo
1138 1712 1167 1772 ct
1189 1708 1322 1794 officiali
1345 1709 1595 1773 Tomoeensibns
1617 1707 1764 1786 mandet,
1786 1712 1821 1771 ut
1843 1727 1912 1771 sen·

268 1815 381 1889 laetias,
404 1815 434 1876 si
455 1830 535 1894 ques
557 1813 717 1896 episcopans
743 1813 976 1878 Cenrcraeensis
997 1815 1033 1877 in
1050 1815 1255 1895 praepositos,
1278 1813 1420 1877 smdinos
1441 1816 1470 1876 et
1493 1814 1612 1876 uentos
1634 1812 1770 1876 civitellis
1794 1812 1915 1876 Torna-

267 1917 372 1993 ccnsis,
408 1917 498 1980 euius
520 1935 601 1999 pers
626 1917 729 1981 altere
754 1916 799 1980 ud
830 1917 1082 1982 Cameracenscm
1109 1917 1265 1994 diocesim,
1295 1917 1399 1981 altera
1429 1915 1471 1980 ed
1496 1915 1721 1981 Terneccnsem
1747 1917 1914 1998 pertineat,

263 2022 406 2103 proferat,
428 2021 465 2084 in
487 2039 546 2084 sna
567 2040 686 2102 qnoque
703 2025 797 2103 perte
819 2021 978 2085 observari
995 2020 1133 2106 faciant.
1562 2020 1657 2095 1245,
1679 2019 1772 2084 Febr.
1793 2019 1822 2081 9.

363 2139 425 2192 Irin.
439 2138 488 2192 IV
503 2138 564 2206 Ra.
582 2138 672 2205 Voti,
694 2146 753 2203 189‚·
770 2139 829 2191 Lib.
844 2139 885 2205 II,
903 2147 957 2192 572.
992 2139 1118 2206 &aetola
1135 2143 1346 2191 creciacensem
1365 2138 1435 2191 Mai.
1454 2139 1484 2191 in
1504 2138 1567 2208 Req.
1585 2139 1671 2192 relecta
1689 2143 1733 2191 est.

363 2226 462 2294 Bcrpm
477 2232 548 2288 1290,
567 2224 617 2278 oreb
635 2225 697 2278 Ian.
710 2231 749 2278 228.

531 2462 569 2478 ..
599 2406 828 2497 episeopo
857 2411 898 2478 et
928 2462 966 2478 ..
996 2405 1221 2478 officiali¹²
1247 2405 1641 2479 Tornacensibus.

367 2553 420 2618 Ex
451 2562 544 2640 parte
572 2556 770 2620 venerabilis
802 2557 910 2620 fratris
941 2556 1044 2620 nostri
1074 2604 1112 2619 ..
1142 2555 1390 2620 Cameracensis
1421 2556 1587 2641 episcopi²
1619 2556 1681 2620 fuit
1711 2555 1914 2641 propositum

218 2677 225 2711 ³
265 2681 368 2723 coram
399 2658 509 2738 nobis,
538 2658 735 2745 quodcum,
765 2682 871 2724 exeo
896 2660 981 2745 quod
1004 2661 1073 2724 fere
1098 2660 1206 2724 media
1228 2682 1303 2746 pars
1328 2660 1472 2724 civitatis
1496 2659 1713 2724 Tornacensis
1737 2659 1769 2721 in
1794 2658 1916 2722 diocesi

264 2762 494 2831 Cameracensi
525 2762 702 2842 consistitb,
733 2765 908 2850 prepositi,
949 2764 1072 2828 scabini
1103 2770 1136 2829 et
1167 2765 1261 2828 iurati
1293 2762 1439 2828 eiusdem
1473 2763 1631 2840 civitatis,
1667 2763 1721 2846 qui
1755 2768 1830 2825 sunt
1860 2784 1917 2847 pro

262 2875 406 2953 tempore
436 2864 634 2944 residentes,
668 2868 700 2930 in
730 2868 819 2931 cives
846 2868 949 2953 ipsius
979 2874 1012 2931 et
1040 2888 1154 2932 omnes
1184 2867 1224 2931 ad
1253 2888 1364 2931 eorum
1395 2867 1611 2931 communiam
1641 2872 1830 2952 spectantes
1858 2887 1916 2952 pro

262 2969 396 3035 indiviso
421 2968 679 3034 iurisdictionem
704 2977 883 3034 exerceant
907 2972 1088 3034 secularem
1098 2971 1120 3050 ³,
1146 2971 1304 3056 contingit
1327 2969 1501 3046 interdum,
1525 2969 1611 3054 quod
1635 2969 1722 3034 idem
1743 2970 1918 3056 episcopus

261 3076 310 3138 vel
341 3074 492 3139 officialis
522 3095 600 3139 suus
629 3075 662 3138 in
693 3073 827 3139 eosdem
858 3076 1061 3161 prepositos,
1093 3076 1245 3140 scabinos
1275 3082 1308 3140 et
1338 3078 1478 3158 iuratos,
1510 3096 1567 3160 pro
1595 3094 1633 3139 eo
1663 3072 1747 3159 quod
1772 3072 1813 3137 ab
1837 3074 1919 3159 ipsis

202 3197 220 3230 :o
263 3179 372 3242 moniti
397 3176 573 3262 diligenter
595 3180 736 3262 aliquem
756 3179 806 3242 vel
832 3179 959 3264 aliquos
977 3180 1158 3245 communie
1174 3181 1317 3264 ipsorum
1336 3181 1368 3242 in
1385 3178 1531 3264 predicta
1547 3178 1670 3242 diocesi
1687 3178 1917 3248 consistentes,
2011 3164 2017 3179 '

261 3283 313 3366 qui
346 3283 622 3346 exeommunicati
659 3283 700 3346 ab
732 3284 781 3346 cis
815 3290 945 3368 propter
980 3303 1092 3346 eorum
1122 3305 1279 3347 excessus
1310 3283 1433 3346 iustitia
1464 3283 1617 3367 exigente
1648 3302 1706 3367 per
1734 3301 1854 3344 annum
1885 3286 1919 3343 ct

261 3385 399 3471 amplius
424 3386 775 3450 excommunicationis
799 3387 997 3450 sententiam
1021 3386 1275 3473 dampnabiliter
1291 3393 1560 3472 contempnentes
1577 3384 1769 3449 satisfacere
1788 3390 1917 3448 contra-

261 3487 381 3565 dicunt,
404 3496 462 3553 aut
485 3489 713 3554 malefactores
737 3490 829 3567 alios,
854 3496 967 3555 contra
990 3511 1072 3575 quos
1096 3488 1230 3574 dignum
1255 3497 1305 3553 est
1328 3491 1479 3554 invocare
1504 3488 1662 3552 auxilium
1679 3487 1803 3552 brachii
1822 3507 1917 3551 secu·

261 3593 351 3669 laris,
386 3592 429 3656 ad
458 3593 491 3658 id
522 3601 687 3680 potestate
720 3593 782 3656 sibi
812 3592 933 3656 tradita
966 3614 1030 3658 non
1061 3595 1274 3680 compellunt,
1310 3593 1656 3658 excommunicationis
1690 3599 1723 3656 et
1755 3590 1918 3656 interdicti

262 3698 444 3762 sententias
467 3699 591 3785 profert
614 3698 739 3763 iustitia
762 3697 939 3762 mediante.
976 3695 1083 3770 Quare
1107 3697 1213 3762 dictus
1230 3699 1402 3784 episcopus
1420 3699 1512 3761 nobis
1528 3697 1695 3761 humiliter
1712 3693 1919 3781 supplicavit,

262 3809 296 3863 ut
325 3800 461 3866 casdem
489 3803 670 3867 sententias
703 3801 870 3867 observari
895 3824 913 3866 a
938 3800 1028 3866 vobis
1057 3811 1090 3867 et
1113 3825 1132 3867 a
1155 3805 1272 3867 vestris
1303 3802 1443 3868 subditis
1467 3802 1709 3866 mandaremus.
1756 3799 1920 3874 Quocirca

263 3905 472 3986 mandamus,
496 3907 651 3991 quatinus
674 3905 858 3970 huiusmodi
883 3906 1233 3970 excommunicationis
1257 3913 1290 3970 et
1314 3905 1479 3970 interdicti
1504 3906 1702 3985 sententias,
1727 3915 1808 3989 quas
1832 3901 1918 3965 idom

263 4009 437 4094 episcopus
461 4011 513 4073 vel
543 4009 701 4075 officiales
731 4011 802 4075 eius
833 4017 967 4095 propter
993 4009 1153 4095 promissa
1184 4009 1245 4074 rite
1275 4011 1409 4075 tulerint
1438 4012 1470 4074 in
1501 4009 1683 4095 predictos,
1719 4015 1752 4072 et
1775 4028 1832 4069 vos
1855 4007 1918 4092 ipsi

264 4112 456 4178 auctoritate
484 4119 596 4178 nostra
625 4114 752 4179 sublato
782 4113 1013 4199 appellationis
1044 4115 1214 4179 obstaculo
1243 4135 1345 4199 usque
1375 4114 1415 4177 acl
1440 4113 1697 4178 satisfactionem
1723 4110 1918 4194 condignam

206 4234 224 4269 n
267 4215 499 4282 invielabiliter
522 4219 704 4284 observetis
728 4225 762 4282 et
784 4217 914 4282 faciatis
939 4238 958 4282 a
981 4220 1099 4281 vestris
1124 4219 1262 4283 subditis
1287 4219 1467 4285 observari.

370 4337 447 4404 Dat.
470 4340 633 4426 Lugduni,
654 4341 685 4404 V
705 4340 805 4406 Idus⁰
830 4340 1011 4412 Februarii,
1035 4361 1120 4403 anuo
1145 4340 1299 4404 secundo.

371 4459 410 4524 In
439 4461 579 4525 eundem
609 4461 741 4527 modum
767 4512 799 4527 ..
825 4464 979 4549 episcopo
1008 4470 1042 4527 et
1066 4514 1099 4530 ..
1123 4464 1253 4527 officiali
1285 4459 1577 4525 Cauroracensibus
1609 4479 1667 4543 pro
1696 4506 1733 4520 ..
1762 4456 1918 4541 episcopo

266 4562 472 4629 'lomacensi

1059 5004 1120 5077 98.

366 5118 585 5213 Innocentius
601 5145 625 5211 1
631 5147 657 5210 V
669 5167 760 5228 pepo
781 5144 965 5230 [Conrado]
994 5144 1224 5224 archiepiscope
1249 5141 1428 5209 Coloniensi
1455 5140 1579 5205 obtentu
1601 5137 1767 5223 M[eriee]
1794 5138 1921 5202 relictae

215 5266 233 5303 ³³
276 5248 391 5316 Ottonis
409 5250 466 5316 IV
490 5250 690 5332 imperatoris
723 5249 910 5336 sancitatem
946 5248 1083 5314 coneedit
1117 5246 1324 5329 dispensandi
1356 5265 1425 5309 eisin
1457 5242 1596 5307 chrico
1629 5242 1776 5307 canonico
1810 5240 1921 5305 Sancti

730 5409 803 5416 ’.-
815 5408 916 5414 .---
959 5407 1316 5412 -—--—----——..,....-
1347 5405 1370 5409 .-
1405 5404 1438 5409 —
1448 5403 1486 5408 -—
1500 5400 1706 5407 ..-—--—-—
1726 5399 1759 5403 .-

369 5514 394 5578 ¹)
404 5515 442 5565 ito
449 5513 492 5581 R,
502 5514 576 5582 apud
586 5531 660 5580 eume
671 5515 700 5566 in
705 5516 762 5582 fine
775 5513 860 5564 littera
872 5527 950 5561 maso
961 5519 1010 5571 eat·
1021 5510 1139 5562 officialis
1148 5509 1181 5560 B.
1251 5507 1276 5573 l³)
1289 5509 1404 5561 constitit
1413 5507 1445 5558 B.
1516 5505 1539 5568 ο)
1553 5505 1590 5555 ite
1600 5503 1632 5554 R.
1640 5501 1695 5554 MA
1702 5501 1735 5561 l1',·
1747 5501 1877 5554 Kalendas
1887 5499 1920 5552 Β.

370 5648 437 5723 ll(
515 5655 640 5707 mum.
710 5652 738 5720 2)
758 5647 900 5703 Gnidonis.
970 5647 997 5716 3)
1016 5646 1094 5700 Haec
1111 5647 1202 5700 erinna
1220 5651 1342 5700 aoertrote
1359 5647 1473 5698 anaema
1490 5646 1561 5697 aiem.
