4790 6340
861 389 1060 454 EPISTOLAE
1077 391 1267 454 sataorna.
1304 394 1379 453 1247.
1884 395 1945 466 ³17

299 568 466 638 Ouriensis
505 569 644 638 diocesis
670 572 887 660 ‘Helysabeth
926 574 1110 654 mulierem,
1148 580 1279 660 neptem
1318 594 1428 652 suam,
1465 593 1602 638 uxorem
1638 575 1715 641 dicti
1737 574 1797 656 D.,
1834 579 1946 638 contra

300 678 456 742 iustitiam
491 677 660 757 detinens,
694 700 766 743 eam
802 679 995 743 renitentem
1027 681 1157 765 penitus
1186 687 1219 744 ot
1243 681 1376 744 invitam
1400 681 1468 743 viro
1492 679 1546 746 alii
1569 679 1610 744 de
1634 680 1721 744 facto
1746 679 1864 744 dieitur
1887 679 1943 744 de-

300 801 488 866 sponsasse.
535 780 739 862 Mandamus,
765 783 928 868 quatinus,
952 784 980 847 si
1003 790 1053 848 est
1076 784 1131 862 ita,
1155 783 1277 848 dictum
1301 785 1463 862 comitem,
1487 783 1572 870 quod
1588 785 1642 848 rel
1665 785 1734 848 sine
1751 783 1944 848 difficultate

301 886 410 970 aliqua
445 885 583 952 eandem
617 887 787 952 mulierem
821 887 884 973 ipsi
918 886 959 950 D.
983 888 1052 952 viro
1081 908 1139 951 suo
1167 888 1319 953 restituat
1345 895 1381 952 ut
1408 893 1556 967 tenetur,
1579 887 1632 952 rel
1660 887 1763 974 ipsam
1787 894 1889 972 ponat
1911 889 1945 951 in

302 988 411 1074 aliquo
435 989 506 1054 loco
522 995 592 1055 tuto
608 992 738 1074 utrique
761 989 855 1077 parti,
880 996 915 1053 ut
937 989 1023 1055 idem
1047 1011 1157 1055 comeo
1174 992 1224 1055 vel
1248 992 1365 1078 aliquis
1382 993 1464 1056 alius
1480 992 1594 1078 possit,
1618 991 1645 1054 si
1663 991 1810 1066 voluerit,
1833 997 1945 1054 contra

300 1098 501 1159 contractum
524 1093 776 1179 interpretatos
798 1092 840 1159 D.
864 1115 902 1156 ac
925 1095 1093 1160 mulierem
1118 1096 1356 1160 matrimonium
1380 1095 1501 1181 aliquid
1525 1093 1720 1159 rationabile
1752 1094 1881 1158 obicere
1905 1115 1944 1158 ac

299 1196 448 1282 probaro,
473 1218 606 1262 moneas
631 1199 788 1262 attentius
812 1206 845 1261 ot
868 1198 1014 1280 inducas,
1039 1201 1144 1285 ipsum
1169 1200 1210 1264 ad
1227 1202 1365 1265 alterum
1382 1200 1612 1286 predictorum,
1637 1200 1663 1262 si
1680 1218 1817 1262 neccsse
1833 1199 1944 1279 luerit,

299 1321 359 1386 per
396 1304 741 1368 excommunicationis
780 1305 812 1366 in
850 1325 1021 1389 personam
1062 1311 1094 1367 et
1133 1305 1296 1369 interdicti
1341 1305 1520 1368 sententias
1559 1303 1779 1391 appellatione
1822 1310 1947 1366 remota

299 1406 530 1490 compellens⁸.

223 1554 250 1593 ιο
408 1526 485 1592 Dat.
508 1526 672 1612 Lugduni,
696 1527 780 1593 Non.
805 1527 876 1591 Oct.
901 1549 986 1593 anno
1003 1529 1048 1592 V⁰
1062 1532 1081 1595 ¹.

922 1807 1328 1818 ιιι-Ἦ*

1081 2051 1169 2126 439.

404 2169 622 2262 [anaante
644 2191 700 2259 rr
715 2215 804 2278 aaa
827 2191 967 2257 ronan-s
988 2191 1025 2256 a
1047 2191 1304 2257 anarrinon
1332 2197 1360 2257 a
1386 2191 1533 2259 coma
1554 2192 1591 2256 a
1611 2187 1814 2257 mesenam
1834 2187 1948 2267 fram.

300 2300 357 2362 tas
379 2297 647 2376 Praedicatornm,
671 2319 738 2361 cam
758 2318 819 2381 pro
840 2297 983 2360 ecclesiae
1004 2297 1135 2376 negotiis
1168 2297 1204 2358 ia
1240 2296 1392 2361 Tentoria
1421 2296 1647 2381 prosequendis
1668 2294 1847 2374 aliquorum
1874 2289 1948 2353 odio

300 2403 503 2470 incurrerint,
519 2401 706 2464 transeundi
727 2402 770 2464 od
790 2401 888 2464 oliam
910 2399 1135 2483 rr[ti]oionmrr,
1151 2401 1185 2462 r'n
1207 2421 1270 2480 qrro
1293 2400 1367 2463 mdo
1389 2401 1471 2464 breti
1484 2398 1658 2482 Augustini
1678 2400 1825 2474 servetur,
1842 2393 1949 2479 sond-

300 2511 391 2569 latent
414 2504 561 2571 concedit.
1625 2503 1717 2578 1247,
1742 2498 1805 2563 Oct.
1830 2504 1859 2563 7.

223 2633 246 2672 11
403 2624 467 2678 Inn.
478 2623 523 2680 IV
535 2625 598 2694 Rea.
617 2625 671 2679 Vol.
683 2625 706 2688 I,
717 2633 781 2692 472&
798 2625 857 2680 Lib.
875 2625 904 2692 l',
915 2631 973 2678 304.

402 2712 502 2780 Βῆριν
513 2717 585 2767 atos-t.

298 2873 488 2946 Iohanni
519 2876 572 2947 de
600 2869 988 2947 Hunoldisbureh²
1015 2877 1057 2946 et
1084 2871 1282 2946 Corrado
1311 2862 1702 2946 deWissinohrnha
1730 2867 1947 2940 fratribus

858 2993 1024 3066 ordinis
1051 2994 1399 3068 Prodicatorum.

405 3145 497 3228 Cum,
523 3148 605 3211 siout
628 3168 669 3208 ex
692 3152 785 3231 parto
809 3145 1002 3208 dilectorum
1026 3145 1164 3208 liliorum
1188 3145 1344 3209 nobilium
1370 3145 1511 3207 virorum
1535 3142 1575 3206 de
1600 3142 1730 3216 suevia,
1754 3140 1945 3204 devotorum

221 3273 248 3312 ao
301 3250 474 3330 eceleaie⁴,
499 3252 559 3315 fuit
580 3250 779 3337 propositum
803 3269 911 3312 eoram
927 3248 1033 3327 nobis,
1050 3269 1107 3312 ros
1131 3268 1189 3335 pro
1206 3247 1368 3332 generalis
1386 3246 1525 3310 ecclesie
1542 3245 1696 3331 negotiis,
1713 3265 1775 3329 quc
1790 3244 1949 3307 hactenus

297 3354 376 3416 estis
399 3375 441 3417 ex
458 3355 566 3419 animo
590 3355 621 3416 in
638 3351 820 3417 Theotonie
838 3351 984 3437 partibus
1008 3351 1182 3438 prosecuti,
1200 3352 1382 3435 aliquorum
1406 3350 1479 3414 odia
1502 3348 1700 3414 incurreritis
1724 3354 1791 3412 tam
1813 3345 1946 3429 religio-

300 3477 408 3522 sorum
432 3477 527 3542 quarn
552 3458 649 3521 etiam
673 3457 821 3535 aliorum,
844 3477 914 3535 nos,
938 3456 1088 3520 nolentes
1111 3465 1148 3518 ut
1165 3455 1338 3540 reportetis
1354 3453 1428 3519 inde
1445 3453 1662 3539 dispendium,
1678 3451 1763 3516 unde
1781 3448 1947 3513 meruistis

299 3559 502 3625 commodum
527 3567 559 3624 ct
581 3560 756 3640 honorem,
780 3557 970 3624 transeundi
998 3557 1039 3622 ad
1065 3558 1162 3622 aliam
1186 3559 1385 3643 regionem0,
1409 3559 1442 3622 iu
1467 3578 1531 3644 qua
1554 3556 1634 3620 ordo
1657 3555 1747 3620 beati
1766 3551 1946 3638 Augustini

300 3670 460 3743 servetur,
496 3663 596 3726 linitis
632 3661 777 3727 eisdemd
801 3663 953 3746 nogotiis,
989 3662 1017 3724 si
1050 3661 1168 3726 fratres
1199 3663 1299 3726 vestri
1333 3683 1388 3725 vos
1416 3663 1448 3724 in
1478 3662 1587 3746 aliquo
1617 3679 1753 3745 gravare
1776 3655 1947 3730 voluerint,

221 3787 246 3827 es
300 3767 428 3853 plenam
458 3767 551 3831 vobis
586 3765 793 3830 concedimus
827 3766 1024 3830 auctoritate
1056 3766 1255 3850 presentium
1289 3766 1479 3830 facultatem
1503 3803 1544 3814 -
1567 3786 1630 3828 non
1654 3761 1861 3827 obstantibus
1885 3759 1946 3823 ali-

301 3871 418 3956 quibus
454 3870 571 3935 litteris
595 3871 646 3933 rel
682 3869 893 3953 indulgentiis
924 3869 1027 3932 ordini
1052 3876 1160 3933 vestro
1190 3869 1231 3932 ab
1270 3870 1451 3955 apostolica
1480 3868 1558 3934 sedo
1583 3869 1746 3932 concessis
1770 3864 1823 3930 vel
1847 3863 1946 3928 etiam

299 3973 527 4040 concedendis.
571 3973 661 4038 Nulli
685 3994 762 4058 ergo
785 3981 848 4038 etc.
871 3979 981 4036 nostre
1005 3972 1223 4036 concessionis
1246 3979 1309 4037 etc.

405 4093 481 4160 Dat.
506 4093 669 4180 Lugduni,
692 4093 793 4158 Nonis
818 4091 890 4158 Oct.
915 4113 999 4157 anno
1016 4092 1094 4159 V⁰⁵.

921 4355 1330 4364 *ψ*-

1081 4621 1167 4696 440.

403 4734 623 4827 Innocentius
638 4761 696 4827 IV
707 4783 798 4848 popo
824 4761 984 4848 frutribus
1018 4761 1127 4828 donaro
1165 4761 1401 4829 Teutonicornm
1423 4762 1460 4828 da
1483 4762 1701 4846 Smrkemberp
1723 4762 1810 4828 etde
1833 4763 1948 4830 coea-

224 4897 249 4936 so
300 4866 378 4928 etcin
402 4872 507 4930 costra
529 4867 703 4930 boantibus
726 4867 865 4945 mandat,
888 4872 922 4930 nt
944 4871 1049 4932 castra
1070 4867 1184 4946 codem,
1207 4889 1286 4948 qnae
1303 4867 1461 4950 qnondam
1475 4867 1697 4952 [Fridcricns]
1710 4867 1777 4930 duc
1795 4867 1948 4930 Austrioe

570 5025 669 5032 -0---
679 5028 702 5032 ...
711 5027 721 5031 .-

402 5123 427 5192 ·)
444 5127 584 5194 compellas
602 5127 634 5179 R.
739 5126 764 5195 ὓ)
784 5132 942 5184 Wiasinohm
961 5131 994 5184 B.
1098 5129 1122 5196 ⁰)
1141 5131 1291 5198 religionem
1310 5131 1444 5198 legendnm
1461 5131 1569 5184 adeun.
1677 5127 1702 5194 ἃ)
1719 5129 1767 5190 B.,·
1784 5129 1898 5180 eiusdem
1916 5126 1947 5177 P.

402 5262 429 5330 1)
450 5260 507 5316 Sub
524 5277 550 5316 a.
570 5269 642 5330 1248,
664 5262 741 5318 Febr.
762 5273 789 5319 11
807 5270 831 5318 et
849 5273 879 5320 13
901 5283 977 5336 popo
1002 5265 1038 5320 ad
1059 5282 1148 5335 preces
1166 5265 1264 5334 ‘Krot',
1287 5267 1304 5320 i.
1323 5284 1345 5322 a.
1365 5266 1469 5333 ‘Kratt’
1486 5265 1585 5321 maritis
1607 5264 1640 5318 dc
1661 5263 1824 5334 Topprnburc
1842 5262 1948 5330 [fratris

300 5345 459 5416 Dr'etlrolmr']
486 5351 509 5400 et
536 5347 676 5419 limaci]
700 5349 803 5404 domini
830 5351 862 5406 cle
880 5353 1046 5408 Wartr'nbnn
1072 5353 1118 5422 [cs.
1135 5353 1214 5406 etium
1231 5353 1328 5422 Brrper
1344 5359 1412 5408 303⁷
1438 5358 1462 5408 rt
1488 5357 1567 5420 3089,
1591 5352 1638 5406 ubi
1663 5351 1740 5404 rerba
1756 5348 1898 5404 ‘Warts'nt’
1923 5353 1948 5401 et

301 5431 455 5486 ‘Wants'nlr'
472 5433 530 5488 nne
548 5433 628 5488 dnbio
646 5451 679 5489 ea
698 5439 706 5466 ‘
716 5436 895 5508 Warttnberc',
913 5455 946 5494 en·
963 5457 1000 5494 or.
1019 5441 1064 5495 αὐ,
1079 5439 1328 5509 emanatura,
1346 5445 1472 5508 comm
1488 5439 1660 5506 &mites-12·
1678 5445 1736 5505 294,
1753 5441 1808 5490 ΜΦ.
1820 5435 1850 5505 6]
1867 5451 1947 5503 pana.

224 5544 248 5583 ss
300 5517 363 5572 ‘hm
377 5519 482 5586 ffatim
500 5519 614 5587 lssrffi'lsst
632 5527 681 5584 ab·
705 5524 806 5594 Berper
828 5531 905 5592 3621,
927 5532 1004 5592 3622,
1028 5533 1094 5580 3624
1113 5549 1145 5572 =
1165 5526 1302 5594 Pontion,
1326 5527 1390 5596 Ray.
1412 5531 1503 5580 12839.
1615 5526 1642 5591 ‘ll
1661 5523 1750 5576 Hodie
1776 5523 1891 5588 Karrer,
1916 5523 1948 5575 s'n

299 5605 431 5658 adnant.
452 5605 482 5658 0.
501 5607 535 5660 A.
555 5606 726 5678 aaronem.
832 5613 860 5680 3)
888 5613 1069 5666 Weieoerslrorn
1086 5631 1100 5666 a
1117 5629 1178 5668 mer.
1196 5620 1220 5667 et
1237 5630 1275 5668 or.
1294 5614 1341 5668 eir.
1365 5613 1432 5670 Ulm.
1536 5612 1564 5679 4)
1584 5611 1623 5678 Os.
1641 5627 1669 5664 n.
1687 5616 1743 5664 432.
1847 5609 1875 5677 5)
1893 5607 1948 5662 Sub

300 5694 387 5750 cortem
406 5691 449 5744 die
465 5692 542 5746 electo
559 5694 679 5764 Spirerm
695 5696 841 5767 nmndnn't,
858 5715 892 5753 ne
908 5715 950 5753 coa
966 5716 1046 5770 anper
1063 5699 1111 5754 lroc
1127 5701 1263 5754 aaaron?
1277 5706 1430 5769 poteretnr3
1447 5699 1543 5768 Rcrper
1560 5705 1628 5755 seat.
