4328 6232
200 370 219 431 4
751 361 800 418 EX
818 354 1038 420 INNOGldNTII
1056 364 1095 419 IV
1113 355 1296 420 REGIS'I'RO

200 540 346 625 generali
371 540 507 604 concilio
532 537 786 605 conceduntur·.
824 537 990 621 Ceterum,
1013 547 1049 605 ut
1071 540 1185 604 salutis
1207 545 1299 604 tante
1321 538 1497 623 negotium,
1520 554 1583 623 quo
1605 532 1752 624 pluribus
1775 555 1851 605 oon·

199 643 296 727 tingit
319 644 423 708 iuvari
446 642 610 722 remediis,
633 642 861 729 prosperitatis
885 648 996 728 optate
1019 643 1176 728 suscipiat
1198 643 1445 722 incrementum,
1469 640 1528 705 tibi
1552 642 1682 723 stillis,
1705 663 1786 728 quos
1809 642 1852 708 ad

199 744 431 830 predicandam
456 768 587 812 crucem
603 745 736 812 duxeris
752 745 970 833 deputandos,
993 747 1195 833 presentium
1218 745 1412 810 auctoritate
1435 743 1654 825 concedimus,
1677 746 1764 831 quod
1787 748 1851 813 illis

201 870 244 913 ex
269 850 506 935 crucesignatis
529 849 725 930 huiusmodi,
749 851 804 935 qui
827 871 885 936 pro
909 850 1067 927 incendiis
1091 856 1124 915 et
1139 849 1312 914 iniectione
1327 869 1480 924 manuum
1496 850 1528 913 in
1546 850 1684 914 clericos
1700 853 1751 916 rel
1768 853 1851 917 alias

201 952 376 1037 religiosas
405 974 560 1038 personas
591 953 938 1018 excommunicationis
966 954 1133 1020 vinculum
1162 955 1394 1032 incurrerunt,
1415 953 1625 1018 absolutionis
1655 954 1850 1021 beneficium

199 1057 358 1142 impertiri
382 1058 475 1122 iuxta
497 1058 634 1124 formam
657 1058 797 1124 ecclesie
820 1059 973 1140 valeatis,
1006 1058 1083 1123 dum
1107 1056 1203 1123 modo
1227 1057 1379 1121 iniuriam
1402 1062 1435 1119 et
1458 1055 1600 1142 dampna
1621 1058 1729 1143 passis
1753 1061 1851 1124 satis-

200 1159 325 1224 faciant
347 1166 573 1246 competenter
596 1167 630 1226 et
652 1160 736 1226 adeo
759 1162 866 1246 gravis
889 1169 923 1226 et
946 1163 1087 1227 enormis
1104 1162 1174 1227 ¹nou
1197 1162 1238 1226 sit
1262 1181 1372 1226 eorum
1403 1180 1575 1237 excessus,
1605 1162 1688 1247 quod
1719 1168 1853 1249 propter

200 1262 263 1327 hoo
286 1263 400 1327 merito
425 1263 465 1327 ad
489 1263 601 1329 sedem
625 1265 839 1349 apostolicam
854 1262 999 1330 debeant
1014 1264 1180 1331 destinari.
1218 1264 1268 1327 Tu
1290 1270 1411 1343 autem,
1435 1263 1537 1328 irater
1558 1263 1754 1349 patriarcha,
1778 1287 1851 1331 cum

200 1365 261 1429 tibi
283 1363 325 1428 ad
348 1365 602 1432 insinuationem
621 1367 760 1454 predicti
778 1367 866 1452 regis
888 1367 929 1433 de
953 1369 1142 1433 reversione
1157 1366 1367 1431 Tartarorum
1383 1367 1505 1431 veritas
1527 1367 1714 1446 innotuerit,
1738 1390 1851 1434 omnes

200 1466 357 1533 adversus
390 1471 464 1535 illos
496 1473 600 1536 crucis
632 1478 798 1537 caractere
828 1472 1001 1558 insignitos
1031 1478 1182 1560 prompto
1214 1470 1330 1556 spiritu
1359 1475 1392 1534 et
1418 1490 1533 1555 gressu
1565 1470 1664 1535 celeri
1692 1471 1793 1537 facias
1817 1474 1850 1538 in

200 1570 383 1657 Ungariam
405 1571 488 1637 duce
512 1573 626 1640 salutis
649 1576 767 1661 angelo
790 1575 964 1661 proficisci.

307 1676 382 1741 Dat.
408 1676 570 1763 Anagnia,
593 1678 661 1743 XII
684 1679 760 1746 Kal.
784 1679 870 1765 Aug.
895 1701 980 1745 anno
1003 1679 1118 1766 primo.

1010 2084 1032 2156 3

306 2175 526 2270 Innocentius
541 2206 566 2271 Ι
570 2205 596 2270 V
604 2227 695 2287 popa
713 2205 947 2288 Wclaprodensi
963 2210 992 2270 et
1007 2204 1263 2271 Zotirdouieensi
1276 2203 1441 2269 abbatibus
1462 2207 1492 2268 et
1509 2205 1689 2285 praeposito
1710 2207 1854 2272 ecclemae

200 2307 237 2370 dc
255 2307 453 2375 Dnbrauinia
473 2310 582 2374 scribit
604 2312 770 2375 mirantem
793 2329 825 2375 sa
847 2311 1000 2391 accepisse
1021 2329 1149 2392 regnum
1171 2307 1330 2390 Uespasiae
1346 2307 1564 2387 praesentibus
1581 2307 1728 2373 Tortores
1743 2315 1855 2391 etpost

200 2431 305 2474 enum
327 2431 480 2476 recessum
496 2433 557 2492 per
579 2413 729 2495 qesosdarn
750 2413 905 2477 hostiliter
927 2413 1072 2476 invasum
1093 2430 1167 2488 esse,
1189 2411 1290 2492 iisqne
1312 2408 1453 2487 inundat,
1474 2413 1511 2472 nt
1532 2431 1593 2491 quio
1607 2414 1740 2492 temporo
1753 2416 1783 2476 et
1794 2434 1854 2494 per
1907 2444 1931 2481 rs

200 2532 277 2594 quos
297 2513 354 2579 hoc
371 2513 496 2600 factum
514 2515 627 2601 fuerit,
650 2516 828 2598 inquirant.
1517 2515 1611 2591 1243,
1633 2512 1699 2580 lot.
1713 2517 1766 2580 22.

306 2633 369 2687 rna.
386 2634 435 2688 ru
452 2635 517 2706 usq.
533 2635 588 2691 vu.
603 2636 626 2703 Ι,
643 2643 673 2701 a·
695 2634 792 2703 nur,
808 2641 847 2690 ss.
881 2634 981 2689 Penes
1001 2635 1136 2703 annua
1157 2634 1320 2688 mimas
1341 2648 1401 2686 am
1420 2632 1527 2700 mom,
1551 2633 1617 2703 my.
1635 2634 1779 2689 Romae
1797 2642 1815 2690 a
1832 2636 1856 2704 1,

200 2736 227 2788 p·
239 2727 295 2786 514,
308 2727 442 2875 dolam,
462 2807 527 2877 rap.
540 2814 631 2872 troez-
650 2807 754 2877 Bcrper
764 2813 802 2861 35.

376 3026 384 3043 .
415 3027 423 3044 .
451 2969 763 3062 Welgradensi
796 2967 1122 3042 Cistercieusis
1153 2972 1195 3040 et
1224 3024 1232 3041 .
1263 3025 1271 3042 .
1299 2964 1686 3043 Zabirdovicensi¹
1908 3003 1934 3042 a

215 3088 672 3168 Premoustratensis
704 3089 910 3163 ordinum
943 3088 1191 3162 abbatibus
1224 3094 1268 3162 et
1295 3143 1305 3162 .
1335 3144 1344 3163 .
1372 3090 1611 3181 preposito
1645 3090 1838 3166 ecclesie

511 3212 564 3286 de
597 3202 949 3284 Dumbravinic²
978 3208 1302 3283 Olomucensis
1335 3210 1553 3284 diocesis,

312 3339 497 3428 Spatiosum
521 3348 555 3408 et
576 3342 759 3427 speciosum
784 3340 932 3427 Ungarie
955 3361 1092 3426 regnum
1116 3341 1163 3405 sio
1186 3341 1304 3406 afflixit
1319 3342 1529 3407 Tartarorum
1554 3343 1717 3408 horrenda
1739 3344 1856 3410 erude-

202 3446 290 3527 litas,
314 3446 401 3531 quod
425 3444 544 3512 exinde
565 3444 772 3511 universitati
794 3444 941 3511 fidelium
962 3445 1073 3509 inesse
1096 3442 1210 3525 debuit
1232 3446 1370 3510 materia
1392 3446 1617 3524 lacrimarum;
1641 3455 1692 3512 set
1714 3447 1855 3534 quidam,

203 3549 288 3613 sicut
310 3550 466 3614 mirantes
490 3551 686 3636 accepimus,
710 3571 847 3634 regnum
871 3550 976 3635 ipsum
1000 3547 1208 3635 presentibus
1224 3548 1370 3613 Tartaris
1394 3557 1427 3614 et
1449 3557 1524 3636 post
1545 3551 1672 3615 illorum
1688 3573 1855 3617 recessum
1908 3579 1933 3619 u

204 3651 366 3718 hostiliter
388 3655 588 3735 invaserunt,
611 3654 730 3719 multos
747 3653 788 3719 de
804 3655 908 3741 ipsius
924 3653 1075 3734 confinio,
1099 3653 1227 3717 illorum
1251 3653 1346 3718 bonis
1366 3654 1566 3738 consumptis
1583 3675 1642 3740 per
1658 3655 1856 3736 incendium,

203 3764 364 3840 ponentes
387 3760 420 3821 iu
444 3778 499 3823 ore
522 3757 638 3843 gladii,
666 3779 729 3822 non
752 3756 878 3843 absque
900 3757 1075 3821 manifesta
1097 3756 1214 3821 iniuria
1237 3755 1424 3821 crucifixi-⁸.
1469 3756 1631 3830 Quocirca
1654 3758 1857 3839 mandamus,

204 3860 357 3944 quatinus
381 3860 536 3946 inquisita
558 3881 656 3946 super
678 3859 741 3924 hiis
764 3859 954 3944 diligentius
977 3859 1133 3940 veritate,
1164 3879 1228 3945 quo
1252 3867 1413 3946 tempore,
1443 3881 1503 3947 por
1526 3882 1605 3948 quos
1629 3862 1716 3927 etin
1740 3863 1857 3949 quibus

203 3961 297 4045 regni
319 3962 467 4047 partibus
490 3963 555 4027 sint
576 3964 655 4028 talia
678 3968 883 4050 perpetrata,
913 3961 1007 4025 nobis
1030 3962 1145 4025 vestris
1168 3963 1285 4027 litteris
1307 3963 1448 4029 fideliter
1471 3965 1656 4050 exponatis,
1685 3972 1856 4030 uteorum

204 4063 343 4128 veritate
360 4072 535 4150 comperta,
560 4065 646 4150 quod
663 4064 821 4152 expedire
835 4063 1021 4146 viderimus,
1040 4064 1159 4130 exinde
1176 4064 1397 4152 disponamus.
1431 4065 1526 4139 Quod
1543 4069 1568 4132 si
1584 4089 1649 4132 nou
1666 4088 1780 4132 omnes
1793 4075 1855 4133 eto.
1909 4095 1935 4133 ro

312 4165 387 4231 Dat.
412 4167 574 4254 Anagnia,
597 4168 648 4232 XI
670 4167 745 4232 Kal.
770 4167 856 4254 Aug.
880 4189 965 4233 anno
987 4167 1102 4254 primo.

1013 4574 1049 4647 4.

310 4666 529 4760 Innocentius
547 4694 606 4759 IV
620 4715 706 4776 popo
726 4695 934 4783 [Wilhclmo]
961 4698 1101 4778 emacem
1129 4696 1285 4779 qnondam
1305 4696 1499 4776 Mutinensi,
1521 4698 1767 4779 poententiorio
1792 4717 1857 4777 snio,

204 4796 392 4877 apostolieae
413 4797 496 4863 sedis
517 4797 626 4880 iegato,
649 4799 810 4864 linritandi
831 4799 964 4865 dioceses
985 4801 1020 4865 in
1037 4799 1174 4867 Proseis
1196 4805 1225 4864 ct
1246 4801 1412 4866 coniuncta
1433 4802 1462 4865 ei
1477 4804 1563 4865 terro
1581 4800 1740 4867 Oolmensi
1750 4800 1858 4886 funil-

205 4903 299 4965 tatem
322 4899 467 4967 emindii
1520 4905 1613 4982 1243,
1635 4902 1702 4972 lul.
1715 4905 1768 4970 29.

311 5021 374 5074 [nn.
388 5020 435 5074 IV
450 5020 517 5091 Req.
532 5021 586 5075 Vol.
599 5022 679 5089 1,24;
696 5021 754 5076 La.
769 5023 792 5091 L
805 5033 860 5078 144.
887 5023 1036 5093 Emptos
1051 5024 1186 5093 l'heinseri,
1201 5024 1278 5079 Mon.
1291 5024 1423 5078 Potonioe
1436 5023 1458 5090 I,
1472 5038 1501 5091 p.
1511 5029 1550 5089 36,
1568 5040 1595 5076 n.
1611 5031 1646 5091 76,
1664 5038 1724 5076 cum
1737 5024 1857 5094 Rasna
1909 5046 1935 5087 25

205 5107 320 5161 matulit
342 5106 369 5160 V.
387 5106 428 5161 01.
448 5108 484 5161 A.
504 5106 583 5163 Mors.
624 5109 816 5164 Anidenticsnn
840 5110 967 5179 epistolae
992 5110 1146 5179 umens
1169 5115 1364 5177 mmnootum,
1392 5108 1463 5177 qnsod
1489 5107 1570 5162 atine
1588 5108 1677 5180 Vor'pt,
1708 5109 1769 5165 uod.
1793 5108 1857 5179 dipt

208 5193 303 5248 Pressa
321 5194 469 5263 tinet,
487 5201 567 5262 not,
584 5194 709 5249 murillo
726 5193 764 5248 ad
781 5195 887 5250 vatum
904 5195 1056 5251 caeam.

311 5279 447 5348 Pontou,
465 5280 530 5350 Rip.
546 5288 639 5349 111023
655 5280 755 5351 Bauer
766 5289 822 5337 144.

311 5591 338 5658 1)
359 5589 493 5660 mmai,
512 5608 604 5647 ema.
623 5598 648 5648 at
665 5609 703 5647 or.
715 5593 763 5648 ao.
779 5594 885 5648 uram
943 5594 971 5662 2)
989 5591 1159 5660 munau,
1178 5608 1212 5647 aa
1228 5597 1292 5662 sept.
1309 5597 1334 5647 at
1352 5606 1402 5646 occ.
1420 5592 1469 5647 cin
1482 5593 1592 5647 Bntnn.
1650 5593 1677 5662 3)
1699 5591 1729 5650 V.
1743 5590 1858 5664 Ferale,
1884 5668 1888 5673 ³
1907 5604 1938 5649 te

209 5675 297 5734 Geruli.
316 5693 340 5732 n.
357 5673 526 5747 Unoonnod
544 5678 816 5750 maenianae.
