4328 6232
755 334 802 389 nx
822 333 1039 388 Innocnnrn
1057 333 1096 389 IV
1114 330 1295 388 REGISTRO

986 705 1074 780 603.

303 818 522 912 Innocentius
544 845 568 909 I
571 845 600 909 V
612 866 703 926 papa
719 845 878 925 potestati,
902 845 1031 909 consitio
1052 848 1082 908 et
1103 844 1259 909 communi
1281 843 1497 909 Ianaensibns
1519 843 1668 926 indntpct,
1690 846 1787 909 ntia
1810 863 1863 910 eos

199 950 526 1014 excommunicationis
547 950 595 1013 ool
616 948 776 1012 interdicti
804 949 977 1012 contentione
1001 949 1200 1029 pronrnlpart
1227 968 1291 1011 non
1313 948 1440 1029 possint
1465 949 1534 1012 :nnc
1561 949 1864 1030 sedisapostolicae

199 1054 349 1118 mandato
371 1054 510 1135 speciali.
1525 1054 1618 1130 1248,
1640 1052 1721 1120 Noo.
1739 1055 1769 1118 5.

305 1171 368 1227 aa.
385 1171 433 1225 Ιν
448 1171 513 1240 aa.
533 1171 592 1226 nn.
609 1171 663 1239 nr,
684 1170 760 1239 cn,
783 1187 811 1224 n.
829 1177 883 1224 sn.
918 1170 1068 1239 empna
1092 1169 1155 1239 ea.
1177 1139 1338 1224 mirram
1359 1185 1420 1224 aa
1442 1171 1592 1225 amensa
1612 1171 1644 1225 a
1666 1171 1729 1226 mo.
1753 1172 1862 1225 rum

199 1258 308 1327 reiprml.
329 1257 464 1312 Genncns.
484 1258 567 1326 [Ilm.
581 1264 656 1327 patr.
672 1259 758 1327 mon.)
775 1263 794 1311 t.
807 1258 832 1323 I,
846 1273 876 1324 p.
890 1264 961 1324 1034,
980 1274 1007 1310 n.
1022 1264 1069 1311 786
1086 1256 1161 1328 {Aa

304 1345 433 1412 Pottbast,
454 1345 627 1413 ch.13068,·
645 1346 743 1414 Bergan
759 1351 834 1399 4209.

463 1594 501 1611 ..
530 1538 761 1629 potestati,
789 1539 977 1612 consilio
1007 1543 1051 1612 et
1078 1539 1260 1611 comuni
1287 1539 1601 1614 lanuensibus.

312 1687 358 1752 Ut
382 1710 425 1752 ex
449 1688 582 1772 speciali
607 1687 792 1770 devotione,
816 1710 912 1774 quam
938 1689 978 1753 ad
1002 1710 1060 1753 nos
1085 1695 1118 1753 et
1141 1689 1322 1753 Romanam
1346 1689 1476 1753 habetis
1500 1690 1684 1766 eeclesiam,
1709 1689 1863 1754 sentiatis

205 1792 237 1855 in
261 1792 354 1856 vobis
378 1791 522 1855 favorem
547 1792 764 1876 apostolieum
788 1793 983 1871 accrevisse,
1008 1793 1206 1856 anctoritate
1223 1790 1315 1855 vobis
1338 1793 1540 1876 presentium
1564 1793 1804 1878 indulgemus·,
1827 1799 1864 1856 nt

205 1894 313 1959 nullus
337 1894 508 1978 delegatus
532 1895 585 1960 vel
610 1894 862 1979 subdelegatus,
894 1902 1051 1959 executor
1080 1902 1136 1959 aut
1166 1896 1265 1959 etiam
1294 1903 1507 1959 conservator
1535 1916 1594 1982 per
1621 1895 1864 1981 indulgentiam

206 2000 256 2062 vel
290 2000 486 2083 apostolicas
518 2005 803 2084 quantumcunque
834 2000 950 2085 plenas
978 2001 1030 2064 vel
1058 2019 1233 2085 expressas
1262 1998 1421 2077 litterasb,
1454 2001 1648 2084 impetratas
1676 2000 1731 2063 vel
1762 2000 1864 2063 etiarn

207 2101 444 2187 impetrandas,
479 2103 530 2166 vel
559 2123 732 2188 processus
762 2103 892 2167 habitos
923 2125 982 2189 per
1009 2103 1158 2179 easdem,
1194 2125 1258 2167 non
1292 2103 1452 2167 iacientes
1488 2103 1529 2167 de
1565 2103 1626 2167 hac
1657 2103 1865 2188 indulgentia

207 2207 438 2284 mentionem⁰,
471 2206 504 2269 in
533 2227 591 2270 vos
620 2227 679 2270 sen
711 2213 832 2270 terram
862 2213 1002 2271 vestram
1034 2209 1381 2272 excommunicationis
1405 2208 1457 2272 vel
1486 2205 1651 2271 interdicti
1681 2206 1864 2270 sententias

208 2309 316 2374 valeat
339 2308 556 2395 promulgare.
601 2308 692 2373 Nulli
715 2331 793 2396 ergo
817 2318 880 2377 etc.

312 2428 402 2517 [Dat.
424 2427 622 2516 Lugduni]‘¹‚
646 2429 730 2496 Non.
753 2432 961 2514 Novembris,
984 2433 1158 2499 annoV10.

833 2744 1244 2752 ———-————-—--———

996 3037 1083 3114 eet.

318 3154 536 3252 Innocentius
555 3183 581 3248 I
582 3180 612 3248 V
618 3204 709 3264 popa
729 3180 838 3246 abbati
858 3180 895 3245 oto
914 3180 1091 3263 Wcttinpen
1113 3180 1253 3258 mandat,
1276 3184 1310 3244 nt
1330 3180 1464 3260 fratrom
1482 3179 1667 3247 Wcrncrnm
1690 3200 1868 3246 cananeum

214 3290 324 3374 ipsine,
347 3290 404 3370 qni
421 3290 588 3354 muitarum
604 3288 677 3351 adio
693 3287 872 3364 incurrerit,
890 3306 951 3369 pro
969 3306 1003 3349 co
1019 3286 1101 3366 qnod
1121 3286 1157 3349 in
1180 3286 1322 3349 ccctomac
1344 3285 1464 3368 nogotio
1483 3283 1620 3366 firtciitcr
1641 3285 1807 3366 laborarit,
1827 3284 1870 3350 od

215 3392 440 3474 snppcstioncm
460 3393 641 3473 aliqnornns
661 3389 706 3455 ad
726 3390 794 3454 otia
818 3389 886 3453 toco
908 3390 1120 3453 transmittere
1141 3407 1206 3451 non
1222 3392 1418 3472 pracsnmat.
1517 3389 1611 3465 1248,
1633 3387 1714 3454 Noe.
1732 3392 1784 3457 10.

318 3512 382 3566 Inn.
402 3512 450 3566 IV
464 3509 529 3580 ling.
549 3510 608 3566 La.
628 3511 680 3578 VI,
700 3512 722 3577 t.
739 3518 781 3578 12,
805 3527 833 3564 n.
851 3516 906 3564 223.
947 3508 1116 3564 ananiam
1142 3509 1278 3576 ῳίειοὶανη
1306 3525 1367 3563 acm
1394 3510 1450 3563 alio
1476 3509 1592 3565 ciusdem
1614 3511 1671 3577 sere
1696 3511 1798 3565 tenoris
1823 3509 1871 3565 snb

214 3617 241 3653 a.
255 3606 330 3669 1248,
350 3598 435 3653 Mart.
449 3603 481 3652 31
498 3597 606 3666 scripto,
625 3598 722 3666 Bcrper
738 3604 805 3653 3809
822 3598 877 3667 [1],·
897 3597 929 3663 ct.
943 3614 973 3666 p.
985 3603 1042 3663 370,
1061 3601 1151 3651 nott.

321 3686 419 3752 Rape
437 3691 508 3739 4215.

335 3934 374 3952 ..
403 3879 564 3953 abbati
593 3879 858 3953 monasterii
885 3880 936 3954 de
955 3879 1207 3972 Weetingen
1233 3879 1548 3954 Cisterciensis
1575 3881 1752 3955 ordinis

742 4000 1120 4074 Constantiensis
1146 3999 1349 4074 diocesis,

326 4148 409 4213 Cum
440 4149 580 4215 dilectus
610 4148 697 4214 filius
728 4150 830 4216 irater
850 4150 1033 4215 Wernerus
1062 4170 1239 4215 conversus
1272 4155 1348 4213 tuus
1375 4151 1552 4214 multorum
1579 4152 1664 4217 sient
1685 4155 1875 4240 accepimus

218 4252 392 4318 incurrerit
412 4251 497 4331 odia,
520 4273 579 4338 pro
597 4273 636 4317 eo
651 4252 736 4338 quod
752 4254 785 4318 in
803 4255 963 4319 ecclesie⁰
979 4254 1112 4338 negotio
1128 4253 1248 4318 devote
1265 4275 1303 4317 ac
1319 4252 1462 4317 fideliter
1476 4253 1645 4335 laboravit,
1668 4257 1876 4337 mandamus,

219 4357 369 4442 quatinus
405 4363 440 4420 tn
467 4357 520 4421 vel
549 4357 682 4442 aliquisf
711 4358 856 4424 eiusdem
885 4357 1008 4422 ordinis
1040 4359 1147 4443 ipsum
1178 4358 1219 4421 ad
1250 4356 1496 4442 suggestionem
1527 4359 1709 4443 aliquorum
1740 4360 1783 4424 ad
1812 4362 1878 4425 alia

219 4459 292 4523 loca
314 4460 538 4524 transmittere
562 4460 750 4526 nullatenus
774 4461 983 4547 presumatis,
1009 4460 1108 4524 immo
1132 4461 1238 4546 ipsum
1263 4460 1406 4545 benigno
1428 4461 1548 4525 affectu
1573 4468 1757 4547 pertractes
1780 4464 1877 4550 eique

219 4562 383 4627 ministres
412 4564 602 4627 necessaria
630 4571 663 4627 et
692 4565 810 4629 iratres
839 4584 1030 4641 conversos,
1062 4564 1146 4628 sicut
1175 4573 1417 4629 consueverunt
1443 4565 1626 4650 hueusque,
1657 4573 1694 4630 ut
1725 4589 1800 4631 cnm
1829 4569 1878 4633 eis

220 4666 361 4730 ecclesie
388 4665 520 4749 negotia
542 4687 736 4751 promovere
759 4667 901 4746 valeatss,
933 4666 1035 4730 iacias
1058 4666 1191 4731 obedire
1218 4704 1252 4714 -
1279 4667 1368 4731 nonh
1397 4668 1604 4732 obstantibus
1628 4668 1879 4757 quibuscunque

221 4768 403 4853 privilegiis
432 4769 485 4832 vel
512 4768 725 4855 indulgentiis
757 4770 927 4834 contrariis
960 4769 1064 4833 ordini
1091 4768 1301 4835 Cisterciensi
1337 4771 1379 4835 ab
1410 4772 1589 4857 apostolica
1616 4771 1697 4837 sede
1726 4775 1779 4839 vel
1807 4775 1878 4840 eins

221 4872 339 4956 legatis
375 4871 557 4951 concessis,
594 4871 635 4936 de
667 4873 785 4957 quibus
816 4873 990 4957 specialem
1021 4873 1074 4936 vel
1106 4894 1296 4958 expressam
1328 4880 1477 4959 oporteat
1506 4874 1576 4939 fieri
1607 4876 1638 4940 in
1670 4878 1880 4962 presentibus

222 4976 434 5041 mentionem.

330 5094 407 5160 Dat.
430 5093 593 5179 Lugduni,
616 5093 686 5159 lIlI
709 5094 758 5159 Id.
781 5094 988 5177 Novembris,
1013 5117 1098 5161 anno
1115 5094 1205 5162 VI⁰¹.

326 5357 351 5422 ⁸)
370 5351 527 5423 §meantium
546 5354 653 5424 indulg'.
674 5344 745 5406 iobis
759 5352 789 5405 R.
881 5355 905 5421 b)
925 5374 972 5424 per
989 5359 1144 5424 apostolicas
1163 5386 1194 5394 -
1214 5360 1313 5412 litteras
1331 5360 1373 5411 rel
1391 5361 1565 5428 indulgentias
1579 5363 1611 5411 Α.
1699 5363 1721 5426 c)
1741 5362 1881 5427 plenariam

223 5443 378 5495 mentionem
396 5443 429 5494 A.
560 5438 585 5507 ἃ)
610 5442 647 5493 ito
666 5440 707 5505 A,·
732 5443 790 5492 Dat
812 5443 934 5510 Lugduni
956 5443 1025 5495 dcent
1043 5444 1074 5495 It.
1208 5450 1232 5510 θ)
1258 5447 1430 5498 ecclesiastiea
1448 5453 1470 5497 1.
1597 5443 1618 5509 ἲ)
1640 5448 1735 5515 aliquis
1759 5450 1841 5501 abbas
1860 5454 1880 5499 1.

223 5529 248 5591 Β)
267 5529 370 5581 valeant
387 5535 410 5582 1.
427 5528 481 5581 ric!
588 5526 614 5594 11)
632 5528 711 5580 verba
732 5545 784 5579 non
804 5554 837 5565 -
855 5531 1012 5582 mentionem
1029 5531 1121 5582 &mat
1138 5538 1160 5583 1.
1190 5532 1309 5599 Apparet
1331 5533 1466 5599 epistolam
1485 5534 1602 5600 priorem
1618 5543 1729 5603 propter
1752 5535 1821 5586 bime
1838 5535 1879 5587 de·

217 5614 318 5685 samm
334 5624 485 5667 conmotam
502 5632 563 5669 mcc.
667 5611 687 5681 ἕ)
708 5617 768 5667 Dar.
787 5623 818 5669 nt
835 5632 913 5686 snpra
930 5615 962 5668 a.
