4784 6334
850 397 1051 454 samsones
1069 397 1266 456 SRLEG'I'AE.
1303 399 1378 455 1248.
1877 405 1940 468 435

284 573 338 637 in·
361 572 525 640 affluentis
549 574 715 661 opulentia
740 573 990 658 amplitudinem
1012 573 1183 638 famelicus
1207 579 1240 638 ct
1264 572 1449 638 sitibundus
1473 573 1624 655 exiliens,
1648 575 1761 661 rapido
1778 576 1866 663 oepit
1881 597 1938 640 ore

206 759 208 764 Ι
283 699 421 762 regnum
444 678 568 742 laniare
592 677 766 764 prelatum,
790 697 920 740 earnem
944 677 1041 755 illius,
1065 698 1173 742 rerum
1197 698 1329 741 suarum
1353 677 1500 742 scilicetb
1523 679 1720 758 ubertatem,
1744 699 1939 744 consumens

213 3081 239 3122 25

286 781 319 844 in
343 780 452 846 cibum
476 789 510 846 et
533 782 725 866 sanguinem
748 781 781 845 iu
803 786 915 866 potum
940 781 1124 861 exauriena,
1149 781 1316 846 hominum
1333 781 1486 846 videlicet
1508 785 1579 847 eiua
1595 783 1711 856 vitam;
1735 784 1940 869 siccamque

287 886 318 948 in
346 885 434 950 bona
461 891 494 948 et
522 906 679 972 personas
710 885 813 970 ipsius
847 885 947 948 anxia
980 883 1104 948 exarsit
1137 884 1296 968 ingluvie,
1331 883 1415 969 quod
1451 886 1512 950 hec
1546 885 1723 950 insatiabili
1758 885 1939 972 rapacitate

287 989 488 1075 discerpens,
512 987 601 1069 illud,
624 988 790 1075 prodolor!
816 987 904 1052 larus
927 988 1001 1072 plus
1023 986 1093 1051 fera
1116 987 1271 1072 qualibet,
1295 987 1365 1052 fere
1389 989 1520 1074 penitus
1543 988 1715 1054 absorbuit
1731 991 1764 1053 in
1780 991 1939 1077 utrisque,

287 1112 347 1156 nec
374 1113 489 1156 sexum
516 1113 578 1156 nec
608 1097 730 1157 etatem
757 1111 863 1176 neque
894 1089 1041 1154 ordinem
1068 1092 1322 1175 pretermittens.
1369 1091 1518 1177 Oquam
1548 1093 1714 1178 pestilenti
1742 1096 1859 1159 colono
1888 1094 1940 1159 hio

288 1217 367 1280 ager
389 1196 583 1260 commissus
607 1196 717 1261 extitit
740 1203 807 1260 tam
830 1195 967 1260 lertilis⁰
991 1201 1025 1260 et
1047 1214 1194 1274 amenus,
1219 1197 1273 1280 qui
1298 1215 1474 1281 numquam
1498 1217 1573 1262 eum
1596 1197 1706 1279 coluit,
1731 1197 1789 1263 sed
1811 1219 1941 1284 semper

288 1299 329 1364 de
357 1301 428 1385 ipso
457 1287 602 1385 collegit;
633 1321 698 1366 non
726 1299 861 1364 adauxit
884 1300 1013 1363 cultura
1036 1319 1179 1383 congrua
1201 1299 1326 1364 fructus
1351 1301 1438 1376 eius,
1470 1308 1521 1364 set
1543 1287 1653 1365 verius
1682 1301 1757 1366 illos
1786 1301 1941 1367 indebitis

290 1403 435 1468 collectis
459 1404 610 1479 exsuxit;
633 1424 795 1488 nusquam
818 1402 859 1468 ad
883 1403 990 1488 ipsum
1014 1403 1146 1467 cultoris
1171 1423 1282 1468 curam
1305 1403 1463 1483 adhibuit,
1487 1402 1544 1468 sed
1569 1404 1793 1469 curiositatem
1809 1404 1941 1471 assidue

290 1508 486 1574 collectoris!
535 1506 562 1571 0
586 1529 684 1592 qnam
705 1527 861 1593 perverso
887 1507 1006 1571 rectori
1028 1511 1155 1570 tantum
1179 1527 1218 1571 ao
1241 1507 1308 1572 tale
1337 1505 1495 1571 creditum
1524 1507 1585 1571 fuit
1613 1527 1765 1593 regnum,
1794 1509 1848 1595 qui
1875 1509 1943 1574 suis

288 1609 511 1677 tantummodo
527 1611 661 1676 nefariis
679 1612 760 1675 votis
781 1610 927 1676 intentus
950 1611 1048 1697 impie
1072 1610 1114 1674 ad
1136 1611 1223 1675 illius
1248 1610 1410 1697 prosilivit
1427 1610 1605 1688 excidium,
1628 1618 1666 1676 ut
1687 1631 1780 1676 suum
1803 1613 1941 1678 lerinum

289 1716 432 1781 animum
448 1714 694 1778 inhumanitatis
710 1713 912 1778 immanitate
929 1714 1107 1801 placaretd,
1132 1721 1240 1780 custos
1254 1715 1367 1800 utique
1385 1714 1536 1801 predans,
1553 1713 1753 1799 gubernator
1767 1715 1943 1804 dissipans,

290 1819 442 1884 defensor
473 1815 660 1897 offendens,
693 1817 760 1882 dux
788 1817 936 1899 deviam,
973 1819 1126 1905 princeps
1153 1820 1353 1907 precipitans
1383 1826 1416 1886 et
1443 1841 1503 1886 rex
1532 1819 1665 1884 rodens!
1710 1820 1788 1886 Heu
1819 1823 1943 1908 itaque,

291 1923 367 2010 quia
389 1921 568 2008 gratiosum
591 1927 624 1986 et
647 1923 828 2008 pretiosum
850 1942 999 2007 regnum,
1023 1923 1076 1986 oui
1099 1924 1285 2009 specialiter
1299 1922 1460 1988 Dominus
1475 1923 1509 1987 in
1527 1924 1678 1988 omnibus
1695 1923 1942 2004 benedixerat⁹,

291 2026 536 2111 dealtoglorie
558 2026 715 2090 inimum
739 2026 869 2090 miserie
893 2027 1024 2104 corruit,
1048 2027 1108 2091 sub
1130 2027 1260 2092 inimice
1284 2026 1492 2092 adversitatis
1515 2027 1658 2091 dominio
1682 2027 1780 2093 variis
1804 2028 1942 2092 tribula-

291 2131 433 2196 tionibus
461 2131 700 2210 contristatum,
731 2129 818 2215 quod
842 2131 917 2194 olim
946 2152 988 2196 ex
1016 2132 1122 2196 amice
1150 2132 1378 2219 prosperitatis
1401 2132 1507 2196 arrisu
1529 2130 1740 2196 allluentibus
1763 2131 1943 2196 commodis

290 2234 467 2300 letabatur!
517 2232 608 2312 Heu,
643 2235 720 2319 qnia
747 2234 934 2319 speciosum
962 2255 1099 2319 regnum
1130 2241 1222 2300 tanta
1253 2241 1413 2301 mutatum
1444 2235 1637 2300 alteratione
1668 2236 1822 2316 cernitur,
1859 2234 1944 2320 quod

293 2339 422 2403 omnino
445 2359 466 2402 a
488 2359 525 2403 se
547 2339 619 2424 ipso
650 2339 758 2424 priore
788 2336 976 2424 discrepare
1000 2337 1141 2416 videtur,
1171 2346 1203 2403 et
1226 2341 1280 2403 vix
1307 2339 1404 2420 illud,
1436 2341 1491 2425 qui
1521 2340 1583 2404 hoc
1610 2340 1644 2404 in
1673 2359 1732 2405 sua
1758 2339 1865 2426 prima
1895 2339 1944 2403 in·

294 2447 474 2528 spexerunt
497 2441 622 2527 effigie,
653 2445 906 2526 recognoscunt!
951 2440 1156 2506 Defecerant
1183 2443 1270 2507 enim
1294 2443 1398 2529 ipsius
1422 2444 1561 2530 optima,
1588 2443 1687 2508 immo
1710 2440 1761 2506 ins
1782 2442 1946 2507 contraria

294 2545 505 2611 diverterunt.
533 2544 602 2609 ,En
631 2544 763 2630 quidam
796 2544 981 2630 pulcritudo
1017 2544 1186 2620 delonnis,
1220 2546 1406 2632 ingenuitas
1436 2547 1612 2631 degenerss,
1645 2546 1781 2612 libertas
1815 2547 1945 2626 ancilla,

293 2648 477 2715 fecunditas
499 2649 631 2728 sterilis,
654 2648 860 2735 populositas
885 2647 1018 2712 deserta
1040 2655 1074 2712 et
1096 2648 1252 2713 fortitudo
1274 2651 1416 2715 infirma!
1455 2649 1626 2737 Subripuit
1645 2650 1741 2714 fletus
1758 2649 1858 2715 risum
1875 2649 1945 2712 eius

294 2759 327 2818 et
349 2751 503 2838 gaudium
526 2772 621 2816 suurn
645 2751 742 2817 desiit
764 2752 796 2816 in
812 2751 1006 2819 lamentum.
1045 2751 1073 2816 Ο
1091 2753 1243 2837 quotiens
1260 2753 1410 2820 dolorosa
1427 2755 1569 2841 suspirat
1585 2762 1618 2819 et
1632 2754 1822 2820 lacrimatur
1837 2771 1945 2818 amare

293 2857 477 2943 apostolica
506 2855 618 2938 sedes,
652 2855 738 2941 quod
770 2875 904 2940 regnum
936 2857 1015 2920 iuris
1047 2862 1080 2920 et
1109 2858 1318 2942 proprietatis
1352 2878 1424 2938 sue,
1460 2877 1571 2923 carum
1600 2856 1723 2944 quippe
1754 2857 1830 2938 sibi,
1865 2855 1947 2922 dura

291 2960 494 3026 Pharaonice
519 2959 739 3047 oppressionis
764 2959 849 3024 mole
872 2959 1101 3045 prosternitur,
1125 2981 1186 3025 neo
1203 2961 1321 3025 sinitur
1335 2962 1392 3047 pia
1408 2961 1642 3028 consolationis
1658 2960 1797 3026 dextera
1812 2966 1945 3048 aposto·

293 3063 355 3128 lice
379 3063 534 3130 relevari!

400 3167 502 3232 Porro
525 3188 587 3231 nec
611 3167 769 3232 ecclesias
793 3173 827 3232 et
848 3188 1006 3252 personas
1031 3167 1274 3233 ecclesiasticas
1298 3189 1478 3254 eorumque
1501 3169 1574 3232 iura
1603 3172 1637 3232 et
1665 3168 1753 3231 bona
1781 3167 1815 3232 in
1845 3186 1947 3252 regno

292 3271 363 3359 ipso
386 3270 536 3336 draconis
560 3270 655 3335 huius
678 3269 767 3334 luror
794 3272 958 3356 preteriit,
990 3277 1041 3337 set
1070 3273 1102 3336 in
1132 3273 1194 3338 hcc
1224 3293 1264 3337 eo
1292 3272 1457 3338 ferociush
1480 3271 1668 3352 escanduit,
1700 3291 1764 3356 quo
1795 3268 1948 3357 quioquid

295 3373 516 3442 ecclesiastico
540 3372 739 3438 discernitur
761 3374 903 3452 nominc,
932 3374 1007 3439 odio
1032 3375 1179 3440 aborruit
1201 3378 1352 3462 graviori.
1396 3376 1502 3442 Tanta
1527 3377 1613 3441 enim
1636 3376 1806 3461 impietate
1830 3393 1949 3461 corpus

294 3481 339 3546 ibi
361 3479 557 3545 obtractavit
579 3478 734 3556 ecclesie,
766 3478 853 3562 quod
880 3479 989 3564 ipsum
1018 3479 1080 3542 huo
1104 3487 1137 3544 et
1160 3481 1237 3544 illuc
1261 3502 1351 3546 more
1375 3479 1470 3546 ferali
1493 3478 1680 3544 distrahens
1705 3485 1738 3542 et
1761 3477 1949 3543 discindens

297 3585 390 3670 quasi
411 3584 453 3648 ad
475 3581 633 3648 nichilum
656 3581 717 3645 hoc
739 3580 876 3666 redegit.
914 3581 1000 3646 Nam
1022 3582 1102 3646 illud
1118 3584 1206 3647 omni
1223 3584 1362 3669 primum
1379 3589 1571 3648 ornamento
1587 3580 1754 3647 denudans
1770 3587 1804 3645 et
1819 3579 1948 3661 deinde,

296 3691 516 3756 incalescente
539 3687 656 3752 sevitia
678 3686 786 3751 factus
803 3686 938 3751 Herode
962 3687 1014 3752 hic
1031 3708 1172 3773 nequam
1190 3687 1350 3768 berodior,
1376 3688 1513 3752 rabiosis
1529 3686 1759 3752 demembrans
1776 3683 1950 3764 morsibus,

296 3799 397 3858 totam
420 3791 551 3858 demum
574 3811 707 3856 carnem
729 3790 856 3854 voravit
879 3791 998 3874 ipsius;
1029 3792 1166 3856 corrosit
1190 3792 1290 3857 etiam
1314 3812 1399 3872 ossa,
1428 3799 1462 3856 et
1483 3791 1617 3875 insuper
1639 3788 1800 3853 medullas
1823 3787 1948 3852 exurit.

298 3895 364 3962 Sue
394 3895 536 3980 denique
567 3895 738 3980 potestatis
766 3893 888 3958 honore
921 3893 1003 3957 illud
1032 3893 1073 3960 de
1104 3893 1192 3959 facto
1224 3893 1388 3974 destituit,
1426 3914 1490 3958 non
1521 3894 1625 3958 solum
1658 3913 1722 3958 non
1755 3891 1950 3979 permittens

296 4000 418 4066 ibidem
448 4000 552 4065 libere
582 3997 809 4063 auctoritatem
839 3997 1097 4062 ecclesiasticam
1127 3999 1292 4079 exerceri,
1331 3997 1388 4063 sed
1419 4005 1453 4063 et
1487 3998 1629 4084 superbe
1660 4017 1698 4062 ao
1725 3996 1952 4060 inreverenter
2057 4035 2061 4042 -

300 4123 373 4170 eam
401 4103 586 4190 despiciens
622 4108 656 4166 et
689 4100 897 4175 conculcans;
933 4108 966 4166 at
1000 4108 1153 4188 tanquam
1188 4103 1260 4182 ille,
1297 4103 1390 4167 cuius
1424 4101 1594 4167 ambitioni
1627 4101 1729 4164 totius
1764 4098 1850 4163 orbis
1887 4118 1952 4161 non

299 4209 466 4274 sufficeret
488 4206 643 4284 ambitus,
672 4203 858 4270 huiusmodi
882 4205 1111 4270 auctoritatem
1135 4207 1168 4270 in
1192 4207 1302 4271 multis
1326 4205 1535 4292 impudenter
1556 4224 1737 4290 usurpans,
1769 4200 1952 4288 reputando

298 4313 392 4398 quasi
414 4311 577 4376 modicum
600 4333 636 4376 se
665 4309 803 4388 habere,
833 4308 861 4372 si
892 4308 971 4372 solis
999 4315 1151 4394 preesset
1180 4307 1414 4394 temporalibus
1439 4317 1473 4374 et
1496 4307 1558 4372 sibi
1582 4306 1764 4394 spiritualia
1785 4325 1850 4370 non
1873 4303 1950 4369 sub-

300 4423 418 4494 essent,
447 4418 481 4481 in
508 4413 750 4502 provisionibus
775 4410 1012 4478 cathedralium
1037 4418 1071 4476 et
1094 4413 1229 4477 aliarum
1254 4413 1467 4477 ecelesiarum
1490 4411 1689 4491 vacantium,
1718 4409 1952 4474 beneficiorum

300 4521 444 4607 ipsarum
467 4518 709 4594 collationibus,
733 4517 927 4582 clericorum
950 4516 1060 4579 causis
1084 4522 1118 4580 et
1141 4516 1212 4580 aliis
1236 4513 1277 4580 ad
1300 4515 1405 4580 iorum
1429 4513 1687 4579 ecclesiasticum
1710 4511 1952 4600 pertinentibus

301 4625 373 4711 ipsa
393 4624 475 4689 inibi
498 4623 588 4687 abuti
612 4621 822 4708 presumpsit.
865 4619 919 4684 Ad
942 4621 1086 4706 prelatos
1110 4640 1238 4705 quoque
1262 4641 1301 4685 ac
1324 4619 1404 4684 alios
1435 4617 1580 4684 clericali
1610 4617 1807 4704 presignitos
1835 4617 1952 4681 militia

301 4748 399 4794 manu
422 4726 624 4792 crudelitatis
648 4723 883 4790 indifferenteri
906 4729 1056 4804 extenta,
1086 4723 1341 4809 quamplurimos
1369 4743 1411 4786 ex
1434 4722 1515 4808 ipsis
1538 4718 1778 4806 ignominiosa*
1801 4721 1972 4807 captione*

301 4833 404 4898 teneri
426 4837 459 4896 et
483 4831 516 4895 in
539 4837 665 4895 atroces
688 4828 818 4894 detrudi
842 4849 992 4893 carceres
1015 4849 1054 4894 ae
1077 4828 1210 4893 tandem
1241 4826 1337 4891 morti
1366 4824 1570 4912 turpissime¹
1598 4822 1682 4890 tradi
1712 4822 1805 4898 fecit;
1839 4828 1887 4902 et,
1917 4830 1954 4888 ut

302 4936 342 5002 de
373 4935 528 5001 inmensis
556 4955 595 4999 ac
626 4933 805 4997 innumeris
834 4933 961 4997 iniuriis
990 4939 1024 4996 et
1054 4930 1234 5017 dispendiis
1264 4931 1477 4996 ecclesiarum
1508 4934 1542 4994 et
1570 4928 1649 4993 cleri
1680 4928 1773 5013 regni
1800 4925 1953 5012 premissi

302 5041 428 5104 tristem
452 5045 485 5104 et
508 5037 667 5101 infinitam
689 5037 861 5101 materiam
885 5036 976 5101 brevi
1001 5037 1133 5101 oraculo
1155 5036 1317 5112 finiamus,
1341 5035 1389 5100 sio
1411 5033 1457 5098 ibi
1478 5030 1712 5097 iurisdictionis
1729 5031 1953 5096 ecclesiastice

303 5141 473 5229 plenitudo
496 5163 628 5228 prorsus
653 5147 812 5205 evacuata
835 5147 867 5204 et
889 5140 1051 5205 libertatis
1075 5139 1247 5225 integritas
1271 5160 1314 5203 ex
1338 5143 1407 5202 toto
1439 5137 1605 5202 cominuta
1632 5135 1838 5221 conspicitur,
1869 5132 1955 5221 quod

304 5267 368 5311 non
392 5247 495 5310 solum
518 5245 586 5310 illio
608 5243 736 5331 species
759 5265 823 5308 non
847 5249 986 5329 apparet
1009 5244 1149 5310 ecclesie
1173 5263 1279 5329 neque
1307 5242 1415 5322 decor,
1447 5239 1506 5306 sed
1535 5241 1636 5305 etiam
1666 5238 1707 5303 de
1734 5237 1838 5324 ipsius
1867 5258 1953 5324 pene

406 5505 431 5572 ⁸)
449 5513 476 5559 et
492 5505 525 5558 R.
590 5517 593 5522 '
617 5503 644 5574 bl
660 5506 743 5558 silicet
760 5503 793 5557 R.
886 5504 909 5568 ο)
927 5505 1018 5557 tortilis
1035 5505 1063 5556 ia
1081 5505 1136 5557 loco
1153 5523 1222 5557 raso.
1313 5499 1339 5566 (ἱ)
1358 5505 1470 5572 placeret
1486 5520 1554 5555 corr.
1573 5501 1693 5570 placarat.
1781 5499 1804 5565 θ)
1824 5499 1956 5552 Ιιθιιοᾶὶιῆ

303 5611 370 5648 corr.
388 5593 562 5670 benedixerat.
643 5591 663 5660 s)
681 5594 708 5644 in
726 5591 889 5660 sapersoript.
971 5589 996 5656 a)
1015 5591 1126 5660 deneger
1138 5591 1170 5644 R.
1257 5589 1283 5657 11)
1303 5592 1348 5644 tta.
1361 5591 1461 5644 erocius
1477 5590 1506 5642 io
1518 5589 1572 5640 loco
1584 5604 1654 5640 raso.
1735 5583 1754 5652 ¹)
1773 5585 1956 5642 indefferenter

304 5697 371 5736 corr.
389 5679 570 5734 indifferenter.
675 5675 701 5746 ¹¹)
718 5680 842 5748 ignoratn.
861 5695 927 5734 corr.
947 5677 1124 5748 ignominiosa.
1229 5675 1249 5746 ¹)
1268 5679 1314 5732 lia.
1332 5687 1362 5734 tu
1380 5694 1446 5731 corr.
1466 5693 1497 5730 aa
1514 5676 1549 5733 ln.

1693 5764 1749 5826 651
