4328 6232
817 379 864 435 EX
884 378 1100 435 lNNCCEN'l'Il
1119 375 1157 431 IV
1177 374 1357 431 REGISTRO

1050 748 1112 821 aa.

359 868 576 958 Innocentius
592 890 647 954 IV
661 911 750 973 popu
771 890 933 974 [Popponi
955 891 991 953 dc
1016 890 1169 974 Cstcrno]
1187 889 1386 972 praeceptor-i
1407 892 1435 951 ct
1460 887 1621 972 fratribus·
1643 886 1809 967 hospitatis
1835 886 1912 950 Tou-

255 994 426 1056 tonicormu
449 996 478 1058 ct
499 994 656 1058 rcniocrsis
675 993 820 1074 fidelibus
841 995 994 1058 coercitos
1012 993 1189 1059 Christiani
1211 994 1247 1056 in
1269 996 1353 1056 tcrrn
1373 991 1534 1058 Catinensi
1553 994 1582 1055 ct
1597 989 1749 1055 Prscsciuc
1766 989 1913 1071 pmrtibns

254 1096 430 1160 constitutis
451 1097 599 1179 iniungat,
621 1101 656 1160 ot
672 1098 819 1181 perfidos,
841 1099 897 1179 qni
918 1099 982 1163 solo
1003 1099 1128 1162 murino
1142 1095 1330 1164 Christiani
1351 1097 1435 1180 ipsos
1451 1097 1694 1177 permetiuntur,
1716 1097 1745 1157 ct
1766 1091 1914 1157 Lctoinos

256 1196 471 1280 Prntcnosqnc
493 1199 618 1264 bractio
635 1202 756 1282 potenti
777 1200 964 1284 deprimant.
1565 1198 1660 1275 1245,
1681 1194 1775 1262 Febr.
1793 1200 1823 1260 1.

361 1318 424 1372 ora.
437 1318 484 1370 rr
494 1318 557 1386 aa.
573 1318 626 1372 ro.
640 1321 664 1387 r,
679 1327 737 1386 m,-
754 1321 812 1374 un.
827 1321 866 1388 n,
880 1327 937 1375 ear.
970 1321 1069 1374 recu
1086 1322 1217 1388 mnpm·
1227 1320 1389 1374 mouisset
1404 1335 1465 1372 urm
1480 1317 1602 1383 rietus,
1623 1304 1697 1371 hon.
1709 1316 1838 1370 Pelusiae
1855 1322 1873 1370 s.
1887 1317 1913 1383 1,

251 1419 280 1469 p.
293 1411 340 1471 10,
358 1421 386 1457 n.
399 1411 440 1471 82,
463 1409 485 1456 ct
502 1421 562 1458 cum
579 1407 730 1461 amandino
746 1424 789 1475 op.
804 1408 939 1475 Pcrtbach,
962 1407 1123 1461 Pmurucrctt.
1141 1406 1171 1460 U.
1186 1407 1221 1460 B.
1237 1424 1266 1474 p.
1284 1413 1324 1473 70,
1344 1424 1373 1458 n.
1386 1411 1430 1461 83.

366 1490 496 1559 Potitiost,
517 1492 689 1560 Rop.11530;
714 1493 848 1561 Parthum,
868 1494 973 1547 Pronum
995 1493 1059 1563 nep.
1077 1511 1104 1547 n.
1117 1500 1178 1557 nna·
1204 1492 1338 1560 Pcrtbools,
1359 1491 1519 1546 Ponrmcrdt.
1540 1489 1571 1546 U.
1585 1491 1620 1544 B.
1638 1491 1655 1542 l.
1667 1504 1704 1556 c.,·
1727 1488 1827 1557 nepe
1839 1495 1916 1543 1030.

404 1721 791 1813 Preceptoribus⁸
818 1731 860 1798 et
887 1724 1123 1798 fratribus
1151 1722 1405 1814 hospitalis
1433 1727 1596 1796 sancte
1623 1720 1767 1794 llarie

310 1841 709 1916 Thentonicorum
737 1867 785 1919 ac
811 1845 1044 1918 universis
1070 1844 1296 1917 fidelibus
1323 1842 1587 1916 Christiani
1614 1841 1863 1915 exercitus

429 1963 473 2035 in
502 1968 627 2038 terra
654 1964 893 2039 Culmensi
921 1971 965 2039 et
993 1959 1181 2039 Prusieb
1209 1966 1428 2057 partibus
1455 1963 1747 2037 constitutis,

367 2110 493 2177 Turbat
524 2135 578 2178 cor
607 2122 768 2194 nostrum,
799 2116 953 2201 quicquid
982 2117 1080 2202 impie
1109 2116 1140 2180 in
1170 2117 1331 2181 offensam
1356 2115 1420 2180 Dei
1448 2114 1648 2202 presumitur
1671 2115 1760 2179 etin
1784 2133 1918 2178 suorum

209 2228 212 2233 “
259 2214 435 2281 discrimen
457 2216 602 2282 fidelium
627 2219 776 2304 nequiter
799 2224 1023 2305 attemptatur,
1046 2240 1185 2304 quorum
1208 2241 1268 2283 uos
1293 2224 1404 2305 patres
1428 2220 1506 2284 licet
1528 2216 1681 2284 immeriti
1705 2239 1725 2281 a
1747 2214 1919 2281 conditore

263 2319 407 2383 omnium
432 2321 615 2400 constituti,
639 2321 798 2387 debemus
823 2322 911 2386 circa
934 2322 1023 2408 ipsos
1047 2322 1135 2386 illius
1158 2322 1356 2409 provisionis
1379 2321 1536 2387 adhibere
1560 2321 1718 2401 studium,
1750 2319 1838 2406 quod
1861 2341 1918 2386 eos

260 2430 293 2486 et
315 2444 335 2486 a
358 2425 503 2510 periculo
527 2425 719 2512 perditionis
744 2427 860 2512 eripiat
884 2433 916 2490 et
940 2426 1020 2511 ipsis
1044 2427 1215 2490 materiam
1238 2427 1467 2512 prosperitatis
1490 2427 1647 2512 acquirat.
1686 2423 1774 2490 Saue
1797 2424 1915 2489 restris

261 2547 298 2590 ac
322 2528 569 2613 peregrinorum
594 2529 762 2594 laboribus
787 2535 821 2594 ct
843 2529 1013 2594 tormentis
1038 2529 1070 2593 iu
1087 2529 1223 2594 Polonie
1247 2531 1394 2614 partibus
1418 2531 1508 2615 viget
1531 2535 1565 2595 et
1586 2529 1714 2617 proficit
1729 2527 1918 2593 Christiana

262 2630 393 2714 religio,
425 2652 488 2716 que
516 2635 593 2697 olim
623 2635 715 2719 quasi
747 2634 844 2698 finale
876 2634 1064 2718 patiebatur
1091 2633 1256 2698 excidium
1281 2635 1433 2719 exposita
1456 2633 1575 2720 gladiis
1598 2632 1832 2711 Prutenorum‚
1863 2631 1918 2715 qui

260 2733 337 2797 licet
368 2735 642 2822 triumphantibus
667 2737 758 2801 vobis
789 2758 848 2822 per
878 2736 979 2801 divini
1002 2738 1154 2802 virtutem
1177 2737 1291 2801 auxilii
1316 2738 1544 2822 multipliciter
1566 2736 1630 2801 sint
1653 2734 1769 2811 attriti,
1798 2741 1918 2813 tamem

262 2838 357 2902 hoste
390 2838 523 2905 humani
553 2842 684 2926 generis
715 2841 894 2905 suscitante
927 2840 1133 2919 scandalum,
1166 2848 1202 2904 ut
1232 2841 1357 2905 fructus
1382 2842 1481 2906 vestri
1513 2841 1621 2927 operis
1651 2839 1795 2927 perierat
1817 2836 1919 2902 detri-

262 2947 421 3020 montum,
452 2942 581 3028 quidam
604 2945 673 3008 solo
698 2944 828 3009 nominc
854 2943 1048 3014 Christiani.
1079 2944 1243 3009 Christum
1267 2951 1504 3031 persequentes
1534 2944 1698 3022 iambis,
1727 2963 1801 3007 cum
1824 2941 1919 3007 ferali

262 3043 471 3110 Letoinorum
497 3069 534 3111 ac
551 3047 767 3112 Prutenorum
791 3056 889 3133 geute
913 3070 983 3127 vos,
1007 3049 1089 3112 sicut
1113 3049 1312 3134 accepimus,
1334 3049 1521 3112 immaniter
1541 3047 1727 3135 opprimunt
1749 3052 1919 3110 ettonem
1968 3069 1974 3103 ε

262 3149 364 3212 vestri
394 3151 498 3235 pretio
530 3153 699 3236 sauguinis
728 3153 921 3238 acquisitam
951 3152 1059 3216 divino
1094 3153 1195 3217 cultui
1225 3153 1408 3217 subducere
1437 3152 1643 3217 moliuntur1.
1687 3150 1813 3215 Verum
1844 3169 1919 3214 oum

265 3250 399 3337 dignum
424 3256 474 3336 sit,
498 3264 534 3321 ut
557 3257 647 3322 omni
664 3259 784 3321 virtute
808 3252 1141 3342 talium'reprimatur
1163 3258 1315 3343 impietas
1340 3263 1373 3321 et
1390 3256 1431 3320 ab
1450 3257 1582 3321 incursu
1597 3253 1795 3319 discriminis
1811 3257 1922 3317 restra

265 3360 476 3443 congregatio
506 3368 726 3446 preservetur,
759 3361 910 3424 volumus
943 3367 975 3424 et
1005 3359 1215 3436 mandamus,
1248 3360 1280 3424 in
1312 3360 1539 3424 remissionem
1571 3359 1664 3423 vobis
1693 3356 1921 3444 peccaminum

265 3460 487 3546 iniungentes,
511 3465 665 3548 quatinus
689 3464 876 3529 huiusmodi
901 3463 1042 3550 perfidos
1067 3462 1271 3528 Christianos
1295 3485 1332 3528 ac
1357 3464 1512 3530 Letoinos
1538 3470 1571 3529 et
1593 3463 1754 3527 Prutenos
1777 3458 1920 3538 eosdem,

265 3562 329 3629 Dei
361 3586 491 3630 causam
523 3568 568 3631 sic
599 3568 852 3655 dampnabiliter
884 3574 1137 3654 persequentes,
1174 3568 1308 3633 brachio
1341 3570 1466 3656 potenti
1500 3568 1684 3654 deprimere
1712 3571 1746 3632 et
1775 3565 1920 3651 ipsorum
1969 3582 1974 3618 τ

266 3667 445 3753 iufringere
470 3691 593 3735 cornua
608 3673 757 3756 vigilanti
782 3673 999 3736 sollicitudine
1024 3670 1194 3751 studeatis,
1218 3673 1264 3736 ita
1287 3671 1372 3757 quod
1390 3693 1446 3736 vos
1471 3678 1502 3736 et
1518 3671 1619 3737 ceteri
1635 3677 1722 3735 terre
1738 3666 1923 3734 Culmeusis

266 3778 299 3835 et
322 3772 456 3837 Pruscie
486 3772 602 3839 fideles
629 3776 662 3839 in
693 3775 772 3854 hiis,
803 3797 865 3862 que
897 3782 971 3840 sunt
999 3783 1110 3842 vestre
1143 3777 1258 3840 salutis
1288 3783 1321 3841 et
1345 3774 1531 3841 Christiane
1555 3773 1733 3863 respiciunt
1755 3770 1925 3858 religionis

266 3883 495 3960 augmentum,
535 3900 663 3965 semper
690 3881 822 3965 possitis
851 3881 924 3946 Deo
952 3881 1150 3966 propitiante
1180 3880 1337 3966 proficere
1369 3901 1407 3944 ae
1438 3879 1570 3945 taudem
1599 3877 1787 3965 perempnis
1817 3874 1923 3961 glorie

267 3979 415 4044 bravium
439 3981 585 4046 obtinere
594 3982 618 4046 ².

376 4100 452 4166 Dat.
477 4108 514 4166 ut
537 4125 637 4190 supra
660 4107 692 4169 in
716 4106 896 4190 proximae

1067 4646 1128 4716 93.

374 4755 592 4848 Iernoocntins
608 4785 664 4848 IV
679 4806 768 4867 papo
791 4785 926 4868 Sophiae
947 4785 1089 4849 ducissae
1104 4784 1305 4848 Brutuntiuc
1328 4782 1509 4847 dotaliciom
1532 4781 1573 4846 ob
1589 4779 1746 4864 H[enrico
1760 4778 1821 4864 ΙΙ]
1842 4777 1926 4856 doce,

269 4887 383 4950 rrmrito
405 4907 469 4965 sno,
493 4907 665 4953 concessum
688 4891 862 4970 conficeret.
1580 4883 1674 4960 1245,
1696 4880 1790 4947 Febr.
1806 4884 1838 4948 2.

375 5005 437 5059 Inar.
452 5005 502 5059 IV
517 5006 578 5074 Rep.
599 5006 652 5060 Vol.
666 5006 691 5074 I,
711 5014 770 5073 160;
789 5006 849 5060 Lib.
863 5007 905 5074 ΙΙ,
921 5013 975 5062 351.

374 5094 473 5162 Bcrper
486 5100 560 5148 1091.

376 5371 401 5437 ⁸)
418 5374 455 5423 ita
466 5373 512 5434 B.,·
530 5373 672 5441 preceptori
682 5373 716 5424 A.
728 5381 803 5437 recte,
819 5380 848 5422 nt
861 5381 998 5439 postumum
1015 5389 1077 5422 nour
1095 5371 1171 5423 eriam
1182 5372 1210 5422 in
1222 5372 1300 5423 simili
1310 5371 1474 5437 inscriptione
1485 5386 1523 5439 ep.
1537 5369 1594 5422 Lib.
1605 5369 1647 5435 ΙΙ,
1657 5372 1707 5423 289
1723 5364 1838 5435 [Bw
1849 5362 1927 5433 1083]

271 5460 412 5528 preceptori
436 5459 537 5525 lepitur,
559 5468 583 5510 et
604 5459 627 5510 εἰ
645 5460 737 5526 plum
754 5467 936 5525 praeceptores
960 5457 1061 5509 ordinis
1077 5457 1190 5524 sornsito
1213 5457 1249 5507 ibi
1272 5466 1332 5507 ruric
1358 5455 1508 5508 conrnroroti
1520 5455 1650 5522 ficium,
1668 5468 1747 5525 pqr·
1766 5451 1929 5525 nti-,tm

271 5545 443 5611 inscriptionis
459 5561 522 5596 usuc
539 5553 609 5596 caret
696 5543 722 5610 b)
740 5545 778 5596 ito
792 5544 839 5606 n.,·
856 5545 962 5595 Pruscis
975 5543 1008 5593 A.
1097 5541 1120 5607 c)
1139 5542 1182 5592 ubi
1199 5542 1266 5593 idone
1284 5551 1358 5608 utque
1375 5542 1403 5592 in
1421 5559 1447 5591 n.
1465 5545 1502 5592 91.

377 5680 403 5747 1)
418 5677 458 5746 os.
470 5695 497 5733 a.
512 5688 550 5734 or.
620 5679 649 5747 2)
668 5679 711 5749 Os.
729 5680 807 5735 aaa
826 5678 958 5749 Pontus,
978 5678 1044 5753 Rip.
1056 5685 1140 5750 croso,
1159 5683 1242 5748 croac,
1261 5678 1360 5753 nequ
1371 5683 1443 5745 rora,
1461 5680 1533 5741 root.
