4328 6232
822 369 1022 426 EPISTOLAE
1040 370 1230 430 SELECTAE.
1267 375 1342 429 1246.
1850 378 1911 441 127

260 543 378 607 tatibus
412 543 612 625 lacrimosis,
647 543 753 630 ipsum
786 543 829 608 de
863 545 947 609 sacri
982 546 1219 633 approbatione
1248 546 1393 626 concilii,
1428 550 1584 630 tanquam
1616 548 1780 614 obstinato
1814 549 1912 614 corde

259 647 424 711 nolentem
452 646 494 710 ab
525 646 698 732 iniquitate
729 666 918 732 resurgere,
953 648 1051 732 digne
1083 650 1282 734 privavimus
1318 669 1494 735 regnorum
1522 655 1557 715 et
1585 650 1713 738 imperii
1740 652 1912 738 dignitate,

261 755 419 835 concepta
441 748 483 814 de
506 748 618 813 divina
640 750 764 837 pietate
787 749 916 831 fiducia,
940 751 1027 835 quod
1042 754 1161 816 vestris
1184 753 1342 838 precipue
1367 774 1405 816 ac
1428 753 1569 838 plurium
1593 754 1730 818 aliorum
1753 756 1912 840 angustiis

260 852 392 917 daretur
415 853 525 918 exitus
550 853 713 917 salutaris.
752 851 815 927 Qui
838 874 911 919 cum
934 862 1090 919 venturus
1113 856 1146 919 in
1169 857 1316 941 proximo
1339 876 1399 942 per
1414 855 1479 920 Dei
1502 855 1642 940 gratiam
1666 857 1729 921 iam
1753 864 1912 943 speretur,

260 962 420 1021 commoto
444 962 557 1021 contra
581 957 717 1042 impium
740 957 819 1021 orbe
842 962 1013 1038 terrarum,
1036 960 1198 1044 oppositis
1223 958 1253 1024 ei
1276 958 1424 1046 pluribus
1447 959 1542 1043 regni
1567 959 1741 1042 nobilibus,
1772 962 1827 1046 qui
1851 961 1913 1026 sibi

260 1066 291 1124 et
310 1060 409 1125 vobis
433 1080 472 1125 ao
501 1060 643 1148 posteris
675 1065 789 1147 optant
820 1061 937 1126 solatia
965 1062 1140 1127 libertatis:
1176 1062 1423 1127 universitatem
1448 1069 1591 1128 vestram
1614 1085 1674 1150 per
1696 1063 1762 1130 Dei
1785 1063 1913 1128 miseri-

261 1160 402 1227 cordiam
435 1163 645 1230 obsecramus
675 1170 709 1228 et
737 1165 769 1227 in
801 1165 1024 1230 remissionem
1049 1165 1142 1230 vobis
1165 1166 1366 1250 iniungimus
1390 1172 1616 1252 peccatorum,
1645 1168 1798 1251 quatinus
1820 1166 1914 1231 nobis

261 1273 291 1329 et
316 1264 478 1332 fratribus
509 1268 629 1333 nostris
658 1288 757 1354 super
786 1267 963 1334 afflictione
988 1275 1101 1334 'vestra
1128 1270 1337 1354 gementibus
1366 1269 1520 1334 festinam
1547 1291 1648 1356 super
1679 1290 1719 1337 eo
1747 1268 1914 1356 prebeatis

260 1369 408 1452 letitiam,
435 1372 523 1458 qnod
546 1371 713 1461 dampnati
736 1373 876 1437 hominis
900 1373 1050 1438 abdicato
1074 1372 1228 1455 dominio,
1260 1374 1312 1439 cui
1335 1374 1466 1459 penitus
1491 1372 1525 1436 in
1547 1375 1637 1438 nullo
1660 1374 1828 1455 tenemini,
1855 1393 1915 1459 per

261 1496 317 1539 nos
339 1496 360 1541 a
382 1476 565 1542 iuramento
589 1475 755 1542 fidelitatis
769 1477 917 1542 totaliter
932 1477 1083 1556 absoluti,
1107 1476 1149 1541 ad
1165 1477 1327 1564 gremium
1344 1483 1457 1542 sancte
1473 1476 1623 1541 Romane
1640 1478 1781 1543 ecclesie
1801 1477 1914 1541 matris

261 1588 379 1661 vestre,
404 1581 499 1645 cuius
522 1580 603 1645 estis
627 1581 790 1667 speciales
813 1580 883 1663 filii,
907 1581 1113 1646 cessantibus
1131 1581 1382 1666 quibuscunque
1399 1579 1545 1665 diffugiis
1561 1581 1716 1665 redeatis,
1740 1581 1914 1668 presertim

261 1704 331 1748 cum
359 1705 436 1764 nos,
466 1684 560 1750 iuxta
589 1684 676 1772 quod
705 1685 739 1749 in
761 1684 834 1751 Deo
858 1687 1038 1771 poterimus
1061 1685 1155 1750 vobis
1184 1706 1315 1770 semper
1338 1685 1513 1750 subvenire
1536 1684 1659 1769 parati,
1683 1684 1765 1749 duos
1786 1685 1915 1769 legatos

261 1787 436 1867 solemnes,
460 1788 590 1854 scilicet
611 1787 749 1854 dilectos
765 1789 851 1853 filios
866 1796 998 1853 nostros
1015 1788 1047 1854 S.
1064 1789 1148 1853 tituli
1167 1788 1288 1853 Sancte
1304 1789 1408 1854 Marie
1425 1788 1672 1874 Transtyberim
1687 1790 1915 1875 presbyterum

263 1899 295 1955 et
316 1891 359 1956 R.
384 1891 507 1957 Sancte
530 1893 635 1958 Maris
659 1895 692 1957 in
715 1892 883 1958 cosmidin
907 1893 1080 1958 diaconum
1104 1892 1300 1971 cardinales,
1331 1894 1416 1956 viros
1448 1893 1564 1978 utique
1589 1892 1751 1979 sapientia
1773 1891 1916 1978 preditos

264 2001 294 2058 et
309 1995 505 2081 conspicuos
521 1995 714 2061 diversitate
728 1996 895 2078 virtutum,
920 1996 1105 2061 huiusmodi
1121 1998 1318 2082 promotioni
1335 1998 1458 2082 nogotii
1474 1996 1684 2060 duxerimus·
1700 1994 1916 2081 deputandos,

262 2118 419 2163 concesso
443 2099 491 2163 eis
513 2101 611 2187 plene
628 2099 805 2185 legationis
821 2099 937 2180 officio,
961 2099 1046 2164 sicut
1063 2119 1105 2164 ex
1122 2100 1196 2163 aliis
1212 2100 1340 2180 litteris,
1364 2120 1445 2184 quas
1462 2121 1562 2186 super
1579 2099 1766 2164 huiusmodi
1782 2099 1915 2182 negotio

262 2201 355 2268 vobis
382 2202 541 2268 mittimus
552 2204 574 2285 ¹,
605 2204 734 2291 plenius
764 2203 942 2288 colligetis,
976 2204 1088 2268 scituri
1118 2202 1204 2288 quod
1233 2225 1293 2268 nos
1324 2224 1383 2289 pro
1407 2210 1519 2269 vestra
1540 2202 1690 2288 generali
1712 2201 1918 2289 procuranda

262 2306 379 2386 salute,
409 2306 494 2393 quod
517 2306 559 2372 ad
582 2328 720 2394 presens
744 2305 901 2393 expedire
925 2306 1098 2387 oredimus,
1126 2306 1306 2372 subsidium
1330 2307 1545 2374 destinamus.
1590 2305 1689 2388 Ecce,
1713 2304 1791 2391 quid
1813 2304 1917 2383 vobis,

263 2410 316 2495 qui
349 2409 413 2475 sub
441 2410 590 2476 laborum
622 2412 789 2499 penalium
818 2432 972 2498 pressura
1002 2411 1134 2496 gemitis
1164 2433 1202 2476 ac
1232 2433 1292 2498 per
1317 2413 1507 2477 exactiones
1531 2418 1564 2477 et
1588 2411 1744 2475 collectas
1768 2410 1917 2474 assiduas
2026 2448 2030 2456 ·

199 2538 218 2571 a·
261 2519 406 2578 vestram
431 2514 594 2580 exinaniri
617 2516 837 2580 substantiam
861 2515 1056 2603 deploratis,
1087 2513 1128 2578 ad
1152 2515 1293 2580 salutem
1316 2514 1489 2601 expediat,
1522 2514 1601 2600 quid
1625 2514 1665 2580 de
1689 2514 1781 2578 vobis
1811 2513 1919 2577 anima

262 2625 375 2681 nostra
399 2615 576 2699 desideret,
600 2627 714 2706 aperte
738 2621 871 2685 cernitis
895 2626 928 2685 et
951 2619 1126 2685 manifeste
1151 2619 1292 2686 sentitis.
1332 2619 1486 2704 Cogitate
1510 2619 1621 2703 itaque
1645 2617 1742 2682 corde
1758 2617 1860 2702 vigili,
1882 2623 1920 2681 ut

262 2740 282 2784 a
305 2720 393 2784 collo
417 2727 525 2786 vestre
555 2723 720 2788 servitutis
750 2729 869 2788 catena
900 2722 1031 2788 decidat
1061 2728 1095 2788 et
1124 2723 1321 2788 universitas
1350 2729 1459 2788 vestra
1487 2723 1521 2786 in
1550 2721 1712 2786 libertatis
1742 2727 1776 2786 et
1799 2721 1919 2806 quietis

264 2822 385 2908 gaudio
416 2824 619 2907 reflorescat,
652 2826 760 2912 sitque
789 2847 898 2891 rumor
925 2827 959 2891 in
987 2826 1156 2912 gentibus,
1189 2826 1276 2911 quod
1304 2825 1389 2890 sicut
1418 2846 1556 2910 regnum
1579 2830 1724 2888 vestrum
1746 2824 1919 2888 nobilitate

264 2928 368 2991 multa
393 2932 427 2992 et
450 2927 532 2992 mira
555 2934 607 2993 est
629 2928 780 2994 ubertate
804 2932 1026 3016 conspicuum,
1050 2931 1096 2994 ita
1119 2929 1230 2994 divina
1251 2928 1385 2994 favente
1408 2929 1556 3013 potentia
1577 2947 1693 2993 secura
1709 2928 1750 2992 sit
1766 2928 1919 2993 libertate

203 3051 221 3088 a
267 3029 434 3096 decorum.

376 3151 453 3216 Dat.
476 3151 639 3237 Lugduni,
655 3153 705 3219 VI
728 3152 803 3219 Kal.
827 3155 916 3235 Maii,
940 3176 1025 3219 anno
1049 3153 1112 3219 ΙΙΙ.

1053 3899 1137 3972 169.

371 4032 589 4127 Iaaoccaiias
603 4056 662 4122 IV
674 4078 763 4141 papa
785 4057 898 4122 sissima
921 4057 1061 4136 mandat,
1084 4061 1120 4120 at
1141 4056 1373 4143 S[tcplaaaam]
1395 4058 1481 4122 titali
1503 4055 1641 4122 Sanctae
1655 4054 1785 4119 Mariae
1803 4053 1921 4119 Troas-

271 4160 390 4224 iibcrim
414 4160 632 4244 presbytorum
657 4165 686 4224 ot
713 4160 948 4246 Rfiayaariam]
975 4161 1111 4228 Sanctae
1137 4162 1268 4227 Mariae
1295 4163 1331 4224 ia
1355 4161 1514 4227 Oosuridia
1542 4161 1708 4224 diaconam
1735 4157 1922 4234 cardinales,

272 4263 381 4344 quibas
408 4264 574 4346 legationis
601 4264 742 4349 officiam
769 4265 805 4328 ia
828 4266 980 4346 partibas
1007 4286 1112 4330 aarum
1143 4267 1341 4344 contarisrrit,
1375 4265 1477 4328 devoto
1507 4264 1678 4327 arbnittaat
1708 4266 1738 4325 et
1763 4260 1923 4325 mandalis

218 4390 236 4426 a
272 4388 374 4433 comm
394 4367 549 4435 obediant.
1452 4370 1546 4445 1246,
1568 4368 1650 4447 Apa.
1674 4364 1835 4429 caecamini

374 4487 439 4541 ran
452 4486 501 4541 ιι
516 4486 578 4555 aa.
597 4487 692 4557 var,
712 4466 859 4553 ios-soa·
877 4476 936 4542 ba.
950 4487 1013 4556 ιιι,
1030 4503 1086 4541 aa.
1101 4496 1137 4542 ιι.

374 4573 475 4643 Barpcr
486 4578 558 4627 1976.

373 4868 398 4934 ⁸)
416 4869 539 4922 duximus
551 4869 637 4938 Rapa.

374 5039 402 5106 1)
418 5055 447 5092 a
465 5046 521 5094 169.
615 5040 643 5108 2)
663 5039 782 5094 Etiamsi
794 5056 849 5109 pro
865 5046 933 5094 aerio
951 5039 1034 5094 dicem
1055 5055 1112 5092 noa
1132 5039 1208 5093 liccat
1228 5037 1298 5092 lianc
1314 5038 1461 5107 epistolam,
1484 5039 1516 5092 ia
1532 5055 1560 5091 a.
1578 5045 1625 5093 168
1643 5042 1879 5104 coarmcmoraimn,
1901 5040 1924 5089 a

222 5136 239 5173 τε
275 5129 401 5190 maaca
423 5140 508 5194 usque
529 5125 567 5178 nd
586 5141 615 5179 a.
632 5133 679 5180 178
699 5126 749 5180 aab
767 5129 833 5195 Apr.
852 5134 887 5182 26
906 5127 1047 5194 poacrsdm
1068 5143 1134 5193 asse,
1164 5132 1252 5179 tamen
1280 5125 1337 5178 aim
1362 5123 1443 5178 dubio
1471 5125 1556 5178 codem
1581 5131 1694 5193 miratore
1717 5125 1828 5192 comptae
1849 5129 1923 5185 errat,

275 5223 329 5263 nin
351 5210 493 5279 piasque
522 5213 586 5266 tatas
610 5212 678 5280 aiat,
714 5213 805 5281 qrralea
833 5229 911 5280 asper
937 5212 1108 5282 territionibus
1134 5211 1286 5265 lmiasmodi
1314 5211 1504 5279 diripalmatar,
1533 5217 1557 5264 ot
1582 5211 1698 5278 rdiqrrac
1729 5209 1768 5262 ad
1794 5210 1925 5279 mantiam

275 5296 361 5364 lvdie
382 5298 546 5351 commimum
567 5299 606 5351 iia
625 5314 653 5353 aa
674 5300 805 5368 reserant,
831 5306 863 5353 at
886 5301 970 5353 ararim
989 5305 1050 5368 past
1077 5301 1115 5353 rai
1137 5305 1199 5352 onte
1221 5304 1347 5352 ararataa
1372 5314 1424 5351 acac
1442 5315 1497 5351 aon
1511 5297 1623 5365 praesint.
1647 5327 1680 5335 -
1705 5296 1800 5349 Etiam
1819 5296 1926 5349 ‘litteras

277 5385 395 5451 maiar,
424 5399 493 5451 quas
508 5385 621 5453 scriptor
639 5384 702 5454 lan
715 5402 784 5453 praa
800 5387 883 5440 ocrdsir
900 5387 1034 5454 transmit,
1058 5387 1128 5440 natm
1144 5387 1290 5453 chromrlop.
1308 5385 1425 5438 atrociam
1437 5390 1569 5453 protomus
1585 5399 1632 5436 noc
1648 5383 1822 5436 macenariam
1839 5383 1926 5434 maram

275 5467 359 5537 ssime,
377 5474 409 5522 ui
426 5474 506 5523 maiae
521 5469 629 5540 maim,
647 5487 682 5525 aa
696 5473 764 5526 aaa
782 5474 953 5527 mationem
971 5491 989 5525 a
1000 5490 1077 5541 popm
1093 5490 1153 5527 carm
1169 5472 1351 5527 cardinalium
1368 5471 1400 5524 de
1416 5472 1467 5525 buc
1482 5487 1511 5523 rc
1527 5469 1675 5522 lausonam
1689 5469 1735 5537 [os.
1748 5474 1767 5523 t.
1780 5468 1805 5536 1,
1819 5484 1848 5535 p.
1864 5466 1926 5536 ΧΙ]

222 5564 241 5603 ⁰
276 5553 461 5692 ΨΜ,
471 5554 594 5695 ff
608 5572 648 5627 ep.
665 5557 885 5631 «imbuatur,
908 5561 1034 5631 quoniam
1056 5578 1146 5615 maaca
1167 5560 1256 5615 eodan
1270 5562 1326 5627 sera
1342 5565 1455 5627 tmpore
1472 5574 1504 5612 aa
1519 5555 1704 5611 ariadnem
1720 5560 1816 5622 meat,
1837 5555 1868 5621 qt
1887 5570 1927 5623 ep.

337 5656 366 5693 a.
378 5646 454 5709 Μ,
518 5648 565 5697 ,a
