4328 6232
236 347 296 411 rsa
788 313 1329 398 axmvocanrnrvaaarsrao

435 576 473 595 ..
501 520 847 615 archiepiscopo
876 518 1142 596 Arelatensi
1170 526 1211 595 et
1239 518 1556 613 suffraganeis
1583 521 1698 610 suia,

234 643 493 732 abbatibus
522 642 780 734 prioribus,
808 642 1015 732 decanis,
1044 640 1402 732 archidiaconis,
1430 642 1686 735 prepositis
1714 645 1760 715 et
1784 638 1897 715 aliis

300 763 594 838 ecclesiarum
623 763 832 855 prelatiS,
861 770 951 838 tam
980 762 1207 856 exemptis
1234 785 1373 855 quarn
1401 785 1486 836 non
1515 762 1759 853 exemptis,
1788 761 1837 834 in

647 885 909 959 Arelatensi
936 884 1171 977 provincia
1198 884 1481 958 constitutis.

338 1038 431 1101 Illius
455 1036 543 1101 vices
568 1035 644 1100 licet
667 1035 821 1099 immeriti
845 1042 999 1119 gerentes
1023 1035 1192 1116 interris,
1221 1035 1275 1119 qui
1298 1031 1474 1119 unicuique
1497 1053 1556 1119 pro
1579 1033 1706 1097 meritis
1731 1032 1896 1119 condigna

235 1141 452 1206 retributione
477 1137 669 1225 respondet,
693 1138 906 1204 benemeritis
930 1144 963 1204 et
986 1137 1127 1224 indiguis
1150 1139 1243 1202 iuxta
1266 1158 1398 1202 suorum
1422 1143 1555 1202 aearum
1579 1137 1781 1221 exigentiam
1807 1157 1894 1200 com-

234 1265 426 1331 pensamus,
459 1242 605 1327 utrisque
637 1242 825 1308 meritorum
856 1264 988 1308 suorum
1011 1241 1175 1328 stipendia
1204 1241 1382 1308 inferendo.
1427 1241 1473 1305 Ut
1505 1242 1622 1326 igitur,
1657 1242 1738 1319 biis,
1772 1243 1827 1325 qui
1857 1241 1897 1303 ob

237 1350 405 1435 culparum
438 1368 570 1411 suarum
607 1347 862 1411 immensitatem
896 1347 983 1411 feriri
1019 1345 1260 1412 maledictionis
1294 1345 1404 1430 gladio
1438 1352 1641 1425 meruerunt,
1678 1346 1720 1409 ab
1755 1346 1896 1411 ecclesis

236 1452 415 1529 denotatis,
448 1451 502 1514 alii
534 1448 679 1513 cavendo
707 1449 769 1513 sibi
798 1471 817 1513 a
840 1451 1068 1515 communione
1091 1451 1221 1516 illorum
1245 1449 1374 1515 discant
1397 1471 1432 1514 se
1456 1447 1685 1514 maledictione
1710 1449 1897 1515 huiusmodi

82 1577 221 1627 roasa
238 1579 301 1621 non
326 1556 466 1630 involvi,
499 1561 532 1618 ct
556 1555 618 1634 sio,
651 1555 716 1619 illis
740 1554 870 1620 traditis
895 1555 1074 1621 secuudum
1097 1556 1284 1642 apostolum
1307 1556 1339 1618 in
1363 1554 1530 1617 interitum
1554 1553 1676 1633 carnis,
1700 1561 1737 1618 ut
1761 1554 1895 1639 spiritus

239 1661 347 1725 salvus
370 1659 427 1722 fiat
450 1659 482 1721 iu
500 1657 553 1722 die
570 1656 712 1739 Domini,
737 1660 791 1723 isti
816 1681 935 1745 apena
951 1667 1122 1726 serventur
1145 1660 1320 1724 immunes:
1344 1657 1551 1723 universitati
1568 1665 1676 1722 vestre
1692 1656 1897 1723 mandamus.

238 1764 390 1848 quatinus
425 1763 604 1826 sententias
636 1764 981 1827 excommunicationis
1011 1764 1043 1827 in
1067 1762 1120 1827 Fr.
1145 1762 1309 1848 quondam
1338 1763 1569 1848 imperatorem
1599 1769 1632 1826 et
1655 1760 1804 1826 fautores
1828 1761 1898 1824 eius

239 1888 277 1930 aa
309 1866 390 1929 alios
421 1861 594 1929 violatores
622 1864 711 1949 pacis
741 1865 821 1931 inita
849 1886 909 1951 par
936 1867 1065 1952 legatos
1099 1866 1278 1952 apostolice
1312 1864 1399 1930 sedis
1427 1886 1489 1929 nea
1518 1885 1583 1928 non
1615 1871 1648 1928 et
1676 1863 1843 1929 interdicti
1866 1865 1898 1927 in

239 1979 342 2036 terras
365 1968 561 2034 adherentes
585 1973 619 2033 et
641 1968 791 2033 faventes
814 1970 956 2051 eisdem,
986 1977 1053 2033 tarn
1076 1971 1117 2035 ab
1142 1969 1257 2035 eadem
1288 1969 1366 2034 sede
1397 1989 1494 2054 quam
1522 1967 1564 2031 ab
1598 1968 1672 2031 aliis
1701 1968 1898 2031 auctoritate

239 2075 339 2159 ipsius
370 2074 431 2137 rite
458 2072 557 2151 letas,
588 2072 710 2157 singuli
734 2079 879 2138 vestrum
905 2075 938 2138 in
972 2076 1039 2140 suis
1071 2074 1275 2155 civitatibus,
1305 2073 1491 2138 diocesibus
1520 2079 1619 2158 atque
1646 2072 1727 2136 locis
1759 2072 1898 2157 siugulis

239 2177 355 2242 diebus
377 2176 559 2241 Dominicis
583 2183 617 2241 et
644 2176 773 2242 festivis
802 2178 1028 2264 sollempniter
1050 2178 1273 2265 publicantes,
1303 2198 1359 2243 eas
1382 2183 1416 2240 et
1439 2197 1497 2240 vos
1520 2176 1584 2262 ipsi
1607 2196 1711 2260 usque
1735 2174 1777 2239 ad
1801 2176 1898 2239 satia-

239 2282 414 2346 factionem
444 2279 640 2365 condignam
668 2282 861 2346 auctoritate
895 2290 1006 2347 nostra
1035 2283 1259 2369 appellatione
1287 2283 1470 2368 postposita
1492 2281 1677 2346 observetis
1707 2286 1743 2345 et
1771 2280 1900 2344 faciatis

241 2407 260 2448 a
283 2386 401 2450 vestris
425 2384 564 2450 subditis
588 2385 823 2451 inviolabiliter
846 2385 1023 2464 observari,
1049 2386 1227 2451 exhibituri
1250 2387 1343 2450 vobis
1366 2385 1407 2449 ad
1431 2386 1571 2450 invicem
1597 2389 1711 2449 contra
1734 2382 1900 2470 predictos

240 2489 421 2568 consilium,
445 2488 604 2553 auxilium
629 2495 664 2554 et
687 2488 842 2554 favorem.

343 2608 420 2674 Dat.
444 2607 609 2694 Lugduni,
632 2608 718 2674 XIII
741 2608 817 2674 Kal.
841 2609 995 2690 Ianuarii,
1020 2631 1106 2676 anno
1129 2609 1178 2675 IV
1190 2611 1210 2674 ¹.

345 2728 383 2792 In
407 2729 548 2795 eundem
571 2728 703 2796 modum
728 2779 760 2796 ..
785 2732 1032 2817 archiepiscopo
1053 2732 1239 2796 Viennensi
1267 2738 1301 2796 et
1323 2731 1540 2816 suffraganeis
1569 2731 1636 2795 suis
1661 2736 1695 2794 ct
1724 2730 1902 2795 abbatibus

242 2838 275 2895 et
298 2832 472 2919 prioribus,
496 2834 630 2900 decanis
653 2844 715 2899 stc.
739 2841 774 2898 ut
797 2835 829 2898 in
853 2836 927 2915 alia,
952 2836 984 2899 in
1007 2835 1189 2901 Viennensi
1213 2836 1382 2921 provincie
1406 2835 1602 2899 constitutis.

345 2936 385 3000 In
408 2938 548 3003 eundem
576 2938 706 3003 modum
730 2987 762 3002 ..
787 2938 1036 3025 archiepiscopo
1065 2938 1214 3024 Aquensi
1245 2946 1278 3002 at
1304 2939 1522 3023 suffraganeis
1551 2939 1618 3002 suis
1651 2946 1686 3001 et
1715 2939 1903 3005 abbatibus.

243 3039 405 3125 prioribus
430 3049 491 3107 etc.
515 3050 551 3106 ut
574 3063 673 3129 supra
695 3044 727 3108 in
751 3044 825 3124 alia,
851 3044 883 3107 in
907 3043 1057 3128 Aquensi
1080 3043 1247 3129 provincia
1270 3043 1466 3107 constitutis.

346 3146 384 3211 Ia
419 3145 560 3210 eundem
593 3147 724 3212 modum
754 3195 790 3211 ..
820 3146 1065 3231 archiepiscopo
1095 3145 1301 3214 Narbonensi
1338 3153 1371 3212 at
1405 3146 1623 3231 suffraganeis
1659 3153 1692 3209 et
1715 3146 1902 3227 abbatibus,

244 3255 412 3344 prioribus,
435 3251 571 3317 decanis
595 3260 657 3319 etc.
681 3259 718 3317 ut
740 3253 775 3316 in
797 3252 871 3332 alie,
896 3252 929 3316 in
950 3250 1158 3316 Narbonensi
1181 3252 1349 3338 provincia
1373 3250 1569 3316 constitutis.

349 3356 550 3423 ineundam
574 3355 705 3420 niodum
731 3406 762 3421 ..
787 3352 1015 3421 Ebredunensi
1039 3355 1287 3441 archiepiscopo
1312 3361 1346 3420 et
1368 3353 1586 3437 suffraganeis
1610 3352 1695 3424 suis,
1720 3351 1907 3431 abbatibus,

244 3463 407 3552 prioribus
431 3466 493 3524 etc.
517 3467 553 3525 ut
577 3481 675 3545 supra
699 3461 730 3522 in
755 3461 831 3540 alia,
856 3461 888 3523 in
912 3458 1162 3524 Ebredunensi⁸
1184 3460 1353 3545 provincia
1376 3457 1570 3522 constitutis.

1036 3917 1122 3991 267.

352 4029 571 4122 Innocentius
600 4056 656 4122 IV
676 4078 767 4141 papa
799 4057 965 4142 [Albcrto]
997 4059 1226 4139 urcbicpt'scopo
1259 4051 1426 4130 Penariae,
1463 4051 1650 4134 apastolicac
1683 4050 1769 4116 sedis
1802 4050 1907 4135 legato,

248 4166 389 4241 inundat,
404 4167 447 4240 nt,
463 4163 642 4241 qsmcsts'onc
653 4163 737 4224 inter
747 4161 982 4246 [Willclmnm]
993 4163 1166 4242 episcopam
1182 4159 1397 4224 &recinamus
1409 4180 1449 4222 aa
1458 4163 1553 4239 ,aaa
1565 4179 1631 4221 etna
1645 4160 1675 4219 ct
1684 4155 1907 4241 [conradum]

250 4270 446 4334 Misncnscm
468 4269 496 4328 ct
517 4263 730 4350 [Bruges-rem]
750 4265 1065 4347 Brandcbnnqcnscm
1093 4266 1248 4348 episcmos
1270 4284 1309 4326 ca·
1330 4263 1433 4325 altera
1455 4281 1550 4345 saper
1572 4261 1729 4326 limitibus
1751 4261 1907 4342 episcopm·

251 4379 338 4437 tnmn
360 4376 439 4447 orta,
461 4388 589 4433 canuam
611 4368 846 4434 concordiensi
868 4370 994 4433 institia
1018 4369 1170 4433 medeam
1192 4366 1323 4431 <aedat
1561 4367 1655 4441 1246,
1676 4362 1756 4429 Dec.
1771 4366 1827 4431 23.

355 4491 418 4544 Ian.
433 4489 481 4542 IV
496 4488 559 4557 Ray.
577 4487 630 4541 Vol.
645 4488 670 4555 I,
683 4495 743 4549 sss:
764 4486 825 4541 Lu.
839 4487 860 4540 Ι
863 4488 892 4555 V,
911 4494 969 4543 340.
1007 4488 1157 4555 Epistulam
1173 4502 1206 4539 aa
1225 4485 1341 4554 Rama
1358 4483 1495 4552 dmpsit
1519 4482 1635 4537 Rota
1646 4483 1727 4536 Man.

357 4577 455 4644 Banasa
468 4579 539 4630 2336.

319 4797 358 4816 ..
385 4739 752 4831 archiepiscopo
780 4736 992 4825 Pruscie,
1020 4734 1211 4809 Livonie
1240 4739 1282 4808 et
1310 4732 1546 4821 Eustonie,
1573 4731 1843 4823 apostolice

924 4856 1051 4932 sedis
1078 4856 1246 4948 legato.

358 5010 457 5092 Cum,
485 5011 569 5075 sieut
600 5008 802 5094 accepimus,
836 5007 923 5072 inter
945 5005 1153 5071 venerabiles
1181 5005 1300 5070 fratres
1323 5011 1450 5068 nostros
1474 4999 1729 5068 (laminenseml
1753 5010 1907 5090 exparte

255 5139 320 5182 una
349 5124 383 5182 et
406 5167 439 5181 ..
463 5116 664 5181 biisnensem
694 5135 732 5177 aa
762 5161 796 5175 ..
822 5109 1177 5194 Brandenburgensem
1211 5110 1386 5195 episcopos
1418 5129 1459 5171 ex
1489 5107 1595 5171 altera
1624 5126 1726 5192 super
1758 5106 1907 5171 limitibus

733 5256 769 5261 -
785 5255 813 5261 -.
880 5254 991 5260 -—.-.-
1100 5252 1110 5257 -
1208 5252 1225 5256 -..
1245 5250 1252 5256 .
1282 5251 1308 5256 .-
1335 5250 1382 5255 .---
1417 5249 1461 5255 ...-
1485 5249 1571 5255 ---·-.
1589 5248 1641 5254 .-—
1664 5248 1806 5255 --..--—-

359 5343 383 5410 1)
403 5342 564 5395 Narbonensi
582 5340 613 5394 R.
719 5339 743 5406 b)
761 5342 940 5393 Cammenssm
958 5335 989 5388 R.

360 5475 387 5542 1)
407 5472 466 5528 Sub
482 5471 548 5526 Dec.
562 5480 591 5527 15
611 5471 692 5527 aidan
716 5469 911 5539 semiepiscopus
932 5474 956 5522 at
973 5467 1151 5536 emmanuele
1168 5469 1225 5523 asts
1246 5467 1428 5537 mammisrut,
1451 5474 1483 5523 at
1502 5485 1560 5537 aas,
1580 5467 1631 5539 gui
1650 5467 1682 5523 in
1698 5466 1841 5538 perinde
1860 5480 1907 5519 au

256 5552 1907 5629 mpatoasdmnmindsmmmlataemwndtmnndmnmmfflffl

256 5647 325 5703 atim
342 5648 423 5719 angar
436 5662 504 5717 paee
520 5647 689 5717 tamnen,
706 5644 741 5699 ab
757 5643 809 5699 tac
827 5659 854 5698 ns
870 5643 1045 5713 nunqnam
1058 5642 1187 5710 samon:
1206 5644 1302 5713 Brenn
1318 5650 1391 5699 2338.
