4328 6232
186 322 202 346 “
274 353 333 414 roo
829 345 876 398 nx
895 342 1112 398 mucosum
1131 341 1169 396 iv
1188 338 1368 395 22222222

269 542 351 606 quos
374 519 553 584 adsedem
584 520 798 606 apostolicam
825 517 1015 585 destinasti,
1050 515 1195 580 hilariter
1221 520 1319 601 prout
1350 512 1461 577 decuit
1491 511 1678 596 recepimus
1709 518 1742 575 et
1773 509 1927 593 benigne.

268 630 301 689 ct
332 646 394 709 quc
423 624 517 689 nobis
546 645 586 690 ex
616 628 710 710 parto
739 631 796 687 tua
818 641 999 707 proponere
1023 624 1235 696 curaverunt,
1270 616 1495 683 intelleximus
1528 612 1719 698 diligenter,
1747 611 1928 697 petitiones

267 729 411 813 ipsorum
435 728 547 792 lavoro
569 728 724 791 benivolo
748 726 970 790 admittentes.
1017 723 1104 788 Sanc
1128 721 1404 807 magnificentiam
1428 726 1517 783 tuam
1540 717 1624 781 scire
1648 715 1813 793 volumus,
1840 712 1928 799 quod

268 832 295 896 si
319 832 402 895 forte
427 830 623 916 aliquando·
646 851 711 894 non
734 850 915 894 annuamus
938 828 1163 914 petitionibus,
1187 847 1250 911 quc
1274 825 1369 889 nobis
1393 846 1436 888 cx
1464 828 1557 908 parto
1581 820 1673 904 regia
1703 819 1927 904 porriguntur,

268 956 332 998 non
356 934 398 998 ob
422 934 454 997 id
486 956 550 998 non
581 932 773 998 exaudimus
805 930 953 1010 easdem,
983 929 1068 1015 quod
1092 930 1229 994 volimus
1259 950 1319 992 nos
1353 948 1452 1013 super
1481 925 1544 990 hiis
1573 922 1723 988 difficiles
1755 920 1928 987 exhibere.

269 1060 341 1102 cum
366 1059 423 1122 pro
448 1038 572 1101 cunctis
595 1035 706 1100 mundi
730 1035 933 1122 principibus
956 1040 989 1098 tc
1011 1034 1044 1097 in
1068 1033 1129 1097 hoc
1153 1039 1187 1096 ot
1208 1032 1282 1096 aliis
1296 1030 1435 1095 velimus
1461 1028 1649 1116 specialiter
1670 1026 1846 1102 honorare,
1871 1022 1930 1088 sod

269 1142 431 1226 quianon
456 1139 618 1206 credimus
642 1138 810 1227 expedire.

377 1262 453 1328 Dat.
477 1266 513 1325 ut
537 1260 665 1346 suprab.

1052 1713 1139 1787 210.

375 1825 592 1917 Laconicas
607 1852 665 1917 IV
679 1875 766 1933 prrpc
786 1852 975 1940 [Pl-itinn]
996 1855 1088 1919 ctecto
1103 1855 1318 1931 Ferraricnsi,
1340 1853 1526 1935 (spostolicae
1548 1851 1631 1915 sedis
1653 1851 1761 1931 leyato,
1784 1849 1924 1926 22222121,

271 1962 304 2020 ut
318 1955 575 2041 [chccstaum]
596 1977 697 2037 repom
712 1955 882 2020 1121222122
903 1956 1042 2034 inducat,
1065 1961 1100 2020 ct
1112 1955 1287 2041 H[cnrico]
1304 1955 1602 2036 2221112222222222
1618 1956 1763 2033 potenter
1784 1953 1923 2016 assistit.

1636 2061 1644 2084 c
1689 2062 1696 2075 ·
1812 2058 1828 2092 r

374 2162 437 2214 lnrs.
452 2161 499 2214 IV
515 2161 576 2229 ltep.
593 2161 646 2214 Vol.
659 2161 683 2228 Ι,
702 2168 763 2227 4175
781 2160 840 2214 Lala.
855 2161 875 2214 Ι
878 2161 905 2228 V,
924 2178 981 2216 cur.
993 2169 1016 2216 6.
1054 2160 1153 2215 Pcrtzic'
1170 2161 1301 2227 ccenrplcr
1317 2159 1480 2214 wntulimus
1491 2175 1552 2212 cum
1567 2059 1673 2224 lt'tldc'dtf
1675 2056 1864 2225 (11221αὲᾱῷ
1874 2163 1891 2210 t.
1904 2158 1927 2224 1,

267 2256 367 2314 12222,
386 2266 413 2300 2.
426 2255 496 2301 1151.

376 2333 508 2402 Portant,
529 2333 592 2402 122.
606 2340 683 2388 12201
689 2351 698 2400 ,·
717 2333 817 2401 11222
829 2339 903 2388 2222.

505 2604 544 2621 ..
573 2549 716 2623 212212
744 2546 1042 2634 Ferrariensi,
1071 2545 1325 2638 apostolice
1353 2545 1478 2619 sedis
1505 2545 1691 2637 legalo⁰.

380 2696 588 2763 Prosentium
621 2698 680 2762 tibi
710 2696 904 2761 auctoritate
939 2697 1148 2775 mandamus,
1181 2697 1335 2782 quatinus
1369 2695 1571 2760 carissimum
1602 2694 1634 2759 iu
1664 2693 1796 2759 Christo
1827 2696 1927 2760 lilium

273 2806 419 2864 nostrum
442 2851 451 2867 .
474 2850 482 2865 .
505 2801 665 2866 illustrem
683 2823 794 2887 regem
810 2799 946 2866 Boemie
963 2806 1088 2865 attento
1103 2821 1239 2865 moneas
1262 2807 1296 2865 ot
1318 2799 1465 2879 inducas,
1488 2805 1525 2863 ut
1546 2798 1714 2863 carissimo
1738 2799 1772 2863 in
1796 2798 1929 2864 Christo

272 2903 340 2968 filio
363 2910 473 2969 nostro
497 2904 541 2970 H.
563 2905 632 2989 regi
648 2905 868 2970 Romanorum
888 2904 1007 2969 illustri
1031 2903 1072 2968 ad
1089 2904 1245 2970 honorem
1258 2904 1321 2969 Dei
1343 2911 1377 2968 ct
1393 2903 1534 2968 ecclesis
1553 2907 1706 2988 potenter
1721 2909 1756 2969 21
1778 2909 1932 2991 patenter

275 3007 418 3089 assistat,
442 3030 516 3074 cum
540 3009 580 3074 ad
604 3009 646 3090 id,
671 3010 698 3074 21
721 3029 857 3074 necesse
881 3007 990 3087 fucrit,
1014 3007 1207 3073 auctoritate
1231 3012 1344 3073 nostra
1367 3006 1569 3092 compellens
1580 3007 1601 3072 ¹.

381 3128 457 3194 Dat.
480 3129 644 3217 Lugduni,
668 3131 720 3196 III
742 3129 826 3196 Non.
850 3129 934 3210 Iulii,
958 3150 1044 3194 anuo
1068 3136 1194 3214 quarto.

1059 3703 1146 3776 211.

381 3815 597 3908 Innocentius
612 3840 668 3905 IV
680 3861 771 3922 papo
785 3842 882 3907 cidem
904 3841 1088 3906 2222212211
1110 3841 1284 3927 mearco]
1305 3842 1372 3924 rcpi
1393 3840 1609 3908 1122222222
1625 3862 1688 3925 pro
1708 3842 1842 3924 22221112
1863 3844 1932 3907 suis

276 3943 479 4027 221222112πά12
499 3943 623 4024 aliquos
645 3944 804 4027 2211212222
824 3945 862 4009 dc
887 3944 1040 4009 Teutonici
1058 3948 1240 4026 potestatem
1261 3943 1326 4010 dot.
1611 3947 1705 4024 1246,
1728 3944 1795 4010 Iul.
1814 3946 1843 4008 5.

379 4062 593 4133 raama.
615 4063 715 4133 Voti,
737 4073 799 4132 sm
823 4064 950 4131 12112117,
973 4073 1070 4119 cum.
1119 4065 1164 4118 Ad
1189 4065 1320 4133 22222121
1346 4065 1445 4119 Ρ221111
1473 4063 1643 4118 cummim
1665 4063 1834 4132 praeteriri,
1861 4063 1932 4132 qaod

274 4152 373 4221 Betpcr
389 4150 481 4220 edidit,
501 4149 685 4219 apoyraptmm
701 4151 755 4205 cod.
773 4151 896 4206 Vctlc'celt.
909 4150 937 4218 J,
951 4158 998 4217 ‹55;
1015 4151 1047 4216 cf.
1064 4167 1092 4204 2.
1107 4158 1160 4205 170.

379 4237 558 4307 Romame.

1015 4380 1185 4456 Eidem.

382 4532 582 4599 Discretioui
604 4538 660 4598 tue
684 4530 886 4596 concedendi
918 4531 1086 4596 carissimo
1108 4532 1142 4595 in
1166 4530 1298 4596 Christo
1322 4531 1388 4596 filio
1411 4538 1524 4597 nostro
1547 4530 1591 4597 H.
1613 4532 1685 4617 regi
1704 4531 1930 4600 Romanorum

275 4624 394 4703 illustri
417 4638 541 4721 aliquos
565 4637 737 4721 religiosos
769 4636 1003 4721 cuiuscumque
1026 4634 1149 4701 ordinis
1173 4633 1213 4700 de
1238 4633 1421 4700 Theotonie
1450 4633 1616 4721 partibus,
1644 4656 1726 4722 quos
1749 4635 1838 4702 idem
1861 4659 1930 4706 rex.

274 4746 312 4805 ut
328 4761 439 4806 secum
455 4747 621 4819 maneant,
645 4737 775 4805 duxerit
790 4739 1016 4827 postulandos,
1040 4746 1073 4804 21
1090 4740 1215 4825 aliquos
1232 4738 1332 4803 otiam
1349 4737 1537 4804 destinandi
1559 4760 1618 4826 pro
1634 4739 1770 4804 instanti
1787 4743 1929 4826 negotio,

276 4865 358 4931 quos
381 4842 422 4907 ad
444 4841 476 4906 id
499 4864 559 4908 rex
582 4843 756 4936 predictus·
772 4843 924 4928 elegerit,
955 4865 993 4908 ac
1024 4843 1279 4909 contradictores
1309 4865 1408 4928 super
1436 4843 1498 4908 hoc
1527 4865 1587 4929 per
1618 4864 1790 4910 censuram
1822 4847 1928 4913 22212-

276 4949 439 5014 21221122222
456 4947 677 5033 appellatione
694 4947 879 5034 postposita
895 4947 1124 5034 compescendi
1141 4948 1280 5013 liberem
1294 4945 1503 5013 concedimus
1516 4947 1712 5013 auctoritate
1728 4949 1930 5034 presentium

276 5057 488 5141 potestatem.

385 5172 461 5238 Dat.
486 5157 656 5259 utsupra.

1026 5350 1164 5358 .-.-..-—.

380 5467 405 5535 ⁸)
423 5469 456 5522 sl.
475 5471 540 5524 rorte
552 5470 585 5523 B.
656 5470 681 5538 l⁸)
699 5471 825 5526 2212221111
840 5489 866 5524 rs
881 5474 940 5524 206.
1010 5470 1035 5537 ⁰)
1052 5472 1141 5524 Eidem
1153 5471 1200 5532 B.,·
1216 5470 1342 5523 orrteceds‘t
1359 5487 1385 5522 n.
1399 5472 1457 5522 202.

381 5637 580 5706 mmmm
