4328 6232
204 1426 356 1585 EX
406 1424 1085 1595 lNNOOENTII
1134 1432 1260 1593 IV
1311 1427 1897 1598 REGISTRO.

1032 1767 1063 1841 1.

324 1878 541 1971 Innocentius
555 1904 614 1970 IV
632 1925 720 1986 papo
740 1905 934 1991 [lutatium]
961 1907 1225 1989 archicpiscopmn
1251 1909 1434 1973 misiconem
1456 1914 1485 1973 ct
1507 1908 1725 1991 sufflnponcos
1747 1912 1815 1975 eiua
1836 1911 1874 1976 dc

220 2008 361 2073 anunm
383 2028 443 2073 suo
465 2008 610 2074 certiores
627 2008 712 2094 facit
733 2012 763 2072 et
789 2009 929 2089 bianum
953 2010 1099 2091 precibus
1120 2030 1153 2075 se
1174 2012 1382 2090 emissenae
1410 2011 1529 2077 inbibat
1556 2014 1694 2093 insuper,
1722 2033 1762 2077 ne
1781 2034 1873 2094 prirc-

220 2111 352 2175 scntium
374 2112 471 2176 latori
487 2116 617 2193 procter
639 2113 753 2177 uictum
775 2113 942 2194 quicquum
963 2114 1114 2179 tribuant.
1559 2119 1652 2193 1243,
1675 2116 1740 2182 lul.
1755 2120 1786 2182 2.

322 2230 384 2284 han.
395 2230 444 2285 IV
454 2231 520 2301 ch.
535 2231 623 2299 Vols,
637 2240 662 2294 1,·
680 2231 741 2285 nn.
752 2232 775 2298 l,
788 2241 809 2286 1.
837 2231 941 2287 Pcrtzii
951 2235 1086 2302 memplor
1097 2235 1248 2303 suppletum
1266 2251 1300 2289 on
1312 2236 1402 2306 Royn.
1416 2237 1490 2290 Ann.
1504 2237 1565 2290 eccl.
1579 2253 1604 2288 n.
1618 2243 1690 2303 1243,
1707 2240 1723 2302 §
1738 2244 1801 2291 ΐ-ι)
1812 2254 1873 2292 con·

221 2316 329 2370 tutinus
346 2333 407 2370 oum
424 2318 580 2387 apographo
596 2319 718 2386 cpnstolcu
730 2318 866 2386 potestati,
883 2320 995 2373 coneilio
1007 2326 1031 2374 ct
1039 2322 1143 2389 populo
1157 2320 1399 2375 Mediolanensirnn
1411 2322 1531 2376 directus
1543 2321 1579 2391 [e.
1591 2322 1690 2392 infrnJ,
1706 2321 1778 2390 quod
1793 2322 1822 2376 V.
1833 2321 1873 2376 Gt

227 2402 269 2456 W.
287 2403 463 2458 Warunoacb
481 2420 515 2458 cx
534 2404 645 2459 Sumnrn
662 2403 722 2457 dict.
741 2420 761 2458 s.
782 2403 859 2458 XIV
875 2404 925 2458 inc
944 2405 1001 2460 cod.
1021 2406 1077 2461 ubl.
1096 2407 1172 2462 Unio.
1194 2407 1342 2478 Propensia
1360 2409 1383 2476 l,
1402 2408 1485 2477 (1.94,
1502 2410 1523 2475 f.
1539 2413 1582 2463 67·
1601 2408 1712 2476 anmprit
1729 2407 1798 2479 [DJ.

325 2490 459 2558 Pounau,
477 2489 542 2561 nep.
556 2497 647 2556 110795
664 2489 768 2560 Bcrpcr
780 2499 800 2545 1.

260 2686 555 2762 Innocentius
587 2687 826 2779 episcopus
859 2709 1016 2761 servus
1048 2711 1281 2765 servorum
1308 2691 1382 2765 Dei
1412 2690 1671 2765 venerabili
1702 2691 1835 2766 tratri

343 2806 683 2900 archiepiscopo
717 2807 927 2881 Remensi
960 2813 1003 2882 et
1028 2809 1337 2903 suffraganeis
1368 2813 1462 2886 suis
1489 2813 1681 2886 salutem
1713 2817 1753 2886 et

695 2927 993 3020 apostolicam
1026 2930 1398 3006 benedictionem.

329 3078 484 3143 Summus
518 3079 606 3144 orbis
638 3079 767 3165 opifex,
802 3078 979 3144 fabricator
1014 3081 1159 3144 celorum
1188 3087 1222 3145 et
1255 3081 1407 3146 universe
1440 3079 1589 3146 conditor
1621 3088 1784 3161 creature,
1820 3082 1874 3168 qui

223 3182 386 3268 sapientia
408 3182 556 3248 fundavit
578 3189 700 3249 terram
724 3191 758 3249 et
780 3184 920 3249 finnavit
944 3184 1033 3248 celos
1056 3183 1240 3269 prudentia,
1264 3187 1371 3249 omnia
1393 3186 1482 3249 solus
1498 3184 1662 3267 ordinans,
1685 3186 1823 3252 celestia
1842 3192 1875 3251 et
1888 3209 2027 3262 norun.

222 3293 354 3352 tenena
377 3284 541 3350 infallibili
563 3287 769 3373 providentio
793 3287 995 3367 moderatur,
1027 3287 1104 3352 dum
1137 3289 1360 3354 universitatis
1391 3288 1667 3376 pulchritudinem
1697 3290 1870 3376 perficiens

223 3397 257 3457 et
277 3389 448 3472 decorans,
472 3397 591 3456 cuncta
611 3391 837 3457 interscalari·
858 3391 999 3478 partitus
1023 3398 1074 3456 est
1097 3391 1210 3457 ordine
1233 3414 1272 3459 ac
1297 3394 1394 3459 certis
1419 3401 1452 3458 et
1474 3394 1692 3479 impermixtis
1715 3394 1874 3458 limitibus

221 3494 389 3575 stabilivit,
413 3501 450 3559 ut
473 3496 601 3580 singula
624 3515 753 3581 quaqua
777 3496 883 3559 locum
905 3501 1041 3560 teneant
1064 3498 1180 3561 sortita
1202 3495 1368 3563 decenter.
1409 3496 1462 3562 Ad
1485 3498 1589 3561 instar
1612 3517 1752 3583 namque
1776 3517 1873 3583 supe·

221 3599 340 3664 dorum
375 3598 523 3665 ordinum
556 3599 744 3665 inferiorem
779 3600 811 3663 in
847 3599 990 3664 ecclesia
1023 3600 1185 3664 militante
1220 3599 1382 3686 disposuit
1415 3600 1634 3686 gerorcbiam,
1670 3600 1873 3686 distinguens

219 3704 381 3768 renotata
409 3702 548 3768 mirabili
577 3710 610 3768 et
640 3724 786 3789 congrua
808 3702 964 3767 universa
993 3709 1026 3767 et
1054 3702 1203 3768 discretis
1237 3704 1324 3769 inter
1355 3710 1464 3769 cetera
1496 3703 1689 3769 describens
1718 3704 1874 3789 gradibus

223 3806 475 3886 dominationes,
498 3807 700 3894 principatus
724 3814 758 3873 et
781 3813 963 3893 potestates
986 3806 1028 3872 ad
1051 3808 1197 3892 regimen
1221 3809 1376 3873 universi.
1422 3806 1593 3895 Appendit
1615 3806 1747 3893 quidem
1770 3805 1874 3871 tribus
1888 3826 1969 3878 mn,
1985 3832 2018 3871 n.

222 3909 336 3996 digitio
358 3910 478 3975 molem
501 3915 604 3992 terro,
633 3918 751 3975 cuncta
773 3910 950 3997 disponens
974 3910 1007 3973 in
1030 3931 1182 3990 numero,
1211 3911 1355 3997 pondere
1379 3933 1417 3976 ac
1440 3931 1596 3976 mensura
1619 3918 1653 3976 et
1676 3931 1874 3976 conservans

220 4014 255 4078 in
277 4012 429 4078 omnibus
453 4013 614 4100 speciem,
644 4013 791 4078 ordinem
814 4018 911 4097 atque
935 4012 1077 4077 modum.
1123 4013 1239 4079 Librat
1262 4015 1361 4079 etiam
1386 4015 1419 4079 in
1451 4014 1596 4101 pondere
1618 4020 1764 4095 montes,
1783 4013 1874 4078 -dum
1888 4032 1943 4075 nm

220 4116 318 4202 erigit
346 4115 486 4181 humiles
509 4117 542 4181 in
566 4116 697 4181 sublimi
720 4117 842 4182 vertice
872 4115 1082 4202 dignitatum,
1118 4123 1152 4182 et
1182 4118 1281 4182 colles
1312 4117 1344 4181 in
1374 4123 1498 4182 statera
1529 4118 1681 4183 culminis
1711 4117 1873 4182 inferioris

221 4219 393 4306 appendit,
426 4227 463 4284 ut
493 4226 615 4306 ponant
640 4221 674 4285 in
702 4220 847 4309 pondere
880 4219 1036 4286 iudicium
1059 4228 1093 4285 et
1115 4220 1274 4285 iustitiam
1297 4222 1330 4286 in
1354 4242 1522 4300 mensura,
1553 4227 1587 4286 et
1609 4228 1645 4286 ut
1669 4223 1873 4308 superiomm
1887 4241 2013 4294 aursni.

220 4329 398 4410 precepta,
427 4323 664 4410 prohibitiones
687 4332 786 4411 atque
810 4325 948 4390 consilia
970 4324 1176 4390 interioribus
1200 4325 1408 4406 annuntient,
1440 4332 1473 4390 et
1495 4325 1602 4390 nubes
1624 4346 1697 4390 rore
1721 4331 1873 4390 concrete

224 4425 390 4493 subiectos
414 4427 602 4514 compluant
623 4435 657 4493 at
679 4428 857 4495 fecundent
886 4429 989 4494 imbro
1020 4428 1125 4515 gratie
1157 4450 1196 4493 ao
1225 4428 1360 4493 humore
1391 4428 1502 4514 pluvia
1526 4428 1687 4493 salutaris.
1731 4427 1775 4491 Et
1798 4428 1874 4514 quia
1888 4448 2027 4500 noveno.

221 4529 371 4596 membra
386 4529 510 4597 Christi
525 4531 654 4598 decenti
670 4532 782 4598 ordine
798 4533 832 4598 in
848 4553 983 4618 corpore
999 4531 1129 4596 mistico
1147 4538 1223 4596 sunt
1245 4531 1410 4609 distincta,
1433 4530 1493 4596 filii
1515 4529 1702 4596 obedientie
1725 4531 1874 4617 patribus

222 4629 455 4720 obsequantur,
484 4642 521 4699 ut
549 4643 584 4701 et
605 4641 716 4723 patres
740 4634 854 4702 sedula
881 4635 1029 4700 custodia
1056 4635 1229 4721 invigilent
1251 4656 1309 4721 pro
1334 4634 1502 4715 subiectis,
1532 4634 1644 4718 sicque
1668 4634 1790 4700 vicaria
1813 4634 1875 4700 sibi

221 4758 283 4824 opo
306 4737 525 4819 subserviant,
548 4738 692 4825 suscepti
714 4739 883 4804 ministerii
907 4739 1050 4803 officium
1071 4738 1249 4804 salubriter
1270 4736 1491 4825 adimplendo.
1525 4737 1629 4802 Porro
1651 4736 1726 4823 quia
1742 4738 1872 4803 immor·

222 4841 356 4907 talitatis
372 4841 518 4928 dignitas
533 4849 585 4908 est
601 4839 753 4929 adempta
769 4841 811 4908 ob
827 4841 1047 4929 protoplausti
1064 4841 1231 4922 delictum,
1255 4841 1407 4906 turbatur
1428 4840 1592 4907 interdum
1615 4840 1693 4906 ordo
1709 4849 1873 4907 rectorum

225 4944 258 5009 in
281 4944 494 5011 varietatibus
517 4966 728 5032 personarum
752 4951 885 5032 propter
907 4966 1080 5011 excessum
1104 4945 1190 5025 vite,
1213 4967 1310 5030 quem
1334 4966 1420 5009 mors
1444 4946 1565 5030 ingerit
1587 4946 1787 5033 importuna,
1816 4944 1874 5009 sed

223 5056 393 5136 reparatur
415 5051 632 5136 quamtocius,
655 5050 733 5116 dum
756 5050 813 5114 filii
835 5051 904 5115 nati
926 5071 983 5136 pro
999 5049 1149 5137 patribus
1166 5048 1394 5134 subrogantur,
1418 5048 1551 5112 alternis
1573 5048 1729 5134 gradibus
1752 5054 1785 5112 et
1809 5047 1873 5112 sihi

224 5159 336 5218 mutua
356 5152 582 5219 vicissitudine
606 5153 828 5220 succedentes.

329 5257 417 5323 Hinc
445 5262 513 5338 est,
543 5256 629 5344 quod
657 5257 787 5324 felicisb
816 5256 1053 5323 recordationis
1081 5254 1248 5321 celestino
1278 5276 1364 5341 papa
1393 5254 1629 5340 predecessore
1660 5260 1788 5334 nostro,
1819 5255 1874 5339 qui

224 5359 309 5426 bone
340 5361 500 5428 memorie
532 5359 693 5447 Gregorio
725 5382 811 5448 pape
845 5367 1066 5441 successerat,
1098 5358 1183 5425 inira
1213 5359 1374 5424 modicum
1406 5357 1562 5446 temporis
1593 5358 1737 5444 spatium
1767 5358 1873 5423 soluto

325 5617 574 5771 aefflv·
643 5620 1154 5692 ununqumupeaefimm
1172 5617 1445 5689 musanus.

401 5712 534 5773 nomn
1653 5712 1668 5764 1
