<?xml version="1.0" encoding="UTF-8"?>
<!DOCTYPE html PUBLIC "-//W3C//DTD XHTML 1.0 Transitional//EN"
    "http://www.w3.org/TR/xhtml1/DTD/xhtml1-transitional.dtd">
<html xmlns="http://www.w3.org/1999/xhtml" xml:lang="en" lang="en">
 <head>
  <title>
</title>
<meta http-equiv="Content-Type" content="text/html;charset=utf-8" />
  <meta name='ocr-system' content='tesseract 3.04.00' />
  <meta name='ocr-capabilities' content='ocr_page ocr_carea ocr_par ocr_line ocrx_word'/>
</head>
<body>
  <div class='ocr_page' id='page_1' title='image "./monumentagerman00popegoog_0151.png"; bbox 0 0 4328 6232; ppageno 0'>
   <div class='ocr_carea' id='block_1_1' title="bbox 202 315 1296 391">
    <p class='ocr_par' dir='ltr' id='par_1_1' title="bbox 202 315 1296 391">
     <span class='ocr_line' id='line_1_1' title="bbox 202 315 1296 391; baseline -0.014 -4"><span class='ocrx_word' id='word_1_1' title='bbox 202 324 263 391; x_wconf 81' lang='lat'><strong>126</strong></span> <span class='ocrx_word' id='word_1_2' title='bbox 755 317 803 373; x_wconf 86' lang='lat' dir='ltr'><strong>EX</strong></span> <span class='ocrx_word' id='word_1_3' title='bbox 821 316 1039 377; x_wconf 80' lang='lat' dir='ltr'>INNOCENTII</span> <span class='ocrx_word' id='word_1_4' title='bbox 1056 317 1096 372; x_wconf 90' lang='lat' dir='ltr'><strong>IV</strong></span> <span class='ocrx_word' id='word_1_5' title='bbox 1114 315 1296 374; x_wconf 73' lang='lat' dir='ltr'><strong>ausurae</strong></span> 
     </span>
    </p>
   </div>
   <div class='ocr_carea' id='block_1_2' title="bbox 200 489 1856 581">
    <p class='ocr_par' dir='ltr' id='par_1_2' title="bbox 200 489 1856 581">
     <span class='ocr_line' id='line_1_2' title="bbox 200 489 1856 581; baseline 0.001 -23"><span class='ocrx_word' id='word_1_6' title='bbox 200 517 258 581; x_wconf 90' lang='lat' dir='ltr'><strong>pro</strong></span> <span class='ocrx_word' id='word_1_7' title='bbox 289 514 386 580; x_wconf 89' lang='lat' dir='ltr'><strong>posse</strong></span> <span class='ocrx_word' id='word_1_8' title='bbox 415 492 608 571; x_wconf 89' lang='lat' dir='ltr'><strong>sollicitum,</strong></span> <span class='ocrx_word' id='word_1_9' title='bbox 640 491 747 577; x_wconf 88' lang='lat' dir='ltr'><strong>plenis</strong></span> <span class='ocrx_word' id='word_1_10' title='bbox 776 489 1004 577; x_wconf 87' lang='lat' dir='ltr'><strong>prosequimur</strong></span> <span class='ocrx_word' id='word_1_11' title='bbox 1032 490 1219 558; x_wconf 75' lang='lat' dir='ltr'><strong>actionibus</strong></span> <span class='ocrx_word' id='word_1_12' title='bbox 1247 491 1436 577; x_wconf 86' lang='lat' dir='ltr'><strong>gratiarnm.</strong></span> <span class='ocrx_word' id='word_1_13' title='bbox 1482 490 1566 558; x_wconf 85' lang='lat' dir='ltr'><strong>Cum</strong></span> <span class='ocrx_word' id='word_1_14' title='bbox 1595 501 1707 560; x_wconf 89' lang='lat' dir='ltr'><strong>autem</strong></span> <span class='ocrx_word' id='word_1_15' title='bbox 1738 495 1856 562; x_wconf 85' lang='lat' dir='ltr'><strong>tibist</strong></span> 
     </span>
    </p>
   </div>
   <div class='ocr_carea' id='block_1_3' title="bbox 82 592 1856 685">
    <p class='ocr_par' dir='ltr' id='par_1_3' title="bbox 82 592 1856 685">
     <span class='ocr_line' id='line_1_3' title="bbox 82 592 1856 685; baseline 0.001 -23"><span class='ocrx_word' id='word_1_16' title='bbox 82 612 85 616; x_wconf 58' lang='lat'><strong><em>⁴</em></strong></span> <span class='ocrx_word' id='word_1_17' title='bbox 199 598 273 663; x_wconf 90' lang='lat' dir='ltr'><strong>aliis</strong></span> <span class='ocrx_word' id='word_1_18' title='bbox 303 596 432 662; x_wconf 91' lang='lat' dir='ltr'><strong>devotis</strong></span> <span class='ocrx_word' id='word_1_19' title='bbox 462 595 603 660; x_wconf 88' lang='lat' dir='ltr'><strong>eeclesia</strong></span> <span class='ocrx_word' id='word_1_20' title='bbox 633 615 732 680; x_wconf 90' lang='lat' dir='ltr'><strong>super</strong></span> <span class='ocrx_word' id='word_1_21' title='bbox 753 594 816 658; x_wconf 91' lang='lat' dir='ltr'><strong>hoc</strong></span> <span class='ocrx_word' id='word_1_22' title='bbox 838 593 903 658; x_wconf 89' lang='lat' dir='ltr'><strong>iam</strong></span> <span class='ocrx_word' id='word_1_23' title='bbox 925 592 1044 658; x_wconf 89' lang='lat' dir='ltr'><strong>debeat</strong></span> <span class='ocrx_word' id='word_1_24' title='bbox 1067 599 1102 658; x_wconf 91' lang='lat' dir='ltr'><strong>et</strong></span> <span class='ocrx_word' id='word_1_25' title='bbox 1123 594 1229 680; x_wconf 91' lang='lat' dir='ltr'><strong>possit</strong></span> <span class='ocrx_word' id='word_1_26' title='bbox 1252 595 1366 679; x_wconf 81' lang='lat' dir='ltr'>augeri</span> <span class='ocrx_word' id='word_1_27' title='bbox 1390 594 1535 678; x_wconf 89' lang='lat' dir='ltr'><strong>audatia,</strong></span> <span class='ocrx_word' id='word_1_28' title='bbox 1565 598 1643 682; x_wconf 88' lang='lat' dir='ltr'><strong>quia</strong></span> <span class='ocrx_word' id='word_1_29' title='bbox 1670 620 1732 684; x_wconf 91' lang='lat' dir='ltr'><strong>pre</strong></span> <span class='ocrx_word' id='word_1_30' title='bbox 1762 601 1856 685; x_wconf 90' lang='lat' dir='ltr'><strong>regni</strong></span> 
     </span>
    </p>
   </div>
   <div class='ocr_carea' id='block_1_4' title="bbox 124 697 1856 1306">
    <p class='ocr_par' dir='ltr' id='par_1_4' title="bbox 124 697 1856 1306">
     <span class='ocr_line' id='line_1_4' title="bbox 124 697 1855 789; baseline 0.002 -24"><span class='ocrx_word' id='word_1_31' title='bbox 124 700 135 711; x_wconf 84' lang='lat'>&#39;</span> <span class='ocrx_word' id='word_1_32' title='bbox 201 700 322 787; x_wconf 82' lang='lat' dir='ltr'><strong>Sycilie</strong></span> <span class='ocrx_word' id='word_1_33' title='bbox 347 698 553 786; x_wconf 91' lang='lat' dir='ltr'><strong>procuranda</strong></span> <span class='ocrx_word' id='word_1_34' title='bbox 576 699 682 763; x_wconf 89' lang='lat' dir='ltr'><strong>salute</strong></span> <span class='ocrx_word' id='word_1_35' title='bbox 706 697 747 763; x_wconf 91' lang='lat' dir='ltr'><strong>de</strong></span> <span class='ocrx_word' id='word_1_36' title='bbox 772 699 888 783; x_wconf 88' lang='lat' dir='ltr'><strong>legatis</strong></span> <span class='ocrx_word' id='word_1_37' title='bbox 913 697 1150 784; x_wconf 84' lang='lat' dir='ltr'>sollempnibus</span> <span class='ocrx_word' id='word_1_38' title='bbox 1166 704 1200 763; x_wconf 91' lang='lat' dir='ltr'><strong>et</strong></span> <span class='ocrx_word' id='word_1_39' title='bbox 1215 699 1297 763; x_wconf 90' lang='lat' dir='ltr'><strong>alias</strong></span> <span class='ocrx_word' id='word_1_40' title='bbox 1314 699 1412 763; x_wconf 90' lang='lat' dir='ltr'><strong>etiam</strong></span> <span class='ocrx_word' id='word_1_41' title='bbox 1429 697 1469 764; x_wconf 91' lang='lat' dir='ltr'><strong>de</strong></span> <span class='ocrx_word' id='word_1_42' title='bbox 1487 699 1632 765; x_wconf 91' lang='lat' dir='ltr'><strong>subsidio</strong></span> <span class='ocrx_word' id='word_1_43' title='bbox 1650 701 1855 789; x_wconf 82' lang='lat' dir='ltr'><strong>providimus</strong></span> 
     </span>
     <span class='ocr_line' id='line_1_5' title="bbox 199 800 1855 890; baseline 0.001 -23"><span class='ocrx_word' id='word_1_44' title='bbox 199 809 366 890; x_wconf 92' lang='lat' dir='ltr'><strong>oportuno,</strong></span> <span class='ocrx_word' id='word_1_45' title='bbox 393 804 615 869; x_wconf 76' lang='lat' dir='ltr'><strong>sinceritatem</strong></span> <span class='ocrx_word' id='word_1_46' title='bbox 632 809 721 868; x_wconf 92' lang='lat' dir='ltr'><strong>tuam</strong></span> <span class='ocrx_word' id='word_1_47' title='bbox 737 802 917 867; x_wconf 79' lang='lat' dir='ltr'><strong>affectuose</strong></span> <span class='ocrx_word' id='word_1_48' title='bbox 934 800 1113 886; x_wconf 83' lang='lat' dir='ltr'><strong>rogandam</strong></span> <span class='ocrx_word' id='word_1_49' title='bbox 1131 801 1282 868; x_wconf 90' lang='lat' dir='ltr'><strong>duximus</strong></span> <span class='ocrx_word' id='word_1_50' title='bbox 1300 809 1333 868; x_wconf 90' lang='lat' dir='ltr'><strong>et</strong></span> <span class='ocrx_word' id='word_1_51' title='bbox 1349 802 1554 885; x_wconf 88' lang='lat' dir='ltr'><strong>monendam,</strong></span> <span class='ocrx_word' id='word_1_52' title='bbox 1576 805 1610 868; x_wconf 89' lang='lat' dir='ltr'><strong>in</strong></span> <span class='ocrx_word' id='word_1_53' title='bbox 1627 804 1855 869; x_wconf 89' lang='lat' dir='ltr'><strong>remissionem</strong></span> 
     </span>
     <span class='ocr_line' id='line_1_6' title="bbox 199 904 1856 993; baseline 0.003 -24"><span class='ocrx_word' id='word_1_54' title='bbox 199 907 257 971; x_wconf 91' lang='lat' dir='ltr'><strong>tibi</strong></span> <span class='ocrx_word' id='word_1_55' title='bbox 280 907 506 993; x_wconf 81' lang='lat' dir='ltr'><strong>peccaminum</strong></span> <span class='ocrx_word' id='word_1_56' title='bbox 529 907 748 991; x_wconf 90' lang='lat' dir='ltr'><strong>iniungentes‚</strong></span> <span class='ocrx_word' id='word_1_57' title='bbox 773 905 935 990; x_wconf 77' lang='lat' dir='ltr'><strong>quatinus,</strong></span> <span class='ocrx_word' id='word_1_58' title='bbox 960 906 1045 969; x_wconf 91' lang='lat' dir='ltr'><strong>sicut</strong></span> <span class='ocrx_word' id='word_1_59' title='bbox 1067 904 1278 971; x_wconf 84' lang='lat' dir='ltr'><strong>laudabiliter</strong></span> <span class='ocrx_word' id='word_1_60' title='bbox 1301 906 1466 993; x_wconf 86' lang='lat' dir='ltr'><strong>incepisti,</strong></span> <span class='ocrx_word' id='word_1_61' title='bbox 1488 929 1555 973; x_wconf 91' lang='lat' dir='ltr'><strong>una</strong></span> <span class='ocrx_word' id='word_1_62' title='bbox 1578 929 1651 972; x_wconf 91' lang='lat' dir='ltr'><strong>cum</strong></span> <span class='ocrx_word' id='word_1_63' title='bbox 1672 909 1774 973; x_wconf 87' lang='lat' dir='ltr'><strong>sociis</strong></span> <span class='ocrx_word' id='word_1_64' title='bbox 1789 909 1856 974; x_wconf 89' lang='lat' dir='ltr'><strong>tuis</strong></span> 
     </span>
     <span class='ocr_line' id='line_1_7' title="bbox 200 1008 1855 1097; baseline 0.002 -23"><span class='ocrx_word' id='word_1_65' title='bbox 200 1016 314 1074; x_wconf 89' lang='lat' dir='ltr'><strong>contra</strong></span> <span class='ocrx_word' id='word_1_66' title='bbox 329 1009 417 1075; x_wconf 91' lang='lat' dir='ltr'><strong>illius</strong></span> <span class='ocrx_word' id='word_1_67' title='bbox 434 1011 598 1096; x_wconf 87' lang='lat' dir='ltr'><strong>tyrampni</strong></span> <span class='ocrx_word' id='word_1_68' title='bbox 613 1008 783 1096; x_wconf 87' lang='lat' dir='ltr'><strong>perfidiam</strong></span> <span class='ocrx_word' id='word_1_69' title='bbox 800 1010 1017 1074; x_wconf 91' lang='lat' dir='ltr'><strong>constantiam</strong></span> <span class='ocrx_word' id='word_1_70' title='bbox 1033 1009 1156 1075; x_wconf 87' lang='lat' dir='ltr'><strong>habeas</strong></span> <span class='ocrx_word' id='word_1_71' title='bbox 1173 1011 1414 1092; x_wconf 81' lang='lat' dir='ltr'><strong>inconcussam,</strong></span> <span class='ocrx_word' id='word_1_72' title='bbox 1438 1031 1576 1097; x_wconf 88' lang='lat' dir='ltr'><strong>sperans</strong></span> <span class='ocrx_word' id='word_1_73' title='bbox 1592 1011 1680 1096; x_wconf 91' lang='lat' dir='ltr'><strong>quod</strong></span> <span class='ocrx_word' id='word_1_74' title='bbox 1702 1013 1855 1093; x_wconf 86' lang='lat' dir='ltr'><strong>ecclesia,</strong></span> 
     </span>
     <span class='ocr_line' id='line_1_8' title="bbox 199 1110 1856 1202; baseline 0.002 -25"><span class='ocrx_word' id='word_1_75' title='bbox 199 1134 261 1199; x_wconf 92' lang='lat' dir='ltr'><strong>que</strong></span> <span class='ocrx_word' id='word_1_76' title='bbox 291 1113 409 1178; x_wconf 89' lang='lat' dir='ltr'><strong>merita</strong></span> <span class='ocrx_word' id='word_1_77' title='bbox 439 1110 630 1177; x_wconf 89' lang='lat' dir='ltr'><strong>devotorum</strong></span> <span class='ocrx_word' id='word_1_78' title='bbox 660 1112 693 1176; x_wconf 93' lang='lat' dir='ltr'><strong>in</strong></span> <span class='ocrx_word' id='word_1_79' title='bbox 721 1113 771 1176; x_wconf 88' lang='lat' dir='ltr'><strong>sui</strong></span> <span class='ocrx_word' id='word_1_80' title='bbox 802 1112 945 1198; x_wconf 91' lang='lat' dir='ltr'><strong>pecteris</strong></span> <span class='ocrx_word' id='word_1_81' title='bbox 973 1119 1100 1178; x_wconf 88' lang='lat' dir='ltr'><strong>secrete</strong></span> <span class='ocrx_word' id='word_1_82' title='bbox 1130 1114 1312 1194; x_wconf 89' lang='lat' dir='ltr'><strong>constituit,</strong></span> <span class='ocrx_word' id='word_1_83' title='bbox 1343 1114 1404 1179; x_wconf 93' lang='lat' dir='ltr'><strong>tibi</strong></span> <span class='ocrx_word' id='word_1_84' title='bbox 1431 1135 1470 1179; x_wconf 88' lang='lat' dir='ltr'><strong>ac</strong></span> <span class='ocrx_word' id='word_1_85' title='bbox 1493 1115 1619 1181; x_wconf 90' lang='lat' dir='ltr'><strong>eisdem</strong></span> <span class='ocrx_word' id='word_1_86' title='bbox 1642 1115 1759 1198; x_wconf 89' lang='lat' dir='ltr'><strong>sociis,</strong></span> <span class='ocrx_word' id='word_1_87' title='bbox 1792 1137 1856 1202; x_wconf 91' lang='lat' dir='ltr'><strong>que</strong></span> 
     </span>
     <span class='ocr_line' id='line_1_9' title="bbox 199 1217 1408 1306; baseline 0.003 -24"><span class='ocrx_word' id='word_1_88' title='bbox 199 1224 274 1283; x_wconf 92' lang='lat' dir='ltr'><strong>sunt</strong></span> <span class='ocrx_word' id='word_1_89' title='bbox 296 1217 450 1304; x_wconf 89' lang='lat' dir='ltr'><strong>condigni</strong></span> <span class='ocrx_word' id='word_1_90' title='bbox 473 1218 595 1283; x_wconf 86' lang='lat' dir='ltr'><strong>faveris</strong></span> <span class='ocrx_word' id='word_1_91' title='bbox 619 1223 652 1283; x_wconf 89' lang='lat' dir='ltr'><strong>ct</strong></span> <span class='ocrx_word' id='word_1_92' title='bbox 675 1217 791 1304; x_wconf 91' lang='lat' dir='ltr'><strong>gratie,</strong></span> <span class='ocrx_word' id='word_1_93' title='bbox 814 1223 973 1304; x_wconf 90' lang='lat' dir='ltr'><strong>oportuno</strong></span> <span class='ocrx_word' id='word_1_94' title='bbox 997 1223 1145 1305; x_wconf 89' lang='lat' dir='ltr'><strong>tempore</strong></span> <span class='ocrx_word' id='word_1_95' title='bbox 1170 1218 1408 1306; x_wconf 87' lang='lat' dir='ltr'><strong>compensabit.</strong></span> 
     </span>
    </p>
   </div>
   <div class='ocr_carea' id='block_1_5' title="bbox 823 1549 1233 1558">
    <p class='ocr_par' dir='ltr' id='par_1_5' title="bbox 823 1549 1233 1558">
     <span class='ocr_line' id='line_1_10' title="bbox 823 1549 1233 1558; baseline 0.005 -2"><span class='ocrx_word' id='word_1_96' title='bbox 823 1549 1233 1558; x_wconf 79' lang='lat'><strong>———</strong></span> 
     </span>
    </p>
   </div>
   <div class='ocr_carea' id='block_1_6' title="bbox 987 1859 1070 1933">
    <p class='ocr_par' dir='ltr' id='par_1_6' title="bbox 987 1859 1070 1933">
     <span class='ocr_line' id='line_1_11' title="bbox 987 1859 1070 1933; baseline 0.048 -4"><span class='ocrx_word' id='word_1_97' title='bbox 987 1859 1070 1933; x_wconf 80' lang='lat'><strong>168.</strong></span> 
     </span>
    </p>
   </div>
   <div class='ocr_carea' id='block_1_7' title="bbox 200 1971 1858 2188">
    <p class='ocr_par' dir='ltr' id='par_1_7' title="bbox 200 1971 1858 2188">
     <span class='ocr_line' id='line_1_12' title="bbox 304 1971 1858 2082; baseline 0.003 -18"><span class='ocrx_word' id='word_1_98' title='bbox 304 1971 521 2064; x_wconf 77' lang='lat' dir='ltr'><strong>Innocentius</strong></span> <span class='ocrx_word' id='word_1_99' title='bbox 537 1999 562 2064; x_wconf 93' lang='grc' dir='ltr'><em>Ι</em></span> <span class='ocrx_word' id='word_1_100' title='bbox 565 1999 593 2063; x_wconf 87' lang='lat' dir='ltr'><strong><em>V</em></strong></span> <span class='ocrx_word' id='word_1_101' title='bbox 599 2020 690 2080; x_wconf 86' lang='lat' dir='ltr'><strong>papa</strong></span> <span class='ocrx_word' id='word_1_102' title='bbox 709 2000 950 2081; x_wconf 74' lang='lat' dir='ltr'><strong>archiepiscopis</strong></span> <span class='ocrx_word' id='word_1_103' title='bbox 965 2005 994 2065; x_wconf 93' lang='lat' dir='ltr'><strong>et</strong></span> <span class='ocrx_word' id='word_1_104' title='bbox 1007 2001 1084 2066; x_wconf 86' lang='lat' dir='ltr'><strong>aliis</strong></span> <span class='ocrx_word' id='word_1_105' title='bbox 1093 2002 1251 2082; x_wconf 85' lang='lat' dir='ltr'><strong>praelatis</strong></span> <span class='ocrx_word' id='word_1_106' title='bbox 1265 2006 1295 2066; x_wconf 92' lang='lat' dir='ltr'><strong>et</strong></span> <span class='ocrx_word' id='word_1_107' title='bbox 1309 1979 1479 2080; x_wconf 82' lang='lat' dir='ltr'><strong>comitibus,</strong></span> <span class='ocrx_word' id='word_1_108' title='bbox 1502 2003 1681 2082; x_wconf 79' lang='lat' dir='ltr'><strong>baronibus,</strong></span> <span class='ocrx_word' id='word_1_109' title='bbox 1702 2004 1858 2069; x_wconf 73' lang='lat' dir='ltr'><strong>militibus</strong></span> 
     </span>
     <span class='ocr_line' id='line_1_13' title="bbox 200 2103 1856 2188; baseline 0.002 -22"><span class='ocrx_word' id='word_1_110' title='bbox 200 2106 230 2166; x_wconf 87' lang='lat' dir='ltr'><strong>et</strong></span> <span class='ocrx_word' id='word_1_111' title='bbox 246 2105 374 2186; x_wconf 74' lang='lat' dir='ltr'><strong>papantis</strong></span> <span class='ocrx_word' id='word_1_112' title='bbox 395 2103 564 2182; x_wconf 83' lang='lat' dir='ltr'><strong>cicitatnrn,</strong></span> <span class='ocrx_word' id='word_1_113' title='bbox 587 2108 760 2169; x_wconf 74' lang='lat' dir='ltr'><strong>castrarent</strong></span> <span class='ocrx_word' id='word_1_114' title='bbox 781 2107 810 2167; x_wconf 91' lang='lat' dir='ltr'><strong>et</strong></span> <span class='ocrx_word' id='word_1_115' title='bbox 832 2104 966 2168; x_wconf 74' lang='lat' dir='ltr'><strong>laenam</strong></span> <span class='ocrx_word' id='word_1_116' title='bbox 981 2105 1071 2187; x_wconf 81' lang='lat' dir='ltr'><strong>repni</strong></span> <span class='ocrx_word' id='word_1_117' title='bbox 1084 2105 1215 2170; x_wconf 83' lang='lat' dir='ltr'><strong>Siciliae</strong></span> <span class='ocrx_word' id='word_1_118' title='bbox 1230 2106 1377 2188; x_wconf 81' lang='lat' dir='ltr'><strong>inianpit,</strong></span> <span class='ocrx_word' id='word_1_119' title='bbox 1400 2110 1435 2169; x_wconf 88' lang='lat' dir='ltr'><strong>at</strong></span> <span class='ocrx_word' id='word_1_120' title='bbox 1449 2106 1610 2172; x_wconf 82' lang='lat' dir='ltr'><strong>Frirteriei</strong></span> <span class='ocrx_word' id='word_1_121' title='bbox 1624 2107 1784 2188; x_wconf 57' lang='lat' dir='ltr'><strong>qnondam</strong></span> <span class='ocrx_word' id='word_1_122' title='bbox 1799 2109 1856 2170; x_wconf 85' lang='lat' dir='ltr'><strong>irn-</strong></span> 
     </span>
    </p>
   </div>
   <div class='ocr_carea' id='block_1_8' title="bbox 80 2207 1859 2294">
    <p class='ocr_par' dir='ltr' id='par_1_8' title="bbox 80 2207 1859 2294">
     <span class='ocr_line' id='line_1_14' title="bbox 80 2207 1859 2294; baseline 0.003 -26"><span class='ocrx_word' id='word_1_123' title='bbox 80 2266 89 2276; x_wconf 80' lang='grc'><strong><em>,</em></strong></span> <span class='ocrx_word' id='word_1_124' title='bbox 195 2207 356 2286; x_wconf 84' lang='lat' dir='ltr'><strong>paraturis</strong></span> <span class='ocrx_word' id='word_1_125' title='bbox 371 2207 450 2271; x_wconf 88' lang='lat' dir='ltr'><strong>dare</strong></span> <span class='ocrx_word' id='word_1_126' title='bbox 464 2207 601 2271; x_wconf 81' lang='lat' dir='ltr'><strong>dentinie</strong></span> <span class='ocrx_word' id='word_1_127' title='bbox 615 2207 766 2283; x_wconf 69' lang='lat' dir='ltr'><strong>abducta,</strong></span> <span class='ocrx_word' id='word_1_128' title='bbox 782 2207 834 2271; x_wconf 88' lang='lat' dir='ltr'><strong>eni</strong></span> <span class='ocrx_word' id='word_1_129' title='bbox 843 2207 954 2290; x_wconf 78' lang='lat' dir='ltr'><strong>plnres</strong></span> <span class='ocrx_word' id='word_1_130' title='bbox 969 2207 1006 2272; x_wconf 89' lang='lat' dir='ltr'><strong>de</strong></span> <span class='ocrx_word' id='word_1_131' title='bbox 1020 2208 1178 2272; x_wconf 75' lang='lat' dir='ltr'><strong>nobilitans</strong></span> <span class='ocrx_word' id='word_1_132' title='bbox 1192 2210 1282 2291; x_wconf 82' lang='lat' dir='ltr'><strong>repni</strong></span> <span class='ocrx_word' id='word_1_133' title='bbox 1296 2210 1361 2273; x_wconf 82' lang='lat' dir='ltr'><strong>iuna</strong></span> <span class='ocrx_word' id='word_1_134' title='bbox 1373 2230 1405 2274; x_wconf 85' lang='lat' dir='ltr'><strong>sc</strong></span> <span class='ocrx_word' id='word_1_135' title='bbox 1419 2211 1628 2294; x_wconf 71' lang='lat' dir='ltr'><strong>opposuerint,</strong></span> <span class='ocrx_word' id='word_1_136' title='bbox 1649 2211 1694 2275; x_wconf 80' lang='lat' dir='ltr'><strong>ad</strong></span> <span class='ocrx_word' id='word_1_137' title='bbox 1705 2213 1859 2292; x_wconf 81' lang='lat' dir='ltr'><strong>premium</strong></span> 
     </span>
    </p>
   </div>
   <div class='ocr_carea' id='block_1_9' title="bbox 200 2310 1858 2600">
    <p class='ocr_par' dir='ltr' id='par_1_9' title="bbox 200 2310 1858 2600">
     <span class='ocr_line' id='line_1_15' title="bbox 200 2310 1858 2399; baseline 0.002 -25"><span class='ocrx_word' id='word_1_138' title='bbox 200 2311 342 2374; x_wconf 86' lang='lat' dir='ltr'><strong>ecclesiae</strong></span> <span class='ocrx_word' id='word_1_139' title='bbox 364 2310 501 2387; x_wconf 84' lang='lat' dir='ltr'><strong>redeant,</strong></span> <span class='ocrx_word' id='word_1_140' title='bbox 523 2311 635 2375; x_wconf 86' lang='lat' dir='ltr'><strong>scituri</strong></span> <span class='ocrx_word' id='word_1_141' title='bbox 656 2330 688 2374; x_wconf 92' lang='lat' dir='ltr'><strong>se</strong></span> <span class='ocrx_word' id='word_1_142' title='bbox 709 2310 751 2374; x_wconf 86' lang='lat' dir='ltr'><strong>iis</strong></span> <span class='ocrx_word' id='word_1_143' title='bbox 773 2311 936 2375; x_wconf 84' lang='lat' dir='ltr'><strong>subuenire</strong></span> <span class='ocrx_word' id='word_1_144' title='bbox 951 2316 1105 2392; x_wconf 84' lang='lat' dir='ltr'><strong>paratam</strong></span> <span class='ocrx_word' id='word_1_145' title='bbox 1126 2312 1205 2376; x_wconf 83' lang='lat' dir='ltr'><strong>dnos</strong></span> <span class='ocrx_word' id='word_1_146' title='bbox 1227 2313 1350 2395; x_wconf 87' lang='lat' dir='ltr'><strong>lepatos,</strong></span> <span class='ocrx_word' id='word_1_147' title='bbox 1374 2314 1605 2399; x_wconf 82' lang='lat' dir='ltr'><strong>S[teptannm]</strong></span> <span class='ocrx_word' id='word_1_148' title='bbox 1620 2314 1707 2379; x_wconf 81' lang='lat' dir='ltr'><strong>titali</strong></span> <span class='ocrx_word' id='word_1_149' title='bbox 1721 2314 1858 2380; x_wconf 65' lang='lat' dir='ltr'><strong>&amp;rane</strong></span> 
     </span>
     <span class='ocr_line' id='line_1_16' title="bbox 201 2411 1858 2500; baseline 0.002 -24"><span class='ocrx_word' id='word_1_150' title='bbox 201 2413 332 2476; x_wconf 86' lang='lat' dir='ltr'><strong>Mariae</strong></span> <span class='ocrx_word' id='word_1_151' title='bbox 350 2411 577 2477; x_wconf 82' lang='lat' dir='ltr'><strong>Transtiberini</strong></span> <span class='ocrx_word' id='word_1_152' title='bbox 596 2413 810 2495; x_wconf 85' lang='lat' dir='ltr'><strong>presbyteram</strong></span> <span class='ocrx_word' id='word_1_153' title='bbox 832 2417 862 2477; x_wconf 92' lang='lat' dir='ltr'><strong>et</strong></span> <span class='ocrx_word' id='word_1_154' title='bbox 884 2413 1121 2500; x_wconf 81' lang='lat' dir='ltr'><strong>R[aynerinm]</strong></span> <span class='ocrx_word' id='word_1_155' title='bbox 1143 2415 1279 2480; x_wconf 84' lang='lat' dir='ltr'><strong>Sanctae</strong></span> <span class='ocrx_word' id='word_1_156' title='bbox 1295 2415 1426 2479; x_wconf 86' lang='lat' dir='ltr'><strong>Mariae</strong></span> <span class='ocrx_word' id='word_1_157' title='bbox 1447 2416 1484 2479; x_wconf 91' lang='lat' dir='ltr'><strong>in</strong></span> <span class='ocrx_word' id='word_1_158' title='bbox 1507 2415 1668 2481; x_wconf 81' lang='lat' dir='ltr'><strong>Cosnaidin</strong></span> <span class='ocrx_word' id='word_1_159' title='bbox 1689 2416 1858 2481; x_wconf 82' lang='lat' dir='ltr'><strong>diaconam</strong></span> 
     </span>
     <span class='ocr_line' id='line_1_17' title="bbox 201 2513 1771 2600; baseline 0.005 -20"><span class='ocrx_word' id='word_1_160' title='bbox 201 2513 388 2592; x_wconf 83' lang='lat' dir='ltr'><strong>cardinales,</strong></span> <span class='ocrx_word' id='word_1_161' title='bbox 404 2517 596 2598; x_wconf 87' lang='lat' dir='ltr'><strong>promotioni</strong></span> <span class='ocrx_word' id='word_1_162' title='bbox 618 2517 712 2580; x_wconf 83' lang='lat' dir='ltr'><strong>baias</strong></span> <span class='ocrx_word' id='word_1_163' title='bbox 734 2517 849 2597; x_wconf 66' lang='lat' dir='ltr'><strong>namatii</strong></span> <span class='ocrx_word' id='word_1_164' title='bbox 869 2517 1042 2598; x_wconf 82' lang='lat' dir='ltr'><strong>deputasse.</strong></span> <span class='ocrx_word' id='word_1_165' title='bbox 1500 2520 1594 2597; x_wconf 75' lang='lat'><strong>1246,</strong></span> <span class='ocrx_word' id='word_1_166' title='bbox 1617 2519 1699 2600; x_wconf 84' lang='lat' dir='ltr'><strong>Apr.</strong></span> <span class='ocrx_word' id='word_1_167' title='bbox 1715 2523 1771 2588; x_wconf 79' lang='lat'><strong>26.</strong></span> 
     </span>
    </p>
   </div>
   <div class='ocr_carea' id='block_1_10' title="bbox 306 2633 1723 2793">
    <p class='ocr_par' dir='ltr' id='par_1_10' title="bbox 306 2633 1723 2793">
     <span class='ocr_line' id='line_1_18' title="bbox 306 2633 1723 2708; baseline 0.003 -20"><span class='ocrx_word' id='word_1_168' title='bbox 306 2635 368 2688; x_wconf 86' lang='lat' dir='ltr'><strong>Ina.</strong></span> <span class='ocrx_word' id='word_1_169' title='bbox 381 2635 429 2689; x_wconf 89' lang='lat' dir='ltr'><strong>IV</strong></span> <span class='ocrx_word' id='word_1_170' title='bbox 443 2634 508 2704; x_wconf 75' lang='lat' dir='ltr'><strong>Rep.</strong></span> <span class='ocrx_word' id='word_1_171' title='bbox 527 2633 619 2702; x_wconf 60' lang='lat' dir='ltr'><strong>Voti</strong></span> <span class='ocrx_word' id='word_1_172' title='bbox 638 2641 701 2703; x_wconf 78' lang='lat'><strong>302,·</strong></span> <span class='ocrx_word' id='word_1_173' title='bbox 720 2635 854 2705; x_wconf 22' lang='lat' dir='ltr'><strong>Ian-111,</strong></span> <span class='ocrx_word' id='word_1_174' title='bbox 873 2652 927 2690; x_wconf 82' lang='lat' dir='ltr'><strong>arn.</strong></span> <span class='ocrx_word' id='word_1_175' title='bbox 942 2643 966 2691; x_wconf 83' lang='lat'><strong>8.</strong></span> <span class='ocrx_word' id='word_1_176' title='bbox 1003 2636 1112 2692; x_wconf 67' lang='lat' dir='ltr'><strong>Mnus</strong></span> <span class='ocrx_word' id='word_1_177' title='bbox 1130 2653 1164 2692; x_wconf 77' lang='lat' dir='ltr'><strong>aa</strong></span> <span class='ocrx_word' id='word_1_178' title='bbox 1182 2637 1274 2708; x_wconf 77' lang='lat' dir='ltr'><strong>Rapa.</strong></span> <span class='ocrx_word' id='word_1_179' title='bbox 1293 2639 1368 2691; x_wconf 79' lang='lat' dir='ltr'><strong>Ana.</strong></span> <span class='ocrx_word' id='word_1_180' title='bbox 1387 2639 1723 2706; x_wconf 75' lang='lat' dir='ltr'><strong>ecet.a.1246,§11-13.</strong></span> 
     </span>
     <span class='ocr_line' id='line_1_19' title="bbox 307 2722 832 2793; baseline 0.008 -18"><span class='ocrx_word' id='word_1_181' title='bbox 307 2722 438 2789; x_wconf 81' lang='lat' dir='ltr'><strong>Pettlrast,</strong></span> <span class='ocrx_word' id='word_1_182' title='bbox 459 2722 521 2791; x_wconf 83' lang='lat' dir='ltr'><strong>Rep.</strong></span> <span class='ocrx_word' id='word_1_183' title='bbox 536 2729 629 2786; x_wconf 76' lang='lat'><strong><em>120815</em></strong></span> <span class='ocrx_word' id='word_1_184' title='bbox 646 2723 832 2793; x_wconf 81' lang='lat' dir='ltr'><strong>Berper1973.</strong></span> 
     </span>
    </p>
   </div>
   <div class='ocr_carea' id='block_1_11' title="bbox 265 2936 1806 3151">
    <p class='ocr_par' dir='ltr' id='par_1_11' title="bbox 265 2936 1806 3151">
     <span class='ocr_line' id='line_1_20' title="bbox 373 2936 1688 3031; baseline 0.003 -23"><span class='ocrx_word' id='word_1_185' title='bbox 373 2936 672 3030; x_wconf 88' lang='lat' dir='ltr'><strong>Archiapisccpis</strong></span> <span class='ocrx_word' id='word_1_186' title='bbox 699 2944 734 3012; x_wconf 84' lang='lat' dir='ltr'><strong>et</strong></span> <span class='ocrx_word' id='word_1_187' title='bbox 763 2940 959 3031; x_wconf 79' lang='lat' dir='ltr'><strong>episcopie,</strong></span> <span class='ocrx_word' id='word_1_188' title='bbox 987 2938 1187 3014; x_wconf 86' lang='lat' dir='ltr'><strong>abbatibus</strong></span> <span class='ocrx_word' id='word_1_189' title='bbox 1215 2942 1271 3012; x_wconf 66' lang='lat' dir='ltr'><strong>et*</strong></span> <span class='ocrx_word' id='word_1_190' title='bbox 1297 2939 1496 3031; x_wconf 86' lang='lat' dir='ltr'><strong>prioribus,</strong></span> <span class='ocrx_word' id='word_1_191' title='bbox 1524 2939 1688 3030; x_wconf 76' lang='lat' dir='ltr'><strong>decania,</strong></span> 
     </span>
     <span class='ocr_line' id='line_1_21' title="bbox 265 3055 1806 3151; baseline 0.004 -23"><span class='ocrx_word' id='word_1_192' title='bbox 265 3055 533 3131; x_wconf 85' lang='lat' dir='ltr'><strong>archidiaconis</strong></span> <span class='ocrx_word' id='word_1_193' title='bbox 560 3063 597 3133; x_wconf 87' lang='lat' dir='ltr'><strong>et</strong></span> <span class='ocrx_word' id='word_1_194' title='bbox 624 3059 706 3133; x_wconf 89' lang='lat' dir='ltr'><strong>aliis</strong></span> <span class='ocrx_word' id='word_1_195' title='bbox 734 3059 973 3134; x_wconf 87' lang='lat' dir='ltr'><strong>ecelesiarum</strong></span> <span class='ocrx_word' id='word_1_196' title='bbox 1001 3059 1166 3151; x_wconf 68' lang='lat' dir='ltr'><strong>prelatis</strong></span> <span class='ocrx_word' id='word_1_197' title='bbox 1193 3059 1452 3134; x_wconf 83' lang='lat' dir='ltr'><strong>sanabilibus</strong></span> <span class='ocrx_word' id='word_1_198' title='bbox 1479 3059 1568 3133; x_wconf 89' lang='lat' dir='ltr'><strong>viris</strong></span> <span class='ocrx_word' id='word_1_199' title='bbox 1595 3059 1806 3150; x_wconf 71' lang='lat' dir='ltr'><strong>comitibus</strong></span> 
     </span>
    </p>
   </div>
   <div class='ocr_carea' id='block_1_12' title="bbox 334 3179 1727 3394">
    <p class='ocr_par' dir='ltr' id='par_1_12' title="bbox 334 3179 1727 3394">
     <span class='ocr_line' id='line_1_22' title="bbox 334 3179 1727 3274; baseline 0.001 -23"><span class='ocrx_word' id='word_1_200' title='bbox 334 3179 553 3270; x_wconf 74' lang='lat' dir='ltr'><strong>baronibus</strong></span> <span class='ocrx_word' id='word_1_201' title='bbox 581 3180 759 3255; x_wconf 83' lang='lat' dir='ltr'><strong>militibus</strong></span> <span class='ocrx_word' id='word_1_202' title='bbox 786 3185 822 3255; x_wconf 87' lang='lat' dir='ltr'><strong>et</strong></span> <span class='ocrx_word' id='word_1_203' title='bbox 848 3181 998 3274; x_wconf 89' lang='lat' dir='ltr'><strong>populis</strong></span> <span class='ocrx_word' id='word_1_204' title='bbox 1025 3181 1228 3269; x_wconf 82' lang='lat' dir='ltr'><strong>civitatum,</strong></span> <span class='ocrx_word' id='word_1_205' title='bbox 1256 3185 1467 3254; x_wconf 85' lang='lat' dir='ltr'><strong>castrorum</strong></span> <span class='ocrx_word' id='word_1_206' title='bbox 1495 3185 1532 3255; x_wconf 87' lang='lat' dir='ltr'><strong>et</strong></span> <span class='ocrx_word' id='word_1_207' title='bbox 1556 3180 1727 3253; x_wconf 90' lang='lat' dir='ltr'><strong>locorum</strong></span> 
     </span>
     <span class='ocr_line' id='line_1_23' title="bbox 705 3300 1357 3394; baseline -0.003 -17"><span class='ocrx_word' id='word_1_208' title='bbox 705 3322 772 3393; x_wconf 88' lang='lat' dir='ltr'><strong>per</strong></span> <span class='ocrx_word' id='word_1_209' title='bbox 798 3323 957 3394; x_wconf 82' lang='lat' dir='ltr'><strong>regnum</strong></span> <span class='ocrx_word' id='word_1_210' title='bbox 987 3300 1106 3376; x_wconf 89' lang='lat' dir='ltr'><strong>Sicilie</strong></span> <span class='ocrx_word' id='word_1_211' title='bbox 1134 3301 1357 3375; x_wconf 86' lang='lat' dir='ltr'><strong>constitutis.</strong></span> 
     </span>
    </p>
   </div>
   <div class='ocr_carea' id='block_1_13' title="bbox 203 3445 1860 5404">
    <p class='ocr_par' dir='ltr' id='par_1_13' title="bbox 203 3445 1860 5404">
     <span class='ocr_line' id='line_1_24' title="bbox 311 3445 1858 3516; baseline 0.002 -6"><span class='ocrx_word' id='word_1_212' title='bbox 311 3445 350 3511; x_wconf 94' lang='lat' dir='ltr'><strong>In</strong></span> <span class='ocrx_word' id='word_1_213' title='bbox 378 3469 508 3514; x_wconf 88' lang='lat' dir='ltr'><strong>omnem</strong></span> <span class='ocrx_word' id='word_1_214' title='bbox 539 3455 661 3515; x_wconf 90' lang='lat' dir='ltr'><strong>terram</strong></span> <span class='ocrx_word' id='word_1_215' title='bbox 684 3457 794 3516; x_wconf 89' lang='lat' dir='ltr'><strong>vestre</strong></span> <span class='ocrx_word' id='word_1_216' title='bbox 824 3472 923 3516; x_wconf 91' lang='lat' dir='ltr'><strong>sonus</strong></span> <span class='ocrx_word' id='word_1_217' title='bbox 950 3449 1171 3515; x_wconf 89' lang='lat' dir='ltr'><strong>tribulationis</strong></span> <span class='ocrx_word' id='word_1_218' title='bbox 1201 3451 1305 3516; x_wconf 83' lang='lat' dir='ltr'><strong>exivit</strong></span> <span class='ocrx_word' id='word_1_219' title='bbox 1328 3457 1361 3516; x_wconf 92' lang='lat' dir='ltr'><strong>et</strong></span> <span class='ocrx_word' id='word_1_220' title='bbox 1383 3452 1416 3515; x_wconf 90' lang='lat' dir='ltr'><strong>in</strong></span> <span class='ocrx_word' id='word_1_221' title='bbox 1439 3451 1521 3516; x_wconf 85' lang='lat' dir='ltr'><strong>fines</strong></span> <span class='ocrx_word' id='word_1_222' title='bbox 1545 3451 1635 3516; x_wconf 89' lang='lat' dir='ltr'><strong>orbis</strong></span> <span class='ocrx_word' id='word_1_223' title='bbox 1657 3455 1746 3515; x_wconf 86' lang='lat' dir='ltr'><strong>terra</strong></span> <span class='ocrx_word' id='word_1_224' title='bbox 1769 3470 1858 3514; x_wconf 89' lang='lat' dir='ltr'><strong>com·</strong></span> 
     </span>
     <span class='ocr_line' id='line_1_25' title="bbox 205 3551 1858 3641; baseline 0.001 -27"><span class='ocrx_word' id='word_1_225' title='bbox 205 3551 358 3636; x_wconf 89' lang='lat' dir='ltr'><strong>passione</strong></span> <span class='ocrx_word' id='word_1_226' title='bbox 381 3552 563 3637; x_wconf 83' lang='lat' dir='ltr'><strong>dignissimi</strong></span> <span class='ocrx_word' id='word_1_227' title='bbox 584 3556 685 3619; x_wconf 91' lang='lat' dir='ltr'><strong>vestri</strong></span> <span class='ocrx_word' id='word_1_228' title='bbox 708 3556 848 3640; x_wconf 85' lang='lat' dir='ltr'><strong>gemitus</strong></span> <span class='ocrx_word' id='word_1_229' title='bbox 871 3561 1111 3641; x_wconf 89' lang='lat' dir='ltr'><strong>processerunt,</strong></span> <span class='ocrx_word' id='word_1_230' title='bbox 1135 3555 1246 3620; x_wconf 91' lang='lat' dir='ltr'><strong>multis</strong></span> <span class='ocrx_word' id='word_1_231' title='bbox 1270 3576 1329 3641; x_wconf 93' lang='lat' dir='ltr'><strong>pro</strong></span> <span class='ocrx_word' id='word_1_232' title='bbox 1347 3555 1428 3619; x_wconf 92' lang='lat' dir='ltr'><strong>miro</strong></span> <span class='ocrx_word' id='word_1_233' title='bbox 1445 3554 1634 3621; x_wconf 90' lang='lat' dir='ltr'><strong>vehementi</strong></span> <span class='ocrx_word' id='word_1_234' title='bbox 1650 3552 1858 3631; x_wconf 89' lang='lat' dir='ltr'><strong>ducentibus,</strong></span> 
     </span>
     <span class='ocr_line' id='line_1_26' title="bbox 203 3652 1857 3745; baseline 0.001 -29"><span class='ocrx_word' id='word_1_235' title='bbox 203 3652 289 3736; x_wconf 92' lang='lat' dir='ltr'><strong>quod</strong></span> <span class='ocrx_word' id='word_1_236' title='bbox 317 3655 423 3739; x_wconf 91' lang='lat' dir='ltr'><strong>pressi</strong></span> <span class='ocrx_word' id='word_1_237' title='bbox 450 3663 517 3720; x_wconf 89' lang='lat' dir='ltr'><strong>tam</strong></span> <span class='ocrx_word' id='word_1_238' title='bbox 547 3657 616 3723; x_wconf 90' lang='lat' dir='ltr'><strong>dire</strong></span> <span class='ocrx_word' id='word_1_239' title='bbox 644 3659 811 3723; x_wconf 90' lang='lat' dir='ltr'><strong>servitutis</strong></span> <span class='ocrx_word' id='word_1_240' title='bbox 842 3659 1017 3745; x_wconf 91' lang='lat' dir='ltr'><strong>opprobrio</strong></span> <span class='ocrx_word' id='word_1_241' title='bbox 1046 3666 1079 3724; x_wconf 90' lang='lat' dir='ltr'><strong>et</strong></span> <span class='ocrx_word' id='word_1_242' title='bbox 1102 3678 1317 3744; x_wconf 90' lang='lat' dir='ltr'><strong>personarum</strong></span> <span class='ocrx_word' id='word_1_243' title='bbox 1340 3680 1378 3723; x_wconf 90' lang='lat' dir='ltr'><strong>ac</strong></span> <span class='ocrx_word' id='word_1_244' title='bbox 1402 3679 1513 3724; x_wconf 89' lang='lat' dir='ltr'><strong>rerum</strong></span> <span class='ocrx_word' id='word_1_245' title='bbox 1536 3657 1663 3742; x_wconf 91' lang='lat' dir='ltr'><strong>gravati</strong></span> <span class='ocrx_word' id='word_1_246' title='bbox 1687 3655 1857 3741; x_wconf 90' lang='lat' dir='ltr'><strong>multiplici</strong></span> 
     </span>
     <span class='ocr_line' id='line_1_27' title="bbox 205 3755 1858 3847; baseline 0.001 -27"><span class='ocrx_word' id='word_1_247' title='bbox 205 3755 400 3823; x_wconf 89' lang='lat' dir='ltr'><strong>detrimento</strong></span> <span class='ocrx_word' id='word_1_248' title='bbox 423 3760 636 3844; x_wconf 84' lang='lat' dir='ltr'><strong>neglexeritis</strong></span> <span class='ocrx_word' id='word_1_249' title='bbox 659 3760 781 3827; x_wconf 89' lang='lat' dir='ltr'><strong>habere</strong></span> <span class='ocrx_word' id='word_1_250' title='bbox 805 3763 986 3841; x_wconf 92' lang='lat' dir='ltr'><strong>consilium,</strong></span> <span class='ocrx_word' id='word_1_251' title='bbox 1011 3783 1069 3847; x_wconf 92' lang='lat' dir='ltr'><strong>per</strong></span> <span class='ocrx_word' id='word_1_252' title='bbox 1092 3761 1177 3847; x_wconf 93' lang='lat' dir='ltr'><strong>quod</strong></span> <span class='ocrx_word' id='word_1_253' title='bbox 1200 3762 1295 3827; x_wconf 90' lang='lat' dir='ltr'><strong>vobis</strong></span> <span class='ocrx_word' id='word_1_254' title='bbox 1320 3763 1406 3826; x_wconf 91' lang='lat' dir='ltr'><strong>sicut</strong></span> <span class='ocrx_word' id='word_1_255' title='bbox 1428 3761 1582 3846; x_wconf 89' lang='lat' dir='ltr'><strong>gentibus</strong></span> <span class='ocrx_word' id='word_1_256' title='bbox 1606 3761 1725 3825; x_wconf 91' lang='lat' dir='ltr'><strong>ceteris</strong></span> <span class='ocrx_word' id='word_1_257' title='bbox 1749 3759 1858 3844; x_wconf 89' lang='lat' dir='ltr'><strong>aliqua</strong></span> 
     </span>
     <span class='ocr_line' id='line_1_28' title="bbox 205 3861 1857 3954; baseline 0.003 -31"><span class='ocrx_word' id='word_1_258' title='bbox 205 3861 415 3945; x_wconf 89' lang='lat' dir='ltr'><strong>provenirent</strong></span> <span class='ocrx_word' id='word_1_259' title='bbox 437 3864 553 3928; x_wconf 89' lang='lat' dir='ltr'><strong>solatia</strong></span> <span class='ocrx_word' id='word_1_260' title='bbox 576 3866 749 3930; x_wconf 89' lang='lat' dir='ltr'><strong>libertatis.</strong></span> <span class='ocrx_word' id='word_1_261' title='bbox 784 3866 909 3931; x_wconf 91' lang='lat' dir='ltr'><strong>Verum</strong></span> <span class='ocrx_word' id='word_1_262' title='bbox 933 3888 1033 3953; x_wconf 89' lang='lat' dir='ltr'><strong>super</strong></span> <span class='ocrx_word' id='word_1_263' title='bbox 1055 3867 1118 3932; x_wconf 91' lang='lat' dir='ltr'><strong>hoc</strong></span> <span class='ocrx_word' id='word_1_264' title='bbox 1142 3866 1229 3954; x_wconf 92' lang='lat' dir='ltr'><strong>apud</strong></span> <span class='ocrx_word' id='word_1_265' title='bbox 1245 3865 1358 3932; x_wconf 90' lang='lat' dir='ltr'><strong>sedem</strong></span> <span class='ocrx_word' id='word_1_266' title='bbox 1375 3866 1588 3951; x_wconf 87' lang='lat' dir='ltr'><strong>apostolicam</strong></span> <span class='ocrx_word' id='word_1_267' title='bbox 1603 3885 1660 3928; x_wconf 85' lang='lat' dir='ltr'><strong>vos</strong></span> <span class='ocrx_word' id='word_1_268' title='bbox 1677 3868 1857 3929; x_wconf 85' lang='lat' dir='ltr'><strong>excusante</strong></span> 
     </span>
     <span class='ocr_line' id='line_1_29' title="bbox 204 3963 1858 4055; baseline 0.002 -29"><span class='ocrx_word' id='word_1_269' title='bbox 204 3963 393 4046; x_wconf 84' lang='lat' dir='ltr'><strong>formidine,</strong></span> <span class='ocrx_word' id='word_1_270' title='bbox 423 3986 486 4050; x_wconf 89' lang='lat' dir='ltr'><strong>que</strong></span> <span class='ocrx_word' id='word_1_271' title='bbox 515 3968 614 4033; x_wconf 87' lang='lat' dir='ltr'><strong>corda</strong></span> <span class='ocrx_word' id='word_1_272' title='bbox 641 3976 751 4034; x_wconf 91' lang='lat' dir='ltr'><strong>vestra</strong></span> <span class='ocrx_word' id='word_1_273' title='bbox 779 3972 839 4035; x_wconf 90' lang='lat' dir='ltr'><strong>sub</strong></span> <span class='ocrx_word' id='word_1_274' title='bbox 867 3970 1002 4036; x_wconf 92' lang='lat' dir='ltr'><strong>alterius</strong></span> <span class='ocrx_word' id='word_1_275' title='bbox 1026 3970 1166 4036; x_wconf 88' lang='lat' dir='ltr'><strong>Neronis</strong></span> <span class='ocrx_word' id='word_1_276' title='bbox 1190 3970 1361 4036; x_wconf 90' lang='lat' dir='ltr'><strong>videbatur</strong></span> <span class='ocrx_word' id='word_1_277' title='bbox 1390 3969 1532 4034; x_wconf 91' lang='lat' dir='ltr'><strong>dominio</strong></span> <span class='ocrx_word' id='word_1_278' title='bbox 1556 3966 1741 4055; x_wconf 88' lang='lat' dir='ltr'><strong>possidere,</strong></span> <span class='ocrx_word' id='word_1_279' title='bbox 1771 3966 1858 4032; x_wconf 90' lang='lat' dir='ltr'><strong>sedis</strong></span> 
     </span>
     <span class='ocr_line' id='line_1_30' title="bbox 205 4066 1859 4160; baseline 0.002 -29"><span class='ocrx_word' id='word_1_280' title='bbox 205 4066 354 4132; x_wconf 90' lang='lat' dir='ltr'><strong>eiusdem</strong></span> <span class='ocrx_word' id='word_1_281' title='bbox 377 4068 483 4154; x_wconf 88' lang='lat' dir='ltr'><strong>pietas</strong></span> <span class='ocrx_word' id='word_1_282' title='bbox 508 4093 587 4159; x_wconf 91' lang='lat' dir='ltr'><strong>sepe</strong></span> <span class='ocrx_word' id='word_1_283' title='bbox 611 4074 733 4151; x_wconf 88' lang='lat' dir='ltr'><strong>multis,</strong></span> <span class='ocrx_word' id='word_1_284' title='bbox 762 4095 824 4160; x_wconf 92' lang='lat' dir='ltr'><strong>que</strong></span> <span class='ocrx_word' id='word_1_285' title='bbox 849 4080 999 4140; x_wconf 90' lang='lat' dir='ltr'><strong>materna</strong></span> <span class='ocrx_word' id='word_1_286' title='bbox 1021 4096 1198 4160; x_wconf 89' lang='lat' dir='ltr'><strong>suggerere</strong></span> <span class='ocrx_word' id='word_1_287' title='bbox 1223 4075 1308 4139; x_wconf 90' lang='lat' dir='ltr'><strong>solet</strong></span> <span class='ocrx_word' id='word_1_288' title='bbox 1330 4074 1472 4153; x_wconf 67' lang='lat' dir='ltr'><strong>affeetu,</strong></span> <span class='ocrx_word' id='word_1_289' title='bbox 1500 4071 1628 4136; x_wconf 89' lang='lat' dir='ltr'><strong>vacavit</strong></span> <span class='ocrx_word' id='word_1_290' title='bbox 1649 4070 1802 4156; x_wconf 89' lang='lat' dir='ltr'><strong>ingeniis,</strong></span> <span class='ocrx_word' id='word_1_291' title='bbox 1825 4075 1859 4134; x_wconf 93' lang='lat' dir='ltr'><strong>ut</strong></span> 
     </span>
     <span class='ocr_line' id='line_1_31' title="bbox 205 4171 1859 4264; baseline 0.002 -31"><span class='ocrx_word' id='word_1_292' title='bbox 205 4191 264 4256; x_wconf 90' lang='lat' dir='ltr'><strong>per</strong></span> <span class='ocrx_word' id='word_1_293' title='bbox 296 4171 367 4235; x_wconf 91' lang='lat' dir='ltr'><strong>eius</strong></span> <span class='ocrx_word' id='word_1_294' title='bbox 400 4173 558 4239; x_wconf 87' lang='lat' dir='ltr'><strong>auxilium</strong></span> <span class='ocrx_word' id='word_1_295' title='bbox 582 4176 634 4241; x_wconf 91' lang='lat' dir='ltr'><strong>vel</strong></span> <span class='ocrx_word' id='word_1_296' title='bbox 663 4177 773 4262; x_wconf 88' lang='lat' dir='ltr'><strong>aliqua</strong></span> <span class='ocrx_word' id='word_1_297' title='bbox 803 4179 895 4242; x_wconf 92' lang='lat' dir='ltr'><strong>vobis</strong></span> <span class='ocrx_word' id='word_1_298' title='bbox 926 4200 1086 4264; x_wconf 89' lang='lat' dir='ltr'><strong>penarum</strong></span> <span class='ocrx_word' id='word_1_299' title='bbox 1113 4178 1263 4243; x_wconf 90' lang='lat' dir='ltr'><strong>remissio</strong></span> <span class='ocrx_word' id='word_1_300' title='bbox 1293 4177 1389 4242; x_wconf 91' lang='lat' dir='ltr'><strong>fieret</strong></span> <span class='ocrx_word' id='word_1_301' title='bbox 1414 4176 1466 4240; x_wconf 88' lang='lat' dir='ltr'><strong>vel</strong></span> <span class='ocrx_word' id='word_1_302' title='bbox 1494 4177 1591 4262; x_wconf 90' lang='lat' dir='ltr'><strong>plene</strong></span> <span class='ocrx_word' id='word_1_303' title='bbox 1621 4173 1859 4261; x_wconf 89' lang='lat' dir='ltr'><strong>redemptionis</strong></span> 
     </span>
     <span class='ocr_line' id='line_1_32' title="bbox 204 4274 1858 4368; baseline 0.002 -31"><span class='ocrx_word' id='word_1_304' title='bbox 204 4274 360 4358; x_wconf 90' lang='lat' dir='ltr'><strong>gaudium</strong></span> <span class='ocrx_word' id='word_1_305' title='bbox 388 4280 585 4362; x_wconf 89' lang='lat' dir='ltr'><strong>proveniret.</strong></span> <span class='ocrx_word' id='word_1_306' title='bbox 631 4280 769 4366; x_wconf 90' lang='lat' dir='ltr'><strong>Propter</strong></span> <span class='ocrx_word' id='word_1_307' title='bbox 794 4281 856 4346; x_wconf 92' lang='lat' dir='ltr'><strong>hoe</strong></span> <span class='ocrx_word' id='word_1_308' title='bbox 880 4283 968 4346; x_wconf 92' lang='lat' dir='ltr'><strong>enim</strong></span> <span class='ocrx_word' id='word_1_309' title='bbox 992 4283 1045 4368; x_wconf 93' lang='lat' dir='ltr'><strong>pie</strong></span> <span class='ocrx_word' id='word_1_310' title='bbox 1068 4282 1303 4347; x_wconf 89' lang='lat' dir='ltr'><strong>recordationis</strong></span> <span class='ocrx_word' id='word_1_311' title='bbox 1327 4279 1508 4365; x_wconf 83' lang='lat' dir='ltr'><strong>Gregorius</strong></span> <span class='ocrx_word' id='word_1_312' title='bbox 1533 4299 1618 4365; x_wconf 88' lang='lat' dir='ltr'><strong>papa</strong></span> <span class='ocrx_word' id='word_1_313' title='bbox 1640 4277 1858 4364; x_wconf 84' lang='lat' dir='ltr'><strong>predecessor</strong></span> 
     </span>
     <span class='ocr_line' id='line_1_33' title="bbox 205 4382 1858 4472; baseline 0.002 -31"><span class='ocrx_word' id='word_1_314' title='bbox 205 4384 317 4444; x_wconf 90' lang='lat' dir='ltr'><strong>noster</strong></span> <span class='ocrx_word' id='word_1_315' title='bbox 339 4383 507 4466; x_wconf 85' lang='lat' dir='ltr'><strong>angustias</strong></span> <span class='ocrx_word' id='word_1_316' title='bbox 531 4384 637 4449; x_wconf 93' lang='lat' dir='ltr'><strong>cordis</strong></span> <span class='ocrx_word' id='word_1_317' title='bbox 662 4387 807 4471; x_wconf 89' lang='lat' dir='ltr'><strong>pertulit,</strong></span> <span class='ocrx_word' id='word_1_318' title='bbox 830 4407 999 4472; x_wconf 90' lang='lat' dir='ltr'><strong>quousque</strong></span> <span class='ocrx_word' id='word_1_319' title='bbox 1022 4387 1211 4472; x_wconf 88' lang='lat' dir='ltr'><strong>temporalis</strong></span> <span class='ocrx_word' id='word_1_320' title='bbox 1233 4387 1299 4451; x_wconf 89' lang='lat' dir='ltr'><strong>vite</strong></span> <span class='ocrx_word' id='word_1_321' title='bbox 1324 4385 1463 4472; x_wconf 91' lang='lat' dir='ltr'><strong>spatium</strong></span> <span class='ocrx_word' id='word_1_322' title='bbox 1481 4382 1701 4468; x_wconf 80' lang='lat' dir='ltr'><strong>pertransivit,</strong></span> <span class='ocrx_word' id='word_1_323' title='bbox 1723 4386 1858 4468; x_wconf 88' lang='lat' dir='ltr'><strong>propter</strong></span> 
     </span>
     <span class='ocr_line' id='line_1_34' title="bbox 205 4480 1858 4574; baseline 0.001 -29"><span class='ocrx_word' id='word_1_324' title='bbox 205 4480 266 4547; x_wconf 90' lang='lat' dir='ltr'><strong>hoc</strong></span> <span class='ocrx_word' id='word_1_325' title='bbox 291 4485 391 4550; x_wconf 90' lang='lat' dir='ltr'><strong>etiam</strong></span> <span class='ocrx_word' id='word_1_326' title='bbox 414 4508 473 4551; x_wconf 92' lang='lat' dir='ltr'><strong>nos</strong></span> <span class='ocrx_word' id='word_1_327' title='bbox 497 4488 570 4572; x_wconf 93' lang='lat' dir='ltr'><strong>ipsi,</strong></span> <span class='ocrx_word' id='word_1_328' title='bbox 595 4487 701 4553; x_wconf 94' lang='lat' dir='ltr'><strong>adhuc</strong></span> <span class='ocrx_word' id='word_1_329' title='bbox 725 4491 757 4553; x_wconf 94' lang='lat' dir='ltr'><strong>in</strong></span> <span class='ocrx_word' id='word_1_330' title='bbox 780 4490 897 4554; x_wconf 91' lang='lat' dir='ltr'><strong>minori</strong></span> <span class='ocrx_word' id='word_1_331' title='bbox 919 4496 1090 4555; x_wconf 89' lang='lat' dir='ltr'><strong>manentes</strong></span> <span class='ocrx_word' id='word_1_332' title='bbox 1114 4489 1221 4554; x_wconf 83' lang='lat' dir='ltr'><strong>officio</strong></span> <span class='ocrx_word' id='word_1_333' title='bbox 1239 4497 1272 4554; x_wconf 89' lang='lat' dir='ltr'><strong>et</strong></span> <span class='ocrx_word' id='word_1_334' title='bbox 1288 4496 1460 4574; x_wconf 90' lang='lat' dir='ltr'><strong>postquam</strong></span> <span class='ocrx_word' id='word_1_335' title='bbox 1477 4487 1553 4550; x_wconf 91' lang='lat' dir='ltr'><strong>licet</strong></span> <span class='ocrx_word' id='word_1_336' title='bbox 1567 4485 1722 4548; x_wconf 89' lang='lat' dir='ltr'><strong>immeriti</strong></span> <span class='ocrx_word' id='word_1_337' title='bbox 1738 4484 1858 4548; x_wconf 84' lang='lat' dir='ltr'><strong>luimus</strong></span> 
     </span>
     <span class='ocr_line' id='line_1_35' title="bbox 205 4587 1858 4680; baseline 0 -30"><span class='ocrx_word' id='word_1_338' title='bbox 205 4587 237 4651; x_wconf 94' lang='lat' dir='ltr'><strong>in</strong></span> <span class='ocrx_word' id='word_1_339' title='bbox 268 4596 432 4672; x_wconf 89' lang='lat' dir='ltr'><strong>pastorem</strong></span> <span class='ocrx_word' id='word_1_340' title='bbox 461 4592 601 4655; x_wconf 89' lang='lat' dir='ltr'><strong>ecclesie</strong></span> <span class='ocrx_word' id='word_1_341' title='bbox 627 4592 791 4676; x_wconf 85' lang='lat' dir='ltr'><strong>generalis</strong></span> <span class='ocrx_word' id='word_1_342' title='bbox 820 4594 992 4677; x_wconf 88' lang='lat' dir='ltr'><strong>assumpti,</strong></span> <span class='ocrx_word' id='word_1_343' title='bbox 1025 4593 1186 4680; x_wconf 86' lang='lat' dir='ltr'><strong>profunda</strong></span> <span class='ocrx_word' id='word_1_344' title='bbox 1214 4592 1381 4657; x_wconf 85' lang='lat' dir='ltr'><strong>fundimus</strong></span> <span class='ocrx_word' id='word_1_345' title='bbox 1404 4597 1437 4654; x_wconf 92' lang='lat' dir='ltr'><strong>et</strong></span> <span class='ocrx_word' id='word_1_346' title='bbox 1460 4611 1571 4655; x_wconf 89' lang='lat' dir='ltr'><strong>amara</strong></span> <span class='ocrx_word' id='word_1_347' title='bbox 1592 4588 1748 4673; x_wconf 90' lang='lat' dir='ltr'><strong>suspiria,</strong></span> <span class='ocrx_word' id='word_1_348' title='bbox 1777 4606 1858 4650; x_wconf 90' lang='lat' dir='ltr'><strong>voce</strong></span> 
     </span>
     <span class='ocr_line' id='line_1_36' title="bbox 205 4690 1859 4781; baseline 0.001 -28"><span class='ocrx_word' id='word_1_349' title='bbox 205 4690 312 4754; x_wconf 88' lang='lat' dir='ltr'><strong>cerdis</strong></span> <span class='ocrx_word' id='word_1_350' title='bbox 336 4692 516 4758; x_wconf 90' lang='lat' dir='ltr'><strong>clamantes</strong></span> <span class='ocrx_word' id='word_1_351' title='bbox 541 4694 582 4759; x_wconf 92' lang='lat' dir='ltr'><strong>ad</strong></span> <span class='ocrx_word' id='word_1_352' title='bbox 600 4694 786 4773; x_wconf 92' lang='lat' dir='ltr'><strong>Dominum,</strong></span> <span class='ocrx_word' id='word_1_353' title='bbox 811 4696 898 4781; x_wconf 91' lang='lat' dir='ltr'><strong>quod</strong></span> <span class='ocrx_word' id='word_1_354' title='bbox 913 4718 972 4761; x_wconf 91' lang='lat' dir='ltr'><strong>vos</strong></span> <span class='ocrx_word' id='word_1_355' title='bbox 996 4697 1028 4761; x_wconf 92' lang='lat' dir='ltr'><strong>in</strong></span> <span class='ocrx_word' id='word_1_356' title='bbox 1044 4698 1157 4761; x_wconf 89' lang='lat' dir='ltr'><strong>diebus</strong></span> <span class='ocrx_word' id='word_1_357' title='bbox 1173 4698 1293 4762; x_wconf 91' lang='lat' dir='ltr'><strong>nostris</strong></span> <span class='ocrx_word' id='word_1_358' title='bbox 1310 4695 1484 4781; x_wconf 88' lang='lat' dir='ltr'><strong>dignanter</strong></span> <span class='ocrx_word' id='word_1_359' title='bbox 1500 4693 1648 4759; x_wconf 84' lang='lat' dir='ltr'><strong>efficeret</strong></span> <span class='ocrx_word' id='word_1_360' title='bbox 1663 4691 1705 4756; x_wconf 92' lang='lat' dir='ltr'><strong>de</strong></span> <span class='ocrx_word' id='word_1_361' title='bbox 1722 4710 1859 4754; x_wconf 90' lang='lat' dir='ltr'><strong>numero</strong></span> 
     </span>
     <span class='ocr_line' id='line_1_37' title="bbox 203 4795 1859 4885; baseline 0.001 -28"><span class='ocrx_word' id='word_1_362' title='bbox 203 4795 391 4861; x_wconf 90' lang='lat' dir='ltr'><strong>liberorum.</strong></span> <span class='ocrx_word' id='word_1_363' title='bbox 437 4795 520 4862; x_wconf 82' lang='lat' dir='ltr'><strong>Cum</strong></span> <span class='ocrx_word' id='word_1_364' title='bbox 544 4807 652 4864; x_wconf 92' lang='lat' dir='ltr'><strong>autem</strong></span> <span class='ocrx_word' id='word_1_365' title='bbox 676 4800 771 4865; x_wconf 91' lang='lat' dir='ltr'><strong>nimis</strong></span> <span class='ocrx_word' id='word_1_366' title='bbox 795 4801 828 4864; x_wconf 93' lang='lat' dir='ltr'><strong>in</strong></span> <span class='ocrx_word' id='word_1_367' title='bbox 852 4802 986 4885; x_wconf 91' lang='lat' dir='ltr'><strong>longum</strong></span> <span class='ocrx_word' id='word_1_368' title='bbox 1009 4801 1103 4866; x_wconf 91' lang='lat' dir='ltr'><strong>fieret</strong></span> <span class='ocrx_word' id='word_1_369' title='bbox 1126 4800 1281 4867; x_wconf 89' lang='lat' dir='ltr'><strong>desiderii</strong></span> <span class='ocrx_word' id='word_1_370' title='bbox 1304 4798 1406 4863; x_wconf 91' lang='lat' dir='ltr'><strong>nostri</strong></span> <span class='ocrx_word' id='word_1_371' title='bbox 1430 4796 1612 4883; x_wconf 89' lang='lat' dir='ltr'><strong>protensio,</strong></span> <span class='ocrx_word' id='word_1_372' title='bbox 1642 4801 1678 4860; x_wconf 92' lang='lat' dir='ltr'><strong>ut</strong></span> <span class='ocrx_word' id='word_1_373' title='bbox 1708 4795 1859 4861; x_wconf 86' lang='lat' dir='ltr'><strong>minister</strong></span> 
     </span>
     <span class='ocr_line' id='line_1_38' title="bbox 205 4897 1858 4988; baseline 0.001 -27"><span class='ocrx_word' id='word_1_374' title='bbox 205 4898 334 4962; x_wconf 84' lang='lat' dir='ltr'><strong>fallacie</strong></span> <span class='ocrx_word' id='word_1_375' title='bbox 357 4897 555 4981; x_wconf 83' lang='lat' dir='ltr'><strong>Friderieus,</strong></span> <span class='ocrx_word' id='word_1_376' title='bbox 585 4903 733 4967; x_wconf 89' lang='lat' dir='ltr'><strong>turbator</strong></span> <span class='ocrx_word' id='word_1_377' title='bbox 757 4904 870 4982; x_wconf 89' lang='lat' dir='ltr'><strong>seculi,</strong></span> <span class='ocrx_word' id='word_1_378' title='bbox 894 4903 970 4967; x_wconf 87' lang='lat' dir='ltr'><strong>fidei</strong></span> <span class='ocrx_word' id='word_1_379' title='bbox 994 4902 1181 4969; x_wconf 82' lang='lat' dir='ltr'><strong>Christiane</strong></span> <span class='ocrx_word' id='word_1_380' title='bbox 1205 4908 1420 4988; x_wconf 89' lang='lat' dir='ltr'><strong>contemptor,</strong></span> <span class='ocrx_word' id='word_1_381' title='bbox 1444 4906 1635 4986; x_wconf 90' lang='lat' dir='ltr'><strong>persecutor</strong></span> <span class='ocrx_word' id='word_1_382' title='bbox 1657 4899 1800 4964; x_wconf 92' lang='lat' dir='ltr'><strong>ecclesie</strong></span> <span class='ocrx_word' id='word_1_383' title='bbox 1824 4904 1858 4963; x_wconf 87' lang='lat' dir='ltr'><strong>et</strong></span> 
     </span>
     <span class='ocr_line' id='line_1_39' title="bbox 204 5000 1858 5092; baseline -0.001 -26"><span class='ocrx_word' id='word_1_384' title='bbox 204 5002 398 5068; x_wconf 89' lang='lat' dir='ltr'><strong>humilitatis</strong></span> <span class='ocrx_word' id='word_1_385' title='bbox 423 5010 532 5069; x_wconf 88' lang='lat' dir='ltr'><strong>vestro</strong></span> <span class='ocrx_word' id='word_1_386' title='bbox 556 5005 730 5090; x_wconf 90' lang='lat' dir='ltr'><strong>depressor</strong></span> <span class='ocrx_word' id='word_1_387' title='bbox 753 5006 921 5085; x_wconf 87' lang='lat' dir='ltr'><strong>assiduus,</strong></span> <span class='ocrx_word' id='word_1_388' title='bbox 945 5029 965 5072; x_wconf 88' lang='lat' dir='ltr'><strong>a</strong></span> <span class='ocrx_word' id='word_1_389' title='bbox 988 5008 1084 5072; x_wconf 89' lang='lat' dir='ltr'><strong>solite</strong></span> <span class='ocrx_word' id='word_1_390' title='bbox 1108 5007 1333 5092; x_wconf 87' lang='lat' dir='ltr'><strong>perversitatis</strong></span> <span class='ocrx_word' id='word_1_391' title='bbox 1356 5004 1510 5091; x_wconf 89' lang='lat' dir='ltr'><strong>operibus</strong></span> <span class='ocrx_word' id='word_1_392' title='bbox 1533 5005 1628 5067; x_wconf 89' lang='lat' dir='ltr'><strong>fieret</strong></span> <span class='ocrx_word' id='word_1_393' title='bbox 1650 5002 1792 5081; x_wconf 82' lang='lat' dir='ltr'><strong>abenas,</strong></span> <span class='ocrx_word' id='word_1_394' title='bbox 1815 5000 1858 5065; x_wconf 86' lang='lat' dir='ltr'><strong>ad</strong></span> 
     </span>
     <span class='ocr_line' id='line_1_40' title="bbox 205 5106 1857 5198; baseline 0 -28"><span class='ocrx_word' id='word_1_395' title='bbox 205 5113 330 5172; x_wconf 89' lang='lat' dir='ltr'><strong>remota</strong></span> <span class='ocrx_word' id='word_1_396' title='bbox 356 5109 427 5173; x_wconf 90' lang='lat' dir='ltr'><strong>loca</strong></span> <span class='ocrx_word' id='word_1_397' title='bbox 454 5109 514 5174; x_wconf 90' lang='lat' dir='ltr'><strong>sub</strong></span> <span class='ocrx_word' id='word_1_398' title='bbox 542 5109 691 5174; x_wconf 89' lang='lat' dir='ltr'><strong>laborum</strong></span> <span class='ocrx_word' id='word_1_399' title='bbox 721 5116 754 5175; x_wconf 94' lang='lat' dir='ltr'><strong>et</strong></span> <span class='ocrx_word' id='word_1_400' title='bbox 783 5109 931 5175; x_wconf 90' lang='lat' dir='ltr'><strong>dolorum</strong></span> <span class='ocrx_word' id='word_1_401' title='bbox 963 5112 1169 5198; x_wconf 89' lang='lat' dir='ltr'><strong>experientia</strong></span> <span class='ocrx_word' id='word_1_402' title='bbox 1191 5109 1386 5197; x_wconf 68' lang='lat' dir='ltr'><strong>plurimuml’</strong></span> <span class='ocrx_word' id='word_1_403' title='bbox 1410 5108 1569 5193; x_wconf 88' lang='lat' dir='ltr'><strong>elegimus</strong></span> <span class='ocrx_word' id='word_1_404' title='bbox 1594 5106 1771 5193; x_wconf 88' lang='lat' dir='ltr'><strong>proficisci,</strong></span> <span class='ocrx_word' id='word_1_405' title='bbox 1800 5106 1857 5171; x_wconf 93' lang='lat' dir='ltr'><strong>ubi</strong></span> 
     </span>
     <span class='ocr_line' id='line_1_41' title="bbox 204 5209 1860 5300; baseline 0 -26"><span class='ocrx_word' id='word_1_406' title='bbox 204 5218 281 5296; x_wconf 92' lang='lat' dir='ltr'><strong>post</strong></span> <span class='ocrx_word' id='word_1_407' title='bbox 314 5213 552 5298; x_wconf 89' lang='lat' dir='ltr'><strong>expectationis</strong></span> <span class='ocrx_word' id='word_1_408' title='bbox 591 5214 690 5299; x_wconf 88' lang='lat' dir='ltr'><strong>longe</strong></span> <span class='ocrx_word' id='word_1_409' title='bbox 727 5213 817 5279; x_wconf 90' lang='lat' dir='ltr'><strong>tedia</strong></span> <span class='ocrx_word' id='word_1_410' title='bbox 859 5220 1111 5299; x_wconf 87' lang='lat' dir='ltr'><strong>cognoscentes,</strong></span> <span class='ocrx_word' id='word_1_411' title='bbox 1152 5215 1238 5300; x_wconf 91' lang='lat' dir='ltr'><strong>quod</strong></span> <span class='ocrx_word' id='word_1_412' title='bbox 1279 5213 1386 5278; x_wconf 90' lang='lat' dir='ltr'><strong>dictus</strong></span> <span class='ocrx_word' id='word_1_413' title='bbox 1426 5216 1619 5298; x_wconf 87' lang='lat' dir='ltr'><strong>persecutor</strong></span> <span class='ocrx_word' id='word_1_414' title='bbox 1655 5209 1716 5275; x_wconf 93' lang='lat' dir='ltr'><strong>hoc</strong></span> <span class='ocrx_word' id='word_1_415' title='bbox 1752 5209 1860 5275; x_wconf 89' lang='lat' dir='ltr'><strong>solum</strong></span> 
     </span>
     <span class='ocr_line' id='line_1_42' title="bbox 206 5312 1858 5404; baseline -0.001 -26"><span class='ocrx_word' id='word_1_416' title='bbox 206 5316 408 5399; x_wconf 87' lang='lat' dir='ltr'><strong>exquireret,</strong></span> <span class='ocrx_word' id='word_1_417' title='bbox 438 5323 474 5380; x_wconf 94' lang='lat' dir='ltr'><strong>ut</strong></span> <span class='ocrx_word' id='word_1_418' title='bbox 505 5317 632 5383; x_wconf 90' lang='lat' dir='ltr'><strong>deleret</strong></span> <span class='ocrx_word' id='word_1_419' title='bbox 655 5317 830 5382; x_wconf 90' lang='lat' dir='ltr'><strong>ecclesiam</strong></span> <span class='ocrx_word' id='word_1_420' title='bbox 853 5318 906 5381; x_wconf 91' lang='lat' dir='ltr'><strong>vel</strong></span> <span class='ocrx_word' id='word_1_421' title='bbox 929 5318 1036 5404; x_wconf 89' lang='lat' dir='ltr'><strong>ipsam</strong></span> <span class='ocrx_word' id='word_1_422' title='bbox 1061 5340 1134 5383; x_wconf 90' lang='lat' dir='ltr'><strong>cum</strong></span> <span class='ocrx_word' id='word_1_423' title='bbox 1159 5319 1228 5382; x_wconf 90' lang='lat' dir='ltr'><strong>eius</strong></span> <span class='ocrx_word' id='word_1_424' title='bbox 1252 5319 1327 5382; x_wconf 91' lang='lat' dir='ltr'><strong>filiis</strong></span> <span class='ocrx_word' id='word_1_425' title='bbox 1351 5316 1518 5381; x_wconf 91' lang='lat' dir='ltr'><strong>astrictam</strong></span> <span class='ocrx_word' id='word_1_426' title='bbox 1540 5312 1692 5379; x_wconf 90' lang='lat' dir='ltr'><strong>redderet</strong></span> <span class='ocrx_word' id='word_1_427' title='bbox 1713 5313 1858 5378; x_wconf 88' lang='lat' dir='ltr'><strong>necessi·</strong></span> 
     </span>
    </p>
   </div>
   <div class='ocr_carea' id='block_1_14' title="bbox 306 5625 991 5698">
    <p class='ocr_par' dir='ltr' id='par_1_14' title="bbox 306 5625 991 5698">
     <span class='ocr_line' id='line_1_43' title="bbox 306 5625 991 5698; baseline 0.007 -21"><span class='ocrx_word' id='word_1_428' title='bbox 306 5625 331 5693; x_wconf 82' lang='lat'><strong>⁸)</strong></span> <span class='ocrx_word' id='word_1_429' title='bbox 344 5626 391 5688; x_wconf 92' lang='lat' dir='ltr'><strong>B.,·</strong></span> <span class='ocrx_word' id='word_1_430' title='bbox 408 5636 435 5680; x_wconf 88' lang='lat' dir='ltr'><strong>ct</strong></span> <span class='ocrx_word' id='word_1_431' title='bbox 452 5628 519 5682; x_wconf 75' lang='lat' dir='ltr'><strong>deest</strong></span> <span class='ocrx_word' id='word_1_432' title='bbox 531 5629 616 5697; x_wconf 70' lang='lat' dir='ltr'><strong>noya</strong></span> <span class='ocrx_word' id='word_1_433' title='bbox 705 5630 731 5698; x_wconf 81' lang='lat' dir='ltr'><strong>b)</strong></span> <span class='ocrx_word' id='word_1_434' title='bbox 750 5646 787 5682; x_wconf 90' lang='lat' dir='ltr'><strong>an</strong></span> <span class='ocrx_word' id='word_1_435' title='bbox 804 5628 991 5696; x_wconf 72' lang='lat' dir='ltr'><strong>plurimorum?</strong></span> 
     </span>
    </p>
   </div>
   <div class='ocr_carea' id='block_1_15' title="bbox 1904 3893 1926 3932">
    <p class='ocr_par' dir='ltr' id='par_1_15' title="bbox 1904 3893 1926 3932">
     <span class='ocr_line' id='line_1_44' title="bbox 1904 3893 1926 3932; baseline -0.136 0"><span class='ocrx_word' id='word_1_436' title='bbox 1904 3893 1926 3932; x_wconf 70' lang='lat'><strong>25</strong></span> 
     </span>
    </p>
   </div>
   <div class='ocr_carea' id='block_1_16' title="bbox 1905 4410 1929 4448">
    <p class='ocr_par' dir='ltr' id='par_1_16' title="bbox 1905 4410 1929 4448">
     <span class='ocr_line' id='line_1_45' title="bbox 1905 4410 1929 4448; baseline 0 0"><span class='ocrx_word' id='word_1_437' title='bbox 1905 4410 1929 4448; x_wconf 76' lang='grc'><strong>30</strong></span> 
     </span>
    </p>
   </div>
   <div class='ocr_carea' id='block_1_17' title="bbox 1907 4928 1930 4966">
    <p class='ocr_par' dir='ltr' id='par_1_17' title="bbox 1907 4928 1930 4966">
     <span class='ocr_line' id='line_1_46' title="bbox 1907 4928 1930 4966; baseline 0 0"><span class='ocrx_word' id='word_1_438' title='bbox 1907 4928 1930 4966; x_wconf 69' lang='grc'><strong>85</strong></span> 
     </span>
    </p>
   </div>
   <div class='ocr_carea' id='block_1_18' title="bbox 0 0 2168 6228">
    <p class='ocr_par' dir='ltr' id='par_1_18' title="bbox 0 0 2168 6228">
     <span class='ocr_line' id='line_1_47' title="bbox 0 0 2168 6228; baseline 0 0"><span class='ocrx_word' id='word_1_439' title='bbox 0 0 2168 6228; x_wconf 95' lang='lat' dir='ltr'><strong> </strong></span> 
     </span>
    </p>
   </div>
  </div>
 </body>
</html>
