4790 6340
209 5579 232 5616 ln

839 427 1040 483 seleucum
1057 427 1247 483 sunnonis.
1284 428 1358 484 1247.
1859 435 1919 496 271

270 596 399 680 legatus,
421 601 559 662 metrum
581 598 619 664 de
643 599 883 676 eumenen,
910 599 954 664 ed
978 600 1063 684 ipses
1080 601 1258 681 pertinens,
1288 623 1328 666 en
1349 603 1537 684 quibusdem
1560 601 1661 687 firlsis
1681 603 1928 686 minoribus

271 701 429 766 custodiae
450 701 586 768 chrici
614 702 652 768 de
677 701 849 768 Adoooetis
877 703 955 768 civis
991 703 1194 770 Vercelleusis
1222 705 1398 786 nunant,
1429 706 1554 772 nulium
1585 705 1665 790 ipsis
1693 706 1928 786 prenudicinru

270 807 445 885 neander.
1563 810 1658 886 1247,
1678 807 1764 873 Mei.
1788 813 1840 876 18.

374 924 1772 1066 germineiounnmescmnumeeaaumecuuorauau
1869 928 1871 932 ·

427 1018 566 1081 meses.

300 1229 341 1250 ..
369 1174 526 1249 abbati
552 1179 592 1249 et
623 1177 871 1251 couventui
902 1175 1169 1251 monasterii
1195 1176 1351 1251 Sancti
1379 1175 1557 1252 Andros
1582 1174 1901 1250 vercellensis.

383 1323 437 1388 Ex
459 1331 552 1411 parte
577 1331 687 1393 vestra
708 1325 822 1412 petitio
846 1326 940 1391 nobis
957 1325 1105 1392 exhibita
1121 1326 1320 1408 continebat,
1345 1327 1430 1413 quod
1454 1327 1531 1393 olim
1556 1327 1696 1391 dilectus
1719 1325 1806 1390 filius
1824 1325 1864 1390 G.
1887 1325 1928 1389 de

273 1428 497 1513 Montelongo,
522 1428 743 1494 subdiaconus
767 1435 802 1494 ct
817 1429 962 1494 notarius
978 1434 1101 1511 noster,
1124 1430 1305 1517 apostolice
1330 1431 1418 1497 sedis
1441 1435 1582 1517 legatus,
1607 1436 1751 1496 castrum
1774 1429 1816 1494 de
1839 1429 1927 1494 Con-

275 1533 465 1611 stannana1,
489 1533 531 1598 ad
554 1556 611 1598 vos
633 1535 802 1620 pertinens
825 1535 923 1621 pleno
946 1534 1032 1613 iure,
1064 1533 1148 1620 quod
1178 1541 1256 1598 tunc
1279 1535 1436 1621 temporis
1466 1535 1507 1601 ad
1532 1535 1725 1621 petitionem
1748 1533 1928 1600 communis

275 1637 500 1703 vercellensis
524 1639 627 1725 ipsius
650 1637 810 1704 duxeritis
834 1638 983 1704 custodie
1008 1636 1288 1718 committendum,
1311 1638 1430 1703 nobilis
1453 1639 1514 1703 viri
1528 1638 1665 1704 Henrioi
1688 1638 1729 1704 de
1747 1637 1928 1702 Advocatio

272 1743 352 1806 civis
381 1741 625 1822 vercellensis,
651 1742 737 1807 falso
766 1743 975 1827 suggerentis
1008 1741 1116 1806 eidem
1142 1741 1229 1827 quod
1257 1741 1422 1828 quondam
1449 1741 1488 1806 T.
1518 1741 1735 1828 predecessor
1763 1747 1854 1820 tuus,
1884 1739 1929 1804 iili

274 1843 393 1926 abbas,
424 1867 461 1910 se
493 1844 534 1910 ad
557 1846 698 1912 ecclesie
722 1851 930 1912 converterat
952 1845 1103 1910 inimicos
1135 1851 1169 1910 et
1191 1845 1279 1932 quod
1302 1845 1387 1910 idem
1411 1853 1556 1911 castrum
1578 1844 1620 1910 ad
1644 1845 1799 1910 abbatem
1822 1844 1928 1929 ipsum

275 1950 374 2035 pleno
398 1949 468 2014 iure
493 1948 675 2035 spectabat,
697 1949 827 2014 traditis
850 1950 914 2014 sibi
937 1949 1031 2015 bouis
1047 1949 1210 2030 omnibus,
1234 1971 1297 2036 que
1321 1956 1400 2015 tunc
1414 1950 1571 2037 temporis
1592 1947 1765 2013 habebatis
1788 1946 1822 2010 in
1845 1947 1929 2033 ipso,

276 2051 426 2117 custodie
441 2051 623 2138 deputavit,
637 2074 761 2139 nosque
777 2052 997 2140 postmodum,
1020 2053 1107 2140 quod
1132 2075 1231 2140 super
1252 2054 1314 2119 heo
1337 2054 1511 2120 abeodem
1527 2055 1638 2138 legato
1660 2051 1782 2116 iactum
1806 2050 1928 2130 extitit,

277 2155 529 2222 confirmationis
553 2163 664 2223 nostre
687 2158 808 2245 pagina
823 2156 1041 2223 roborandum
1064 2157 1228 2240 dommus,
1251 2158 1293 2224 ad
1310 2159 1586 2245 supplicationem
1603 2155 1726 2222 nobilis
1750 2151 1930 2239 supradicti

274 2258 395 2324 dilecto
424 2259 491 2324 filio
520 2310 553 2327 ..
586 2261 692 2326 electo
721 2259 941 2326 Taurinensi²
974 2262 1038 2348 ipsi
1074 2261 1176 2327 nobili
1204 2267 1437 2328 conservatore
1473 2281 1640 2326 concesso.
1687 2257 1796 2332 Quare
1832 2254 1928 2320 nobis

274 2362 442 2427 humiliter
465 2363 687 2450 supplicastis,
709 2370 746 2429 ut
768 2364 953 2451 providere,
977 2387 1018 2431 ne
1041 2386 1101 2451 per
1118 2366 1325 2431 collationem
1348 2366 1400 2430 vel
1417 2363 1664 2430 concessionem
1684 2359 1805 2447 prefati
1827 2357 1930 2442 legati

276 2487 335 2531 seu
352 2466 450 2531 otiam
466 2467 745 2534 confirmationem
762 2476 907 2535 nostram
923 2469 1016 2535 vobis
1039 2477 1073 2536 et
1089 2469 1175 2534 dicto
1191 2469 1389 2535 monasterio
1406 2475 1520 2555 posset
1534 2464 1750 2555 preiudicium
1766 2460 1929 2548 generari,

275 2576 415 2656 paterna
442 2570 661 2635 sollicitudine
690 2592 890 2638 curaremus.
934 2572 1004 2638 Nos
1033 2572 1148 2658 igitur,
1177 2573 1297 2637 vestris
1328 2571 1622 2658 supplicationibus
1651 2567 1813 2648 inclinati,
1836 2562 1929 2628 vobis

200 2717 210 2730 .
277 2673 473 2738 auctoritate
489 2675 690 2759 presentium
707 2674 924 2760 indulgemus,
948 2684 985 2741 ut
1000 2698 1060 2762 per
1077 2676 1297 2756 collationem,
1314 2675 1558 2740 concessionem
1577 2693 1636 2738 seu
1653 2670 1930 2736 confirmationem

274 2775 439 2862 predictas
464 2776 555 2841 vobis
579 2779 632 2842 vel
655 2779 716 2865 ipsi
733 2780 930 2844 monasterio
954 2801 1053 2866 super
1069 2779 1237 2866 premissis
1261 2779 1386 2842 nullum
1401 2777 1443 2843 de
1460 2783 1570 2842 cetero
1586 2773 1803 2862 proiudicium
1828 2791 1929 2856 geue-

276 2886 377 2945 retur.
422 2879 513 2946 Nulli
537 2903 615 2968 ergo
640 2888 701 2947 eto.
726 2891 838 2948 nostre
862 2884 1086 2948 concessionis
1109 2890 1172 2949 ote.
1220 2881 1351 2967 Siquis
1374 2888 1437 2948 oto.

384 2983 462 3052 Dat.
485 2983 648 3071 Lugduni,
671 2985 736 3050 XV
759 2986 835 3054 Kal.
859 2987 955 3069 Iunii,
979 3009 1065 3052 anno
1089 2985 1158 3052 1111
1168 2987 1191 3054 ³.

1061 3495 1149 3568 368.

380 3591 601 3682 Innocentius
626 3616 685 3681 IV
711 3639 801 3702 pepe
832 3617 939 3682 ubbmi
967 3615 1178 3700 Poenposieuo
1213 3619 1242 3679 ct
1263 3614 1371 3695 prun
1401 3611 1514 3679 Sancti
1541 3609 1691 3674 Danielis
1725 3609 1761 3672 de
1796 3607 1932 3673 Venetiis

277 3719 422 3798 recondet,
450 3723 486 3784 ut
509 3720 685 3786 Gnidoueru
712 3724 742 3785 et
762 3721 971 3804 Monsrcdurn
998 3721 1164 3787 canonicos
1185 3721 1288 3804 plebis
1314 3717 1427 3784 Seresti
1448 3713 1593 3780 Fidentii
1619 3717 1648 3777 et
1676 3710 1825 3794 quosdam
1851 3709 1932 3774 elios

276 3822 452 3888 Peducaeo
474 3823 612 3904 diocesis,
627 3824 793 3891 Friderioo
814 3825 973 3908 qrrouduru
993 3826 1176 3908 *inperatori
1190 3823 1401 3900 minuentes,
1426 3819 1582 3903 bencfioiis
1603 3819 1671 3882 suis
1686 3816 1816 3898 privent
1837 3833 1933 3896 eoque

276 3925 393 3992 deuotis
414 3929 588 4010 consuent.
1570 3923 1665 3999 1247,
1689 3919 1768 3984 Mei.
1792 3920 1844 3986 18.

381 4048 445 4103 Ina.
458 4047 507 4104 IV
522 4047 587 4118 Ray.
605 4048 659 4103 Vot
673 4047 700 4117 1,
711 4053 776 4115 392,·
788 4047 848 4104 Lu.
862 4047 913 4116 IV,
929 4055 984 4106 too.

380 4135 480 4205 Beryer
491 4141 565 4191 2704.

282 4298 508 4372 ..abbati
540 4296 843 4390 Pomponiano
878 4299 1183 4374 Comaclensis
1217 4293 1435 4370 diocesis⁴
1468 4299 1513 4368 et
1546 4347 1586 4366 ..
1613 4287 1753 4382 priori
1780 4284 1933 4360 Sancti

846 4419 1048 4494 Danielis
1075 4421 1127 4494 de
1152 4417 1364 4491 Veneriis.

388 4569 451 4643 Qui
476 4568 538 4634 sibi
562 4573 708 4636 statuere
732 4568 857 4634 licitum
879 4568 988 4634 Deum
1011 4574 1045 4636 et
1063 4569 1237 4634 ecclesiam
1253 4566 1417 4631 deducere
1441 4562 1474 4627 in
1490 4566 1722 4647 contemptum,
1746 4553 1933 4622 adherendo

279 4674 388 4760 impiis
416 4674 567 4758 frangere
596 4672 806 4739 molientibus
837 4673 1042 4760 privilegium
1078 4671 1305 4739 ecclesiastice
1336 4667 1513 4749 libertatis,
1552 4665 1609 4730 illa
1637 4663 1758 4729 debent
1788 4659 1933 4724 dictante

281 4775 408 4842 iustitia
438 4777 602 4863 stipendia
629 4777 801 4864 consequi,
829 4799 888 4864 per
917 4799 980 4864 quo
1010 4800 1046 4843 sc
1069 4774 1278 4864 agnoscendo
1302 4772 1484 4860 culpabiles
1507 4768 1640 4835 tandem
1663 4766 1705 4831 sd
1727 4765 1812 4829 viam
1836 4762 1933 4826 recti-

282 4880 406 4945 tudinis
428 4880 567 4946 redeant
589 4881 784 4966 penitentes.
831 4879 917 4945 Saue
945 4881 1052 4947 relatu
1080 4879 1178 4966 digno
1201 4877 1424 4943 ammiratione
1447 4871 1693 4974 perpendimus,
1717 4867 1803 4955 quod
1825 4863 1934 4930 Guido

281 4990 316 5049 et
337 4982 529 5049 Menfredus
553 4983 700 5048 canonici
727 4982 834 5070 plebis
863 4983 969 5049 sancti
992 4983 1135 5049 Fidentii
1158 5003 1286 5048 necnon
1309 4979 1440 5067 quidam
1463 4983 1609 5043 rectores
1635 4981 1669 5040 et
1692 4971 1804 5037 elerici
1825 4970 1935 5056 capel·

279 5087 385 5152 larum
409 5089 627 5174 spectantium
659 5087 700 5152 ed
729 5086 867 5151 eandem
891 5086 1048 5153 Paduane
1077 5087 1218 5152 diocesis
1245 5085 1351 5152 elide
1381 5104 1420 5148 ac
1442 5080 1617 5147 devotione
1641 5076 1731 5143 sedis
1754 5073 1933 5161 apostolice

280 5192 397 5256 insano
430 5192 545 5278 spiritu
576 5191 786 5272 recedentes,
821 5191 859 5257 F.
883 5190 1047 5277 quondum
1081 5191 1271 5277 imperatori
1308 5194 1342 5254 et
1369 5189 1439 5253 eius
1468 5183 1650 5251 fautoribus
1679 5180 1840 5245 adherere
1869 5197 1935 5240 non

283 5301 441 5377 metuunt,
467 5302 500 5361 et
515 5317 627 5361 eorum
644 5295 805 5360 mandatis
821 5295 853 5359 in
870 5294 1016 5360 eiusdem
1033 5295 1120 5360 sedis
1135 5294 1287 5360 iniuriam
1303 5289 1558 5377 dampnabiliter
1572 5286 1807 5369 obsequuntur.
1853 5279 1935 5344 Cum

388 5557 416 5624 1)
436 5554 612 5622 Cadmeum,
631 5571 645 5608 c
661 5570 722 5609 mer.
740 5553 787 5608 cio.
812 5551 983 5607 Vercelteusis.
1079 5553 1107 5619 2)
1127 5552 1256 5606 Iohanne.
1361 5551 1389 5614 3)
1409 5547 1467 5602 Sub
1486 5545 1555 5600 Mei.
1574 5553 1603 5600 15
1620 5560 1699 5612 pepe
1718 5539 1861 5596 Octooieno
1877 5553 1936 5592 oer-

283 5639 379 5708 diuoii,
398 5642 481 5710 wate
498 5641 641 5710 apendice
654 5638 838 5707 lombardiae,
856 5639 904 5708 eui
921 5644 978 5692 tum
997 5636 1128 5706 lucedium
1145 5636 1233 5690 ordine
1249 5635 1403 5690 merobmur
1421 5631 1569 5705 [Pottbost
1582 5629 1645 5700 un.
1660 5645 1688 5700 p.
1702 5629 1786 5700 1285st
1803 5625 1835 5680 de
1851 5623 1936 5681 eodem

283 5727 384 5798 ueeotio
401 5728 555 5799 mussent,-
573 5728 671 5798 Berper
692 5733 767 5784 2688.
871 5725 899 5798 4)
918 5725 961 5780 De
977 5723 1064 5782 eodem
1081 5723 1111 5790 cs.
1130 5740 1157 5777 u.
1175 5729 1233 5778 321.

291 5957 302 5990 N
