4328 6232
723 370 924 428 aristensis
942 373 1132 433 suescunt.
1171 379 1245 433 1245.
1778 390 1814 452 71

156 543 369 622 patronatus,
400 542 512 627 plures
535 540 747 627 presbyteros
771 545 812 609 ad
837 553 942 610 certos
967 567 1085 629 annos,
1109 571 1305 636 quamquam
1330 554 1385 617 vix
1409 556 1465 618 uni
1490 578 1554 621 una
1578 559 1732 638 sufficiat,
1757 560 1816 625 tibi

157 641 208 705 sel
240 642 307 705 loci
329 643 561 711 archidiacone
587 654 834 734 representant,
865 649 966 714 solam
992 673 1090 736 super
1112 653 1174 716 hoe
1199 656 1485 738 consuetudinem,
1517 682 1579 745 quo
1603 661 1743 727 dicenda
1767 671 1817 728 est

157 747 346 832 corruptela
368 749 488 835 potius,
511 751 706 836 allegantes,
731 754 843 838 sicque
867 755 1071 840 repelluntur
1096 757 1217 832 idonei,
1241 764 1274 822 et
1295 759 1419 845 indigui
1436 782 1501 826 non
1523 764 1645 849 absque
1669 769 1815 852 symonia

157 849 236 914 sitio
270 851 359 916 iuter
389 861 594 939 presentatus
628 864 662 920 et
692 865 936 944 presentatores
967 866 1133 925 contracto
1157 862 1189 925 in
1212 884 1312 947 grave
1336 864 1480 949 ipsarum
1504 868 1716 935 eeclesiarum
1740 892 1815 956 pre-

90 981 101 1015 ε
157 953 312 1021 iudicium
342 957 569 1026 admittuntur.
615 959 735 1027 Clerici
766 983 896 1047 queque
925 985 944 1027 a
972 964 1094 1029 talibus
1126 966 1340 1031 ecelesiarum
1368 967 1512 1052 ipsarum
1541 971 1592 1034 ius
1624 983 1816 1058 presumunt

156 1078 267 1122 emere
298 1069 492 1148 patronatus
523 1085 623 1150 seque
655 1064 696 1129 ad
724 1066 813 1151 ipsas
844 1074 1035 1152 presentare
1058 1076 1250 1154 procurant,
1284 1071 1495 1137 interdictum
1519 1080 1610 1139 tuum
1634 1097 1732 1163 super
1754 1077 1815 1142 hee

157 1159 280 1227 editum
310 1166 496 1232 temeritate
526 1169 657 1254 propria
689 1169 891 1245 relaxantem
923 1170 1005 1234 alias
1036 1173 1135 1236 etiam
1163 1179 1227 1236 tam
1253 1174 1315 1260 ipsi
1338 1196 1434 1260 quam
1459 1178 1515 1242 alii
1539 1188 1594 1244 tue
1618 1179 1757 1245 diocesis
1781 1181 1816 1244 in

156 1263 245 1330 dicta
255 1265 384 1333 Priscis
400 1279 639 1337 commorantes
657 1274 760 1337 multa
778 1273 933 1354 enormia,
958 1295 1020 1361 que
1037 1276 1145 1340 limam
1163 1279 1375 1345 correctionis
1391 1288 1585 1366 exposcunt,
1609 1282 1814 1349 committere

157 1390 221 1433 nou
246 1379 404 1438 verentur
425 1373 459 1439 in
481 1378 662 1441 animarum
686 1398 818 1441 suarum
842 1379 1024 1464 periculum
1048 1386 1082 1444 et
1105 1379 1296 1447 scandalum
1319 1383 1543 1468 plurimorum.
1588 1386 1699 1459 Quare
1723 1385 1814 1450 nobis

158 1473 328 1540 humiliter
356 1480 564 1564 supplicasti,
596 1488 631 1544 ut
659 1481 792 1547 salubre
823 1503 922 1567 super
951 1483 1013 1546 hoc
1042 1481 1222 1547 remedium
1254 1483 1412 1550 adbibere
1436 1494 1573 1572 paterna
1596 1489 1815 1554 sollieitudine

156 1598 358 1644 curaremus.
409 1582 618 1664 Mandemus,
650 1587 819 1672 quatinus,
851 1587 879 1651 si
908 1593 960 1651 est
989 1587 1049 1665 ita,
1082 1587 1247 1673 predictos
1278 1589 1415 1655 clericos
1443 1597 1475 1654 et
1506 1591 1624 1672 laicos,
1656 1591 1742 1677 quod
1773 1591 1814 1657 ab

156 1677 345 1748 huiusmodi
379 1689 678 1773 presumptionibus
713 1688 754 1755 de
789 1696 898 1753 cetero
932 1710 1063 1774 prorsus
1098 1690 1272 1767 desistant,
1307 1693 1487 1757 monitione
1522 1695 1696 1779 premissa,
1732 1696 1815 1759 sieut

156 1781 278 1849 iustum
302 1788 411 1867 fuerit,
436 1813 495 1877 per
517 1813 688 1857 censuram
714 1793 973 1858 ecclesiasticam
997 1794 1218 1878 appellatione
1243 1802 1369 1860 remota
1385 1796 1596 1883 compellens,
1620 1799 1813 1864 auctoritate

157 1896 268 1954 nostra
304 1898 431 1957 statuas
466 1915 565 1980 super
595 1894 674 1977 hiis,
714 1895 800 1981 quod
832 1896 1016 1961 animarum
1047 1897 1144 1961 saluti
1175 1906 1209 1963 et
1241 1898 1406 1963 honestati
1439 1899 1662 1966 ecclesiastice
1696 1901 1813 1966 videris

91 2019 103 2051 .·.
158 1992 333 2078 expedire;
356 1996 613 2065 contradictores
637 2007 699 2066 etc.
724 2021 843 2086 usque:
867 2001 1117 2087 compescendo.

266 2115 343 2181 Dat.
367 2115 531 2205 Lugduni,
555 2118 630 2184 Kal.
655 2120 775 2203 Martii,
798 2141 884 2186 anno
907 2120 1061 2188 seeundo.

947 2766 1030 2841 101.

261 2878 480 2972 Innocentius
501 2906 558 2972 IV
584 2927 672 2991 pepe
703 2905 879 2990 [labeoni]
915 2906 1045 2985 decane,
1081 2906 1324 2974 Burtlielomuce
1360 2908 1580 2974 erclridiecono
1612 2914 1641 2974 cl
1675 2910 1814 2975 lolmmri

155 3011 304 3075 maronica
326 3014 356 3073 ct
371 3010 575 3092 procuratori
596 3010 740 3076 ccclesiae
758 3008 970 3074 Oleruaccueis
992 3009 1139 3084 concedit,
1161 3015 1197 3074 et
1213 3031 1276 3091 pro
1294 3012 1502 3092 mortrovcndo
1520 3013 1641 3096 negotio
1656 3013 1814 3078 electionis

157 3115 191 3178 iu
218 3114 345 3179 corbeio
374 3131 434 3178 auc
461 3112 498 3179 de
523 3114 694 3180 Guillelmo
722 3111 892 3178 celebratae
919 3116 1062 3177 mutuum
1085 3118 1149 3176 460
1171 3135 1351 3180 rriercerum
1374 3116 1593 3200 sterlingorum
1616 3116 1812 3181 contrabant.

1457 3222 1551 3297 1245,
1574 3219 1678 3286 Mart.
1694 3224 1725 3286 4.

259 3339 324 3391 Ian.
343 3337 390 3391 IV
411 3338 475 3408 Ray.
495 3338 547 3392 Vol.
568 3340 595 3403 Ι,
621 3345 680 3403 178,-
711 3337 771 3424 Lib.
792 3339 835 3406 Il,
858 3344 913 3393 473.
956 3338 1056 3393 Pcrtzii
1083 3341 1215 3408 excerpitur
1242 3341 1404 3396 wrstrdinure
1432 3358 1493 3396 uem
1516 3342 1627 3410 Boezek,
1660 3341 1723 3396 Cod.
1747 3340 1811 3409 dipl.

159 3425 296 3479 Murenae
313 3431 331 3479 t.
344 3425 403 3496 111,
417 3443 447 3496 p.
460 3433 504 3495 48,
523 3443 550 3481 a.
565 3434 606 3482 64.

260 3511 394 3579 romae,
413 3512 476 3583 Ray.
489 3521 578 3578 uero·
597 3514 695 3583 Beryti
706 3519 776 3567 rere.

198 3783 237 3801 ..
265 3728 467 3816 decano,
496 3727 834 3802 Bartholomeo
862 3726 1193 3801 archidiacono
1221 3732 1264 3800 et
1289 3723 1513 3802 lohanni¹
1542 3729 1770 3802 canonico

445 3855 489 3923 et
514 3847 934 3941 procuratoribus·
962 3847 1162 3921 ecclesie
1191 3846 1528 3922 Olomueensis

263 3995 316 4060 Ex
340 4003 434 4083 parte
458 4004 566 4061 vestra
589 3995 682 4061 nobis
707 3995 818 4060 extitit
840 3995 1009 4061 humiliter
1033 3997 1262 4082 supplicatum,
1286 3996 1372 4081 quod
1397 4017 1469 4060 eum
1491 4018 1547 4062 sos
1564 4019 1622 4083 pro
1639 4000 1810 4065 electionis

156 4101 305 4187 negotio,
337 4120 402 4187 que
431 4101 462 4164 in
485 4100 698 4165 Olomueensi
727 4100 870 4164 eeclesia
893 4098 934 4164 de
958 4098 1078 4164 dilecto
1102 4101 1169 4164 filie
1193 4098 1382 4164 Guillielmo
1407 4101 1516 4165 extitit
1539 4100 1737 4182 celebratal,
1769 4100 1809 4166 ad

156 4203 267 4268 aedem
292 4204 507 4290 apostolicam
531 4204 702 4270 venientes
726 4211 760 4269 et
782 4225 907 4269 meram
930 4203 1052 4269 ibidem
1075 4203 1233 4269 diutinam
1258 4205 1489 4291 protrahentes
1513 4206 1627 4290 gravia
1642 4206 1810 4272 subieritis

157 4329 257 4374 onera
281 4327 514 4394 expensarum,
538 4309 643 4373 itaut
666 4309 796 4372 omnino
820 4307 911 4373 vebis
935 4306 1117 4373 defecerint
1140 4309 1203 4373 iam
1229 4330 1384 4396 expense,
1408 4307 1580 4395 providere
1597 4309 1690 4374 vobis
1712 4331 1811 4396 super

158 4412 230 4491 hoc,
259 4433 302 4478 ne
326 4433 385 4501 pre
408 4412 669 4478 necessariorum
693 4411 825 4476 defectu
848 4410 1030 4497 predictum
1054 4420 1222 4478 remaneat
1243 4413 1410 4497 negotium
1434 4412 1648 4498 inexpletum,
1672 4421 1809 4499 paterna

154 4515 376 4582 sollieitudine
400 4537 599 4583 curaremus.
631 4515 762 4581 Vestris
786 4514 886 4600 igitur
909 4516 1061 4601 precibus
1078 4517 1236 4594 inclinati,
1261 4515 1353 4580 vobis
1369 4537 1427 4602 pro
1444 4516 1598 4602 expensis
1615 4516 1809 4581 necessariis

155 4619 315 4688 iaciendis
338 4619 379 4684 ad
402 4618 660 4707 promovendum
684 4619 804 4684 dietum
829 4619 995 4703 negotium
1019 4618 1233 4684 contrahendi
1257 4626 1404 4684 mutuum
1430 4640 1530 4704 super
1551 4619 1646 4683 bonis
1662 4619 1809 4685 eiusdem

157 4724 300 4789 ecclesie
331 4744 433 4809 usque
460 4724 500 4788 ad
531 4744 690 4788 summam
721 4721 1033 4809 quadringentarum
1057 4729 1090 4787 et
1113 4724 1289 4808 sexaginta
1311 4743 1494 4787 marcarum
1517 4723 1747 4808 sterlingorum
1771 4745 1809 4788 ae

157 4826 326 4915 obligandi
365 4833 500 4915 propter
537 4828 599 4894 hoe
638 4829 724 4893 bona
766 4826 913 4914 predicta
951 4827 1087 4893 liberam
1126 4826 1337 4892 concedimus
1374 4826 1570 4890 auctoritate
1607 4828 1809 4912 presentium

90 4959 111 4997 u
157 4931 349 4997 facultatem
359 4930 383 4997 ³.

263 5050 339 5117 Dat.
362 5051 527 5138 Lugduni,
551 5052 600 5117 IV
623 5051 734 5119 Nonas
758 5053 879 5136 Martii,
903 5074 989 5119 anuo
1013 5051 1169 5120 seeundo.

262 5229 1111 5239 ——-—-—-————-—-———-—-.
1121 5230 1369 5237 -----.--.-—...
1374 5229 1704 5237 .———————

260 5347 286 5411 ⁸)
303 5347 341 5398 ite
352 5346 384 5400 B.
397 5345 452 5398 uA
460 5347 485 5398 U
485 5366 494 5408 ,¹
510 5355 537 5400 et
553 5347 621 5400 deut
632 5347 664 5399 B.
669 5367 679 5410 ,-
696 5356 722 5400 et
738 5349 896 5416 procuratori
913 5365 945 5400 ee
961 5366 988 5399 u.
1001 5354 1050 5400 104
1069 5347 1249 5414 ammodum
1266 5363 1319 5399 esse
1333 5355 1463 5412 manua.

261 5483 289 5549 1)
305 5480 362 5537 Ha
378 5482 512 5538 numum
529 5482 593 5536 uel
611 5483 751 5552 ‘mucida’
767 5500 872 5553 quoque
887 5489 1005 5538 caemar.
1076 5481 1103 5549 2)
1124 5480 1163 5547 Os.
1180 5498 1207 5534 u.
1220 5488 1250 5535 21
1266 5486 1290 5534 ct
1304 5487 1359 5534 104.
1428 5481 1457 5549 3)
1476 5478 1535 5533 Sub
1549 5479 1661 5534 Mart.3
1680 5480 1810 5547 l'repersei

161 5566 408 5627 amm
422 5566 605 5639 We]
623 5569 783 5638 praepositis
807 5575 832 5626 ct
855 5569 1044 5626 urelsidiacorw
1068 5568 1198 5636 Prepeuei
1220 5565 1405 5632 tardaverat,
1432 5571 1463 5619 ut
1486 5565 1581 5621 n'sdem
1603 5565 1728 5631 medina
1750 5581 1809 5634 sue,

93 5662 119 5703 Ι
159 5650 894 5725 mfflwmmssame
911 5656 1009 5725 aurata,
1027 5653 1132 5709 restitui
1148 5654 1282 5722 smoth·
1301 5651 1432 5725 Paulae,
1450 5652 1514 5726 Ray.
1527 5659 1609 5719 11669,
1628 5651 1810 5722 Remini.
