4328 6232
202 344 264 407 556
755 338 804 395 EX
823 337 1043 394 INNOCEN'l'll
1062 338 1101 394 IV
1119 338 1304 398 REGIS'PRO

200 516 272 580 iure
293 519 402 596 vacet,
435 515 463 580 si
484 512 688 601 prebendam
712 514 746 578 in
769 513 835 578 clia
858 513 1038 579 cathedrali
1061 515 1202 580 ecclesia
1223 515 1323 581 luerit
1346 523 1536 597 assecutus,
1567 523 1670 604 tuque
1700 523 1862 584 statutum

200 618 388 684 huiusmodi
410 619 571 683 iuraveris
595 624 818 683 servaturum:
851 639 928 700 nos,
956 618 1107 683 volentes
1130 617 1191 682 tibi
1213 619 1349 684 obtentu
1379 621 1498 685 nobilis
1520 620 1583 684 viri
1607 671 1641 687 ..
1665 621 1862 685 marchionis

200 721 391 802 Misnensis,
415 722 508 787 cuius
531 722 657 787 insistis
680 722 834 801 servitiis,
858 721 999 806 gratiam
1022 722 1134 786 facere
1159 723 1346 807 specialem,
1370 725 1572 810 presentium
1588 723 1647 788 tibi
1662 726 1860 790 auctoritate

201 825 422 906 concedimus,
444 832 481 890 ut
497 826 525 889 si
540 824 742 911 prebendam
765 826 798 889 in
814 825 973 889 Misnensi
997 825 1138 889 ecclesia
1160 826 1263 892 fueris
1286 834 1470 910 assecutus,
1494 849 1566 893 cum
1591 849 1631 893 ea
1654 827 1860 913 prebendam

200 929 328 1014 prefate
358 929 623 1018 Numburgcnsis
656 930 796 993 ecclesie
819 931 862 976 -’
885 929 1021 1014 prefatis
1053 936 1176 993 statuto
1209 937 1242 994 et
1271 931 1456 996 iuramento
1489 942 1571 997 scu·
1601 932 1860 1009 confirmatione,

201 1033 228 1096 si
252 1054 317 1117 qua
340 1054 439 1118 super
462 1033 510 1097 eis
534 1031 575 1096 ab
597 1033 779 1117 apostolica
801 1032 879 1097 sede
903 1032 1039 1096 obtenta
1062 1039 1123 1111 est,
1147 1032 1201 1097 vel
1221 1035 1335 1118 quavis
1353 1034 1556 1120 indulgentia
1572 1034 1754 1099 venerabili
1769 1033 1861 1098 fratri

201 1143 312 1200 nostro
337 1186 371 1203 ..
394 1136 550 1222 episcopo
573 1135 627 1200 vel
651 1135 795 1221 capitulo
817 1134 1126 1220 Numburgcnsibus
1150 1136 1192 1200 ab
1216 1136 1331 1200 eadem
1355 1132 1433 1201 sede
1463 1159 1622 1202 concessa
1651 1157 1861 1222 nequaqnam

202 1238 472 1304 obstantibus-
496 1239 599 1303 libere
622 1238 733 1302 valeas
756 1239 907 1304 retinere.
951 1238 1041 1303 Nulli
1066 1259 1145 1323 ergo
1168 1245 1230 1304 etc.
1254 1247 1364 1305 nostre
1388 1240 1611 1305 concessionis
1635 1248 1699 1306 etc.

304 1359 379 1425 Dat.
403 1360 567 1446 Lugduni,
589 1357 654 1423 XV
677 1356 752 1424 Kal.
776 1359 861 1440 Iulii,
885 1380 971 1424 anno
987 1358 1108 1425 VI⁰l¹.

989 1846 1075 1919 752.

306 1939 525 2032 Innocentius
547 1967 603 2031 rr
621 1988 713 2048 pann
741 1966 937 2052 snnnnn]
963 1966 1050 2031 terna·
1078 1966 1215 2032 annana
1240 1965 1371 2031 Mnnnn
1398 1970 1490 2031 nans
1515 1966 1652 2031 nonan
1676 1968 1861 2051 nnnnnnn
1911 1993 1913 2025 2

202 2067 370 2147 cardinali,
392 2069 512 2134 vicario
533 2088 590 2135 sno
611 2072 647 2134 in
669 2071 759 2150 Urbe,
787 2071 928 2148 mandat,
956 2074 992 2133 nt
1014 2071 1043 2134 si
1063 2069 1306 2134 Bartholcmaco
1327 2070 1452 2148 seclari,
1479 2074 1555 2135 nato
1576 2069 1748 2153 Bonternpi
1768 2071 1864 2153 farni-

202 2170 298 2236 liaris
313 2191 431 2253 papae,
455 2173 613 2239 ecetesiam
636 2175 773 2241 Sanctae
794 2174 926 2239 Mariae
952 2173 990 2237 de
1016 2171 1103 2239 ensis
1124 2172 1334 2237 Marsicanac
1355 2170 1485 2237 diceens
1506 2173 1648 2253 conferre
1668 2194 1735 2238 non
1752 2175 1863 2255 possit,

202 2274 232 2337 ci
252 2273 289 2338 de
311 2275 380 2339 alia
402 2276 531 2341 ecclesia
551 2279 643 2363 repni
665 2278 796 2345 Siciliae
813 2276 990 2362 incandeat.
1511 2277 1605 2356 1249,
1628 2277 1777 2343 Inn.18.

306 2395 370 2449 Inn.
389 2396 411 2449 I
413 2395 441 2448 V
456 2397 519 2466 Ray.
538 2397 599 2452 Ine.
615 2398 663 2467 VI,
678 2400 751 2468 [.57,
769 2416 797 2452 n.
813 2405 868 2454 625.

306 2479 436 2550 Ponnnnr,
456 2483 520 2553 lica.
534 2491 628 2555 137005
645 2487 744 2555 Berpcr
761 2494 835 2541 4615.

294 2661 333 2734 S.
361 2662 496 2738 tituli
522 2666 697 2740 Sancte
724 2665 867 2740 Maris
894 2662 1217 2739 Transtiberim
1244 2663 1510 2755 presbytero
1537 2661 1772 2753 cardinali,

731 2785 896 2859 vicario
924 2789 1086 2858 nostro
1114 2783 1160 2855 in
1187 2780 1336 2857 Urbe².

314 2931 396 2996 Cum
420 2954 479 3019 per
501 2935 584 3000 alias
606 2936 734 3001 litteras
757 2941 885 2999 nostras
902 2933 962 2997 tibi
978 2932 1166 2998 dederimus
1183 2931 1217 2995 in
1232 2931 1407 3014 mandatis,
1429 2937 1466 2995 ut
1481 2900 1717 2997 Bartholomeo
1735 2933 1864 3011 scolari,

204 3039 279 3098 nato
302 3035 412 3101 dilecti
435 3038 493 3102 filii
515 3037 713 3126 Bontempi⁰
736 3040 906 3104 familiaris
930 3037 1048 3117 nostri,
1077 3036 1194 3100 militie
1223 3035 1367 3099 clericali
1394 3035 1514 3099 ascribi
1537 3035 1660 3099 volenti
1689 3037 1864 3102 ecclesiam

204 3144 318 3202 sancte
351 3138 455 3205 Maris
490 3142 531 3208 de
560 3143 654 3209 Oesis
683 3142 867 3208 Marsicane
906 3140 1063 3221 diocesis,
1099 3160 1161 3226 que
1196 3138 1312 3203 dicitnr
1341 3145 1469 3204 rectore
1497 3159 1631 3218 vacare,
1667 3141 1864 3205 auctoritate

203 3245 317 3306 nostra
347 3244 530 3328 conferres,
562 3246 772 3327 mandamus,
805 3246 973 3333 quatinus,
1005 3245 1032 3309 si
1063 3264 1136 3309 eam
1164 3243 1251 3307 iusta
1280 3262 1381 3306 causa
1404 3242 1604 3328 impediente
1629 3243 1692 3308 sibi
1717 3244 1867 3309 conferre

203 3364 268 3407 non
300 3345 448 3430 posscsd,
485 3348 525 3413 de
558 3349 623 3414 alia
657 3350 801 3416 ecclesia
829 3349 882 3414 vel
915 3347 1077 3413 beneficio
1112 3344 1335 3410 ecclesiastico
1367 3345 1569 3431 equivalenti
1602 3346 1634 3410 in
1670 3346 1867 3433 episcopatu

203 3444 388 3514 Marsicano
412 3457 469 3515 aut
490 3452 572 3516 locis
595 3452 668 3516 aliis
693 3453 785 3538 regni
809 3451 920 3516 Sicilie
945 3450 1136 3515 auctoritate
1160 3449 1321 3535 premissa
1342 3468 1404 3533 per
1426 3454 1459 3513 te
1482 3450 1535 3514 vel
1564 3449 1665 3514 alium
1694 3456 1752 3514 aut
1782 3450 1867 3514 alios

203 3548 311 3615 eidem
340 3554 473 3619 studeas
502 3553 692 3640 providere,
726 3562 760 3619 et
788 3555 896 3640 ipsum
923 3554 978 3618 rel
1006 3552 1077 3618 cius
1109 3556 1358 3638 procuratorem
1388 3552 1422 3614 in
1449 3551 1696 3637 possessionem
1726 3553 1867 3618 ccclesia

202 3655 256 3718 vel
279 3655 446 3738 beneficii,
475 3658 515 3723 de
539 3680 603 3746 qua
625 3660 679 3724 vel
703 3659 743 3724 de
768 3680 830 3745 quo
854 3658 917 3723 sibi
945 3657 1080 3722 duxeris
1108 3654 1360 3742 providendum,
1390 3655 1500 3719 induci
1528 3656 1631 3720 iacias
1659 3655 1866 3741 corporalem

204 3778 242 3821 ao
269 3760 392 3825 tuearis
424 3760 607 3838 inductum;
636 3762 894 3827 contradictores
919 3766 981 3826 etc.
1004 3796 1045 3807 -
1069 3780 1135 3824 non
1162 3759 1370 3823 obstantibus
1401 3759 1634 3823 constitutione
1665 3759 1707 3824 de
1737 3758 1869 3823 duabus

204 3861 301 3927 dietis
318 3871 392 3944 etc,
416 3871 473 3930 aut
496 3867 524 3930 si
546 3887 606 3951 pro
630 3867 768 3930 aliorum
791 3865 977 3951 provisione
1001 3863 1043 3929 ad
1068 3865 1292 3950 episcopatum
1309 3863 1362 3928 vel
1384 3863 1458 3927 loca
1479 3862 1628 3948 predicta
1650 3862 1869 3927 direxerimus

205 3966 329 4052 scripta
352 3973 475 4050 nostra,
499 3969 618 4055 quibus
643 3969 793 4034 nolumus
817 3975 880 4034 cto.
903 3990 1021 4054 usquc:
1046 3968 1208 4054 generari.

313 4090 390 4157 Det.
413 4091 577 4177 Lugduni,
600 4090 705 4155 XIIII
728 4090 805 4157 Kal.
828 4091 915 4172 Iulii,
939 4111 1024 4157 auno
1041 4090 1115 4155 VI⁰.

310 4348 334 4416 ⁸)
352 4352 430 4403 acerba
447 4368 494 4404 seu
511 4378 547 4388 -
564 4336 687 4405 mnccsaa
704 4352 797 4404 dunat
815 4358 836 4403 1.
940 4348 967 4417 b)
985 4353 1044 4403 Dat.
1062 4359 1188 4418 utsupra
1206 4348 1239 4400 Β.
1344 4347 1368 4414 0)
1386 4350 1496 4418 Bontepi
1514 4348 1547 4401 13.
1650 4345 1676 4411 ἃ)
1695 4349 1732 4398 ita
1752 4347 1786 4399 B.

204 4481 307 4537 Locnm
326 4485 365 4538 ad
384 4485 450 4542 dioc.
466 4486 613 4541 Uticensem
625 4486 831 4556 pennensem
848 4484 911 4540 dicit
924 4503 1009 4555 papa,
1028 4485 1074 4540 sed
1086 4486 1235 4540 Iohannem
1252 4485 1284 4538 in
1301 4484 1391 4539 cadon
1407 4485 1471 4539 dice.
1489 4483 1652 4538 martiam
1669 4500 1752 4537 snam
1764 4482 1872 4548 tubera·

202 4570 404 4636 cflss‘Iobannca
428 4572 459 4626 de
480 4573 680 4640 Mmrtcsnacnlo
698 4574 726 4642 [c
742 4589 804 4628 mn.
822 4578 846 4627 et
863 4589 902 4626 or.
920 4573 1078 4643 Beneventi]
1097 4573 1228 4626 Berensis
1250 4571 1367 4625 diooccm’
1390 4572 1440 4625 aab
1461 4588 1489 4625 n.
1504 4578 1560 4626 264.
1658 4571 1686 4637 3)
1710 4568 1745 4623 Ur
1768 4568 1872 4622 ridear

204 4659 343 4724 ‘quartus’
360 4676 386 4713 a.
401 4667 566 4715 1154-1159.
602 4659 653 4714 ant
669 4660 699 4713 in
719 4660 839 4729 Repertis
855 4661 914 4714 cius
930 4676 974 4728 ap.
993 4658 1233 4728 leffe-Manascld
1255 4658 1287 4712 de
1308 4658 1359 4712 bac
1379 4674 1408 4712 re
1430 4658 1502 4712 ninn
1518 4656 1673 4725 reperimus.
1762 4656 1792 4723 4)
1810 4655 1871 4708 Ian

203 4742 254 4811 ,ab
276 4743 360 4798 Mart.
374 4751 408 4798 27
424 4761 502 4814 papa
525 4745 607 4799 adem
624 4745 744 4799 Iolnanni
765 4746 929 4813 indulserat,
954 4751 986 4800 nt
1008 4762 1069 4800 arm
1089 4764 1107 4798 a
1130 4746 1223 4799 baticia
1246 4745 1314 4813 repta
1333 4744 1474 4800 Franciae
1497 4749 1520 4798 ct
1541 4742 1681 4796 mandis
1703 4741 1767 4794 aliis
1784 4741 1872 4809 ipsias

208 4829 284 4897 renni
302 4830 436 4885 nobilibus
453 4848 534 4900 snper
551 4832 627 4887 bonis
643 4831 679 4884 ud
696 4838 813 4886 matram
829 4832 861 4886 dc
878 4832 1038 4900 Viridisolio,
1060 4831 1131 4900 qnod
1148 4850 1167 4885 a
1179 4848 1257 4900 papa
1278 4837 1302 4885 ct
1322 4831 1450 4886 Βοηιαηα
1467 4831 1572 4885 malacia
1589 4829 1620 4881 in
1635 4827 1748 4894 sentirem
1766 4832 1871 4893 teneret

200 4916 399 4983 pcrtinentibus
422 4918 543 4972 intrariae
562 4923 708 4987 maur,
734 4919 864 4987 enacmin
889 4935 978 4973 coram
1004 4919 1094 4973 monn
1116 4919 1271 4973 Nanatcnai
1299 4918 1479 4972 anianense
1503 4917 1568 4972 dice.
1587 4915 1698 4986 [Noni]
1720 4915 1781 4967 inrn'
1802 4920 1873 4968 stare

199 5008 317 5070 paratas
339 5008 413 5072 meet,
440 5021 520 5073 sapa
540 5005 589 5059 boc
610 5021 699 5060 coram
722 5008 784 5060 aliis
805 5006 940 5061 indicina
959 5007 1117 5077 respondere
1140 5023 1198 5061 non
1221 5010 1361 5060 emmane.
1400 5004 1458 5058 sno
1476 5004 1543 5057 Iun.
1561 5011 1590 5056 15
1611 5001 1702 5054 abbati
1719 5000 1872 5054 Nannenn

202 5089 331 5157 carenni,
351 5089 469 5143 Ioltanni
492 5090 601 5144 similem
621 5095 808 5161 protectionen
831 5099 926 5148 corana
950 5094 1050 5148 nobiles
1072 5099 1096 5148 et
1121 5094 1190 5148 aiios
1212 5092 1244 5146 de
1267 5108 1346 5160 rayno
1367 5090 1506 5144 Franciae
1524 5094 1548 5143 ct
1567 5088 1715 5142 Prorincr'a
1739 5087 1871 5141 comerent

203 5175 337 5229 Iohannes
356 5175 488 5244 Inrqdnni
509 5183 567 5231 tarn
589 5184 659 5246 crot5
682 5181 783 5248 Bcrqcr
801 5189 879 5248 4464,
902 5187 981 5249 4586,
1005 5188 1079 5249 4587,
1103 5188 1186 5247 4597?
1211 5179 1344 5245 Poterant,
1366 5177 1431 5245 Ray.
1449 5182 1537 5244 13602,
1557 5180 1651 5241 13880,
1671 5180 1761 5241 13881,
1783 5181 1866 5228 13886.

309 5280 335 5347 1)
353 5279 408 5333 Snb
425 5298 450 5335 a.
465 5287 542 5349 1249,
565 5281 631 5338 Ian.
645 5289 681 5337 20
699 5298 777 5351 papa
796 5282 961 5350 Christoforo
982 5284 1112 5337 carronicc
1136 5281 1332 5338 annaneane
1349 5278 1597 5348 Mapdcbnrpmsis,
1622 5279 1731 5332 imario
1753 5276 1865 5330 οἰκεῖαι
1906 5279 1913 5314 ⁴

202 5359 370 5434 nnrnnbnn,
390 5368 439 5436 cni
451 5383 504 5436 pro
522 5385 552 5422 co
565 5369 687 5437 mainan,
705 5369 861 5439 indulserat,
880 5376 911 5424 nt
930 5370 966 5423 ud
981 5370 1133 5438 sociandam
1150 5370 1180 5423 in
1192 5369 1298 5424 molesia
1310 5368 1337 5423 S.
1351 5366 1503 5422 Sebastiam
1514 5366 1621 5418 ratione
1630 5363 1798 5432 premandae
1808 5363 1867 5416 rasi·

202 5450 318 5504 aniam
336 5469 394 5505 non
411 5458 551 5522 teneram,
574 5471 631 5508 non
649 5455 766 5510 obaante
782 5456 959 5525 promissione
975 5456 1211 5525 materiante
1228 5472 1277 5510 nec
1294 5453 1495 5520 confirmatione
1507 5452 1697 5520 promissionis
1715 5450 1806 5504 nnenn
1820 5463 1867 5518 ,rer

202 5538 371 5593 manen
381 5540 494 5606 iratrm
503 5541 521 5612 [
527 5541 729 5613 eranrdnnnj
742 5543 858 5612 archiep.
872 5542 1136 5612 Marenem,-
1148 5543 1248 5611 Benynr
1259 5549 1338 5609 resa
1352 5539 1486 5606 Portant,
1501 5537 1563 5606 Rea.
1574 5543 1663 5592 rcere.
1687 5536 1744 5590 llic
1757 5536 1867 5590 Garine

199 5623 279 5691 seran
295 5625 353 5679 aine
369 5625 450 5681 dnbio
468 5626 537 5682 man
554 5633 634 5696 arque
651 5643 737 5696 snpra
754 5634 913 5683 manorum
930 5635 994 5683 erat.
1087 5630 1115 5698 2)
1135 5628 1178 5684 Dc
1195 5627 1246 5682 boe
1263 5628 1299 5693 cf.
1313 5644 1343 5696 p.
1357 5632 1414 5694 492,
1432 5628 1487 5678 not.
1499 5632 1522 5677 1.
