4328 6232
130 300 197 354 VIII
855 300 1072 356 PRAEFATIO.

233 479 302 552 sea
334 482 413 554 buic
445 484 652 553 coniecturae
693 481 767 552 aliu
806 487 1011 572 repuqnant.
1074 483 1119 571 1)
1145 481 1343 554 Nonnullae
1376 482 1537 573 epistolae
1570 482 1607 554 in
1644 484 1789 573 13333333

129 607 250 672 333333
275 602 404 673 relatae
428 610 519 690 3333,
547 609 727 693 antequam
754 604 948 674 autbeutica
983 626 1104 673 earum
1138 626 1155 674 e
1191 606 1287 674 auria
1323 605 1489 676 33333333.
1544 604 1697 676 Honori-l
1723 605 1796 676 ΙΙΙ

131 720 213 811 Req.
243 721 321 793 Lib.
343 722 423 810 V‚1
450 724 499 794 ita
526 731 680 796 carrecto
705 732 761 814 333,
787 731 825 795 33
851 748 892 795 ea
918 747 991 795 una
1017 723 1162 815 epistole
1190 725 1277 794 elnae
1310 726 1426 815 factae
1461 727 1553 811 sint,·
1587 726 1670 796 aliis
1707 726 1789 798 locis

130 841 289 931 epistolae
323 844 423 915 aerbo
450 843 567 917 Vacat
600 848 757 936 apposita
793 851 948 916 cassatae
983 842 1090 916 sunt¹.
1153 845 1232 915 Hac
1258 845 1389 933 [333333
1418 869 1485 917 3333
1515 853 1577 934 333,
1599 853 1786 937 postquam

131 963 294 1053 epistolae
318 965 415 1056 ipsae
443 988 460 1035 3
487 968 587 1037 carrio
613 967 739 1036 3333333
765 974 863 1053 3333;
901 974 973 1038 tum
1009 967 1099 1036 enim
1126 989 1184 1036 333
1209 988 1277 1035 333
1304 969 1430 1056 corripi
1453 967 1504 1038 ael
1530 970 1666 1039 cassari
1687 973 1786 1059 pote·

130 1091 230 1173 rant,
262 1086 323 1156 333
357 1085 436 1157 (aliis
468 1085 589 1157 litteris
624 1109 682 1156 333
715 1087 873 1159 reuocari
903 1086 1083 1177 oportebat.
1145 1084 1244 1173 Quart
1278 1085 1308 1155 si
1335 1087 1502 1176 quaedam
1528 1087 1688 1176 epIstolae
1715 1094 1786 1157 tam

131 1204 223 1276 breui
249 1212 404 1296 tenrpare,
427 1213 610 1297 postquam
637 1208 734 1298 ipsae
759 1214 921 1277 33333333
936 1213 1027 1295 sunt,
1054 1209 1091 1277 in
1110 1205 1262 1296 Reqestis
1280 1209 1407 1277 nostris
1430 1209 1619 1295 caluerunt,
1647 1213 1685 1277 ut
1703 1208 1787 1277 boec

131 1347 172 1396 eu
198 1329 323 1398 eisdem
351 1327 506 1418 epistolis
533 1328 709 1398 3333333333
738 1334 895 1418 possent,
930 1350 988 1398 333
1018 1332 1139 1418 partes
1166 1325 1404 1418 Reqestorum,
1430 1328 1467 1398 in
1494 1328 1616 1419 quibus
1641 1328 1678 1398 33
1705 1330 1784 1398 333-

130 1448 366 1535 333333333333,
393 1472 461 1518 nou
488 1472 529 1518 33
555 1446 637 1518 aliis
664 1447 760 1519 libris
787 1450 847 1519 secl
871 1471 912 1519 33
929 1448 1016 1539 ipsis
1034 1446 1184 1538 epistolis
1203 1448 1351 1538 scriptas
1371 1471 1441 1520 3333
1460 1455 1614 1540 apparet.
1670 1448 1719 1534 2)
1737 1447 1787 1518 Iu

131 1567 306 1638 naurrullis
338 1566 435 1639 libris
461 1566 653 1640 Imrocentii
678 1567 705 1637 I
707 1567 739 1638 V
762 1568 924 1659 epistolae
950 1568 1090 1639 ultimae
1115 1568 1399 1658 inscriptionibus
1426 1569 1609 1641 rubricatis
1639 1564 1783 1640 3333332.

132 1686 255 1759 Ilnbru
281 1688 345 1759 illo
371 1713 441 1759 nou
469 1714 539 1760 urm
565 1713 640 1760 3333
659 1689 790 1779 reliqua
807 1691 982 1780 scripturo
999 1688 1136 1778 fiebant,
1156 1691 1217 1759 333
1229 1695 1307 1780 post
1334 1712 1408 1760 3333
1435 1712 1476 1761 33
1496 1691 1785 1781 praescriptioni·

132 1808 193 1879 bus
219 1810 258 1878 in
283 1810 437 1899 marqiue
458 1810 581 1901 positis
611 1808 835 1880 mblebontur.
888 1808 1067 1899 Epistolae
1092 1809 1199 1897 iqitur
1225 1809 1307 1880 illue
1323 1809 1466 1880 *ultiruae
1492 1833 1562 1880 nou
1589 1809 1787 1881 3333333333

131 1931 330 2020 reqistrotue
359 1954 428 2001 3333
454 1933 619 2019 uidentur,
647 1953 724 2000 cnm
748 1929 856 2000 rubro
877 1932 975 2020 piato
1001 1929 1071 1999 iona
1097 1935 1205 2000 esseut
1232 1935 1262 2000 et
1281 1929 1367 2000 liber
1381 1954 1449 2022 pro
1468 1931 1564 2018 33333
1582 1930 1783 2015 333333333,·

131 2050 171 2120 iel
203 2053 297 2140 quael
331 2074 366 2122 33
404 2051 508 2140 333333
544 2053 700 2122 ueritatis
731 2050 876 2140 speeiem
908 2050 1021 2138 33333,
1058 2050 1138 2141 quia
1169 2051 1273 2120 ctiam
1300 2051 1337 2120 in
1365 2050 1442 2122 Lib.
1463 2050 1490 2120 I
1510 2049 1590 2120 133.
1610 2049 1672 2121 IV
1695 2051 1785 2121 3333

131 2169 272 2242 33333333
298 2171 459 2261 epistolae
487 2169 683 2242 rubricatae
705 2176 787 2261 post
814 2170 904 2241 33333
931 2171 1082 2260 scriptae
1114 2192 1185 2240 3333
1215 2172 1387 2259 uidentur,
1423 2195 1500 2242 cum
1531 2174 1620 2243 siout
1647 2168 1789 2261 Berqer,

136 2289 308 2381 Ile'qistres
336 2289 464 2362 3133.
487 2287 554 2362 JV.
584 2291 656 2381 ul,
681 2316 716 2382 p.
742 2293 818 2361 128
845 2294 1029 2376 onnolam't,
1059 2291 1132 2361 alia
1158 2293 1308 2364 tinctura
1335 2293 1373 2362 iu
1396 2294 1445 2362 eis
1466 2298 1642 2383 appareat.
1698 2292 1790 2383 Epi·

131 2411 235 2482 stolae
260 2434 338 2503 erqo
368 2413 604 2502 reqistrarulae
630 2413 780 2482 3333333
800 2412 902 2502 plena
926 2411 1082 2482 collectae
1108 2419 1216 2500 erant,
1244 2436 1321 2483 cum
1340 2413 1488 2500 Ileqestu
1513 2419 1636 2483 nostra
1663 2413 1788 2484 scribe·

131 2539 268 2623 333333,
298 2558 384 2625 quac
416 2557 470 2605 333
507 2541 537 2604 33
562 2535 640 2623 ipsa
673 2533 799 2624 probat
824 2557 864 2603 33
892 2556 962 2603 333
991 2532 1097 2604 333333
1119 2540 1198 2623 past
1225 2533 1382 2624 epistolm
1410 2535 1609 2624 reqistratas
1636 2533 1790 2621 consecto

132 2675 220 2741 esse;
249 2661 279 2724 33
304 2654 368 2725 illa
395 2653 650 2740 (adalunaria,
678 2676 764 2745 quae
786 2654 823 2723 33
848 2655 897 2724 eis
924 2655 1151 2724 animaduerti
1174 2661 1336 2745 possunt,
1367 2677 1437 2724 3333
1465 2678 1507 2724 ou
1536 2652 1633 2726 libris
1662 2654 1788 2744 aliqui·

133 2773 209 2864 bus,
244 2777 282 2845 iu
317 2798 399 2866 quos
434 2774 596 2867 epistolae
632 2776 868 2863 reqistranalue
899 2774 998 2845 semel
1032 2777 1102 2845 iam
1129 2774 1258 2844 relatae
1290 2774 1435 2862 fuerint,
1463 2781 1633 2863 33333333,
1660 2775 1723 2847 333
1749 2797 1789 2845 333

133 2895 221 2986 ipsis
253 2896 404 2986 epistolis
435 2902 535 2965 antea
558 2897 694 2966 omissis
720 2895 817 2983 fucta
844 2918 914 2966 3333
941 2902 1199 2967 consentancum
1232 2895 1326 2966 nobis
1364 2896 1505 2966 3333333.
1560 2897 1606 2984 3)
1633 2896 1789 2967 litterae

132 3015 400 3106 uniuscuiusque
438 3015 534 3103 libri,
577 3039 664 3107 quoe
705 3015 898 3106 appellatae
933 3021 1015 3086 3333
1049 3015 1235 3105 33333333,
1271 3039 1351 3087 suos
1383 3038 1515 3107 semper
1550 3019 1790 3107 quaterniones

132 3135 264 3207 liabent.
317 3135 357 3208 Si
386 3136 529 3226 13333333
556 3141 674 3207 nostra
700 3136 902 3227 opoqrapbu
929 3135 1097 3207 librorum
1123 3136 1274 3224 3333333,
1299 3136 1337 3205 in
1361 3137 1480 3227 quibus
1499 3160 1613 3207 333333
1631 3136 1791 3227 epistolae

131 3255 371 3344 reqistranclac
398 3256 554 3327 collectae
580 3257 652 3326 iam
678 3253 805 3346 eraut³,
833 3256 1022 3346 quaeritur,
1051 3279 1121 3345 qua
1146 3257 1187 3326 33
1213 3279 1336 3345 aalma,
1365 3280 1442 3329 cum
1475 3258 1606 3330 litterae
1645 3256 1794 3330 curiales

132 3375 331 3447 scribendae
357 3383 473 3466 333333,
499 3399 605 3447 noceas
631 3398 764 3466 suuper
794 3376 975 3466 quaternio
1002 3380 1157 3466 sumptus
1182 3375 1243 3464 333,
1271 3377 1405 3446 33333333
1439 3376 1475 3446 33
1504 3377 1623 3448 ultimo
1652 3383 1789 3468 333333·-

133 3497 235 3567 niane
256 3495 457 3568 ‘'littera-rum
484 3497 721 3569 communium'
740 3497 849 3587 pluro
868 3495 957 3584 folia
975 3503 1188 3586 superessent
1210 3494 1348 3567 oaaraa⁴.
1401 3499 1448 3583 4)
1474 3498 1684 3585 Quibusdam
1707 3495 1790 3568 loeis

135 3616 278 3707 Reqestu
303 3625 422 3689 nostra
453 3620 504 3688 ita
539 3624 690 3689 carrecta
722 3623 818 3704 33333,
853 3623 890 3686 nl
923 3623 953 3686 u
984 3618 1183 3688 merodorum
1216 3623 1246 3688 et
1282 3618 1551 3688 333333333333333
1580 3640 1687 3688 33333
1717 3616 1791 3686 aliu

132 3736 275 3827 intelliql
300 3760 368 3809 non
389 3739 510 3828 possit,
536 3740 608 3809 nisi
636 3740 726 3830 quael
751 3740 955 3827 reqistrator
981 3736 1112 3808 litteras
1129 3743 1265 3808 notatas
1283 3737 1353 3807 siae
1371 3739 1523 3808 nrirrntas
1546 3761 1613 3809 333
1632 3743 1791 3810 neutrale
1874 3790 1877 3800 .

133 3860 280 3948 scriptas
312 3858 364 3929 ael
398 3865 564 3930 correctos
590 3882 679 3950 praa
711 3857 817 3929 333333
845 3857 1009 3929 babuerit.
1063 3858 1142 3928 qu.
1166 3857 1193 3927 I
1199 3857 1231 3928 V
1251 3857 1329 3929 Lib.
1355 3857 1416 3946 VI,
1439 3857 1527 3929 150⁵
1556 3858 1717 3949 leqimns:
1758 3857 1790 3930 si

137 3978 275 4051 videris
302 4000 348 4051 ex
376 3979 607 4051 institutione
634 3979 849 4051 huiusmodi
878 3999 976 4051 nove
1004 3977 1241 4052 observantie
1269 3977 1468 4069 provenire
1496 3999 1677 4070 magnum
1704 3977 1790 4050 fidei

135 4104 397 4190 augmentum,
432 4101 631 4173 animabus
665 4100 825 4173 salutem
860 4104 897 4172 et
932 4100 1101 4172 moribus
1138 4098 1389 4189 disciplinam,
1425 4106 1456 4170 et
1483 4107 1566 4190 post
1593 4099 1791 4190 provenire

134 4222 404 4313 superscriptum
432 4228 479 4292 est
506 4221 635 4313 possil.
695 4220 805 4292 Verbo
828 4220 992 4312 primitus
1012 4224 1129 4312 posita
1156 4220 1198 4290 ab
1225 4244 1291 4291 usu
1320 4221 1458 4312 lirrqrrae
1484 4220 1611 4291 latinae
1636 4244 1707 4291 333
1733 4220 1793 4291 ab·

135 4342 315 4414 333333333
340 4365 446 4433 neque
471 4365 512 4413 ea
538 4344 580 4413 33
607 4364 714 4412 consa
750 4347 949 4413 correctura
979 4342 1194 4433 3333933333,-
1234 4339 1330 4412 aerbo
1364 4348 1475 4412 333333
1511 4341 1633 4433 possit
1660 4344 1792 4414 3333333

135 4467 166 4532 33
193 4462 290 4534 33333
315 4470 417 4554 utque
444 4470 544 4534 33333
568 4463 695 4536 amun
713 4467 760 4534 333
781 4468 811 4533 et
834 4462 909 4532 alio
932 4486 1061 4555 quoque
1080 4461 1185 4532 uerbo
1208 4465 1337 4534 mutari
1359 4461 1560 4535 debebant⁶s
1587 4462 1617 4534 si
1641 4462 1791 4550 viderIS,

137 4580 269 4673 [quod]
415 4583 613 4676 provenire
640 4583 758 4675 possit
901 4583 1004 4657 salus
1031 4589 1068 4656 et
1210 4582 1414 4675 discipliua.
1467 4583 1527 4655 133
1554 4585 1792 4673 corripendum

136 4725 206 4774 3333
233 4704 429 4795 reqistratar
459 4706 498 4776 in
533 4705 601 4777 alia
634 4706 721 4777 libro
747 4729 816 4776 333
843 4705 936 4796 leqit,
965 4728 1073 4796 neque
1098 4705 1328 4796 nesscimus,
1356 4706 1519 4797 quomado
1545 4704 1647 4775 33333
1668 4704 1790 4796 prima

135 4824 283 4896 scribere
315 4833 346 4896 33
365 4833 491 4919 postea
524 4850 565 4898 ea
596 4827 647 4898 ita
672 4827 874 4918 eorriqemla
898 4848 968 4898 3333
993 4827 1153 4898 indicere
1182 4827 1353 4917 potnerit,
1388 4825 1457 4896 uisi
1483 4824 1652 4895 minutam
1679 4824 1794 4895 miuus

800 4976 901 4982 ..-.--
923 4977 939 4981 ψ.
957 4978 1090 4983 .....-.—.
1118 4978 1200 4983 -.-
1231 4979 1261 4984 --
1280 4979 1284 4983 .
1310 4978 1354 4983 ..-.
1371 4976 1467 4983 w—
1489 4977 1520 4981 .-
1538 4977 1594 4982 ...-

241 5077 265 5142 l)
286 5075 325 5142 Cf.
343 5076 422 5129 etiam
441 5075 477 5129 N.
491 5075 525 5129 A.
544 5080 561 5128 t.
577 5074 614 5140 X,
628 5090 656 5141 p.
671 5081 719 5128 333
731 5073 870 5142 3311333333
888 5075 905 5127 l.
917 5090 937 5128 3.
951 5090 980 5142 p.
992 5081 1031 5127 67.
1101 5075 1129 5139 2)
1149 5074 1183 5128 L.
1196 5075 1236 5141 H,
1249 5082 1396 5133 cac-647.-
1416 5073 1450 5127 L.
1469 5074 1676 5143 V,999-1000;
1695 5074 1789 5140 LVI,

138 5170 283 5224 666-672,·
295 5163 327 5229 33.
338 5162 371 5216 L.
379 5162 463 5230 VIII,
477 5168 621 5221 331-334;
632 5161 770 5227 inscriptio
782 5177 820 5228 ep.
832 5167 886 5227 335,
900 5177 944 5228 ap.
958 5161 1055 5228 nuper
1063 5166 1137 5226 5268,
1151 5176 1184 5213 33
1191 5161 1399 5229 praescriptione
1411 5161 1556 5230 umrqinali
1568 5165 1672 5214 3333333
1683 5166 1792 5227 sumpta

135 5265 190 5302 esse
207 5249 317 5302 333333.
422 5250 449 5316 3)
470 5247 529 5316 Quo
546 5254 658 5315 tempore
675 5245 746 5299 33333
762 5247 823 5300 illae
840 5249 920 5301 333333
937 5247 1108 5315 epistolarum
1120 5247 1279 5301 3333333333
1291 5247 1352 5313 sint,
1368 5248 1513 5313 uestinum
1532 5248 1670 5316 epistolam
1680 5248 1792 5300 33333333

136 5335 167 5386 in
184 5336 267 5388 altero
285 5336 464 5388 3333333333
477 5335 632 5388 intersimus.
703 5334 731 5398 4)
751 5333 843 5387 Vacua
860 5339 924 5387 suut
941 5334 972 5385 in
989 5333 1051 5386 Iun.
1065 5333 1112 5386 IV
1124 5333 1188 5403 Ileq.
1207 5339 1225 5386 t.
1240 5333 1260 5386 I
1271 5339 1332 5401 post
1344 5334 1393 5388 litt.
1407 5350 1496 5388 333333.
1516 5333 1628 5401 1,.113.
1647 5339 1790 5399 203-204,

137 5419 197 5475 Lib.
211 5420 266 5474 III
276 5422 298 5487 f.
319 5427 462 5488 399-300,
481 5421 514 5474 L.
529 5419 550 5472 I
553 5419 606 5486 Vs.
626 5426 765 5482 Ito-416,
784 5418 817 5472 L.
837 5418 892 5485 Vs.
910 5426 1062 5487 osa-6503
1079 5420 1110 5472 in
1128 5425 1146 5473 t.
1161 5419 1267 5488 113333
1290 5420 1340 5474 tm.
1364 5437 1428 5476 com.
1446 5420 1480 5475 L.
1500 5420 1579 5475 VIII
1591 5421 1613 5487 s.
1634 5426 1747 5487 78-80,
1769 5423 1793 5473 et

136 5506 208 5560 33333
218 5508 333 5562 munes
345 5512 369 5563 et
381 5508 507 5575 33333333
523 5508 544 5573 s.
558 5513 674 5571 94—963
691 5506 726 5572 cs.
740 5506 847 5575 Berqer,
862 5505 966 5576 13333.
980 5507 1044 5561 niu.
1057 5505 1108 5560 IV.
1188 5508 1216 5574 5)
1235 5505 1318 5573 13333
1325 5523 1356 5576 p.
1369 5514 1427 5570 422,
1446 5508 1495 5562 tiu.
1507 5514 1547 5564 32.
1626 5509 1653 5573 6)
1674 5505 1795 5574 emptor

136 5607 237 5648 333333
253 5594 369 5661 fortasse
386 5593 416 5647 {a
432 5593 534 5660 efficere
549 5593 639 5661 333333,
657 5591 704 5646 333
720 5592 815 5648 oblitus
831 5597 882 5660 333,·
895 5593 1030 5662 mortu
1047 5593 1105 5646 3333
1122 5608 1188 5647 raso
1204 5593 1235 5645 in
1253 5593 1318 5647 Ion.
1332 5593 1382 5648 IV
1390 5595 1453 5665 Roq.
1472 5593 1532 5650 Lab.
1551 5594 1592 5649 VI
1606 5592 1729 5648 vidimus.
