4328 6232
811 313 859 366 EX
878 309 1096 367 INNOOEN'I'lI
1115 307 1153 361 IV
1171 307 1352 364 Ruelsuuo

1041 643 1128 716 206.

359 761 578 853 Innocentius
600 787 621 850 Ι
628 786 656 851 V
679 759 770 869 papo
800 785 958 848 universis
986 783 1148 848 comitibus
1175 787 1204 847 et
1233 783 1310 847 otiis
1330 783 1488 848 nobilibus
1514 783 1684 850 Tentoniac
1705 784 1857 863 mandat,
1881 790 1915 848 nt

253 889 430 975 [ilenrico]
450 891 518 974 rapi
539 888 754 954 Rornanorum
775 888 913 952 viriliter
933 887 1097 951 assistant.
1561 886 1675 970 [1246,
1695 888 1760 956 inl.
1778 889 1828 974 5.]

359 1012 422 1065 lim.
437 1011 488 1065 IV
503 1011 566 1079 Rap
584 1010 637 1064 Vol.
652 1010 676 1078 I,
694 1016 757 1075 41&
774 1008 835 1063 Le.
849 1009 899 1076 IV,
917 1023 974 1061 cnr.
987 1014 1027 1061 24.

360 1097 459 1165 Berper
474 1103 547 1152 2940.

256 1290 485 1366 Universis
513 1291 751 1370 comitibus
779 1296 820 1365 et
846 1290 945 1364 eliis
972 1289 1198 1362 nobilibus
1225 1310 1302 1381 per
1321 1288 1614 1364 Theotoniam
1639 1291 1914 1365 constitutis,

364 1439 449 1513 Quia
480 1441 639 1506 honorem
672 1447 706 1504 et
734 1439 856 1503 bonum
885 1444 1006 1503 statum
1036 1437 1165 1523 imperii
1193 1435 1333 1501 Romani
1366 1437 1451 1502 inter
1481 1445 1610 1503 ceteros
1637 1437 1750 1503 mundi
1784 1439 1915 1504 nobiles

256 1542 446 1628 diligentius
474 1564 650 1629 procurare
681 1563 719 1606 ac
749 1541 928 1607 studiosius
952 1562 1148 1607 conservare
1171 1541 1344 1621 tenemini,
1375 1561 1435 1604 uos
1459 1540 1500 1604 ad
1525 1540 1557 1605 id
1580 1548 1672 1605 tanto
1695 1542 1915 1607 confidentius

256 1666 316 1731 per
343 1652 472 1710 nostras
500 1647 628 1711 litteras
656 1667 712 1710 vos
736 1645 914 1727 hortamur,
953 1652 1075 1731 quanto
1103 1643 1144 1708 ad
1176 1643 1372 1730 exequenda
1401 1650 1513 1708 nostra
1542 1643 1751 1730 beneplacita
1785 1646 1818 1709 in
1852 1646 1914 1711 hac

256 1755 349 1835 parte
379 1750 505 1814 animos
534 1750 657 1814 habere
686 1770 743 1812 vos
773 1748 937 1813 credimus
967 1749 1194 1834 promptiores.
1239 1746 1327 1811 Hinc
1358 1754 1423 1828 est,
1453 1747 1540 1832 quod
1564 1768 1637 1811 cum
1660 1747 1800 1820 dilectus
1824 1747 1911 1812 filius

257 1851 375 1915 nobilis
400 1852 449 1915 vir
466 1901 499 1918 ..
522 1852 725 1937 lantgravius
750 1851 931 1936 'thuringie
955 1852 987 1916 in
1012 1851 1233 1915 Romanorum
1258 1870 1386 1935 regem,
1418 1849 1482 1914 Dei
1510 1858 1668 1936 operante
1691 1853 1824 1932 uirtute,
1855 1853 1909 1937 qui

257 1974 388 2018 suorum
415 1960 492 2020 vota
516 1955 702 2042 inspirando
727 1956 878 2041 prevenit
901 1961 935 2020 et
957 1955 1141 2021 adiuvando
1165 1956 1384 2041 prosequitur,
1414 1955 1456 2019 sit
1478 1960 1682 2041 assumptus,
1706 1955 1913 2021 nobilitatem

257 2063 399 2122 vestram
428 2079 615 2141 monemus,
645 2081 798 2144 rogamus
828 2066 862 2125 et
892 2059 1063 2124 hortamur
1093 2063 1238 2138 attente,
1270 2057 1480 2139 mandantes,
1511 2058 1545 2123 in
1568 2059 1796 2124 remissionem
1819 2059 1913 2124 vobis

256 2161 482 2244 peccaminum
498 2162 710 2246 iniungendo,
728 2163 878 2249 quatinus
894 2183 1007 2247 regem
1024 2163 1131 2248 ipsum
1146 2161 1248 2226 totius
1264 2161 1515 2241 honorificentie
1531 2159 1643 2226 debito
1660 2170 1913 2248 prosequentes,

257 2264 374 2345 eidem,
402 2267 576 2332 cuiuslibet
600 2267 864 2332 contradictionis
888 2273 921 2331 et
944 2265 1146 2330 difficultatis
1176 2272 1317 2329 ammoto
1341 2266 1511 2350 repagulo,
1534 2271 1684 2351 prompte
1707 2286 1747 2330 ac
1771 2265 1914 2330 fideliter

255 2369 435 2434 intendatis
460 2376 493 2434 et
515 2371 673 2435 assistatis
696 2371 833 2434 viriliter
858 2375 891 2434 et
913 2375 1076 2455 potenter.
1121 2369 1278 2453 Alioquin
1300 2368 1419 2433 dilecto
1436 2368 1503 2433 filio
1522 2418 1529 2432 .
1548 2417 1556 2433 .
1572 2369 1679 2433 electo
1695 2369 1912 2443 Ferrariensi,

256 2474 434 2559 apostolice
458 2473 546 2538 sedis
569 2475 690 2558 legato,
714 2474 831 2538 litteris
854 2475 972 2537 nostris
995 2474 1205 2557 iniungimus,
1229 2479 1264 2536 ut
1287 2494 1344 2538 vos
1369 2471 1410 2536 ad
1434 2472 1467 2537 id
1483 2473 1645 2559 spirituali
1663 2493 1722 2537 seu
1738 2473 1912 2559 temporali

257 2574 466 2657 districtione,
491 2582 587 2663 prout
610 2576 731 2641 viderit
754 2575 922 2661 expedire,
947 2576 1175 2662 compellatae

365 2696 403 2760 lu
427 2696 568 2762 eundem
592 2697 722 2761 modum
746 2697 1033 2761 communitatibus
1058 2699 1238 2764 civitatum.

1041 3219 1129 3293 207.

360 3331 578 3424 Innocentius
601 3357 659 3422 IV
672 3379 761 3439 papa
783 3357 941 3421 uniuersis
958 3359 1161 3441 principibus
1186 3358 1355 3423 Teutonico
1377 3358 1526 3440 ininnpe't,
1554 3361 1589 3422 nt
1611 3359 1767 3440 nepotiani
1790 3360 1918 3439 imperii

256 3461 396 3525 Romani
429 3461 635 3526 landabiliter
668 3460 847 3525 inchoatum
878 3466 1114 3545 prosequantur
1152 3466 1180 3525 ct
1212 3460 1387 3545 H[enrico]
1426 3461 1495 3543 cepi
1524 3458 1741 3525 Rornanorum
1770 3468 1916 3545 polenta

256 3564 426 3643 assistant,
458 3584 527 3629 cnm
556 3564 624 3628 sine
645 3565 725 3647 ipsis
746 3564 874 3628 ccclesia
889 3584 1001 3644 mnan
1022 3585 1091 3629 cnm
1113 3564 1253 3629 inimicis
1279 3565 1363 3644 nepes
1384 3564 1521 3628 eiccsdcrn
1542 3562 1755 3643 resorniatnra
1777 3567 1917 3629 nonsit.

1598 3669 1692 3744 1246,
1716 3667 1780 3732 lat.
1797 3669 1829 3735 5.

360 3751 424 3806 Inn
437 3752 485 3805 IV
500 3751 565 3821 aa.
584 3752 637 3807 Vct.
652 3751 753 3819 I,419‚·
771 3752 831 3807 Inte.
846 3753 897 3820 IV,
916 3769 972 3806 cen.
985 3761 1023 3807 20.

361 3837 460 3905 Berpcr
471 3844 544 3892 2042.

623 3979 875 4054 Universis
907 3979 1211 4072 principibus
1241 3974 1547 4054 Theotoniel.

367 4129 452 4203 Quia
482 4129 613 4195 hunone
645 4129 783 4195 ecclesie
807 4151 844 4194 ac
866 4127 1005 4193 Romani
1027 4129 1155 4214 imperii
1178 4150 1237 4195 vos
1268 4129 1354 4195 inter
1385 4136 1513 4195 ceteros
1536 4130 1624 4195 orbis
1641 4130 1812 4217 principes
1841 4153 1917 4197 esse

259 4233 421 4299 eredimus
443 4235 617 4320 precipuos
641 4235 818 4314 zelatores,
843 4233 884 4297 ad
907 4233 1148 4319 procurandum
1171 4239 1382 4319 augmentum
1404 4233 1510 4319 ipsius
1534 4253 1573 4298 eo
1597 4231 1813 4299 confidentius
1837 4256 1917 4301 con-

259 4337 414 4402 stautiam
436 4344 580 4402 vestram
604 4337 725 4402 nostris
748 4336 930 4402 inducimus
955 4338 1089 4402 monitis
1112 4345 1146 4402 et
1168 4336 1346 4417 mandatis,
1379 4357 1443 4422 quo
1467 4337 1657 4423 apostolicis
1679 4336 1713 4401 in
1735 4336 1799 4403 hac
1823 4346 1918 4425 parte

257 4440 497 4528 beneplacitis⁰
519 4462 578 4508 vos
601 4462 768 4527 speramus
785 4442 967 4529 promptius
990 4448 1024 4507 et
1047 4441 1209 4506 efficatius
1233 4441 1402 4527 parituros.
1448 4441 1537 4507 Hinc
1560 4446 1622 4521 est,
1645 4440 1732 4526 quod
1754 4442 1918 4509 universi·

259 4549 358 4609 tatem
388 4549 531 4609 vestram
553 4565 738 4626 monemus,
768 4566 922 4631 rogamus
953 4551 986 4611 et
1016 4545 1184 4610 hortamur
1212 4551 1354 4624 attente,
1385 4544 1597 4626 mandantes,
1629 4544 1917 4612 inremissionem

259 4653 468 4731 peccatorum
502 4646 715 4732 iniungendo,
751 4648 903 4733 quatinus
934 4648 1064 4735 imperii
1094 4649 1212 4734 prefati
1240 4649 1407 4733 negotium
1443 4649 1508 4713 iam
1542 4647 1751 4714 laudabiliter
1784 4656 1918 4715 auctore

259 4746 400 4812 Domino
423 4748 610 4814 inchoatum
634 4751 860 4816 constantibus
884 4752 1001 4816 animis
1019 4758 1268 4838 prosequentes,
1292 4757 1329 4815 ut
1344 4752 1451 4837 possit
1467 4751 1531 4816 fine
1548 4771 1704 4839 prospero
1720 4754 1917 4825 consumari.

260 4852 426 4916 carissimo
449 4853 482 4916 in
506 4851 636 4917 Christo
659 4852 725 4916 filio
748 4860 860 4917 nostro
876 4853 920 4916 H.
944 4854 1063 4918 illustri
1086 4854 1306 4919 Romanorum
1331 4855 1401 4939 regi
1415 4861 1569 4941 potenter
1584 4862 1618 4920 ct
1633 4861 1788 4942 patenter
1804 4864 1918 4921 contra

260 4953 424 5039 quoslibet
452 4955 557 5039 ipsius
585 4954 791 5020 adversarios
821 4957 995 5021 assistatis.
1039 4958 1109 5023 Nos
1133 4960 1218 5023 enim
1243 4980 1303 5023 nec
1332 4959 1365 5022 in
1394 4959 1496 5043 ipsius
1523 4960 1610 5045 regis
1633 4959 1701 5024 vita
1727 4981 1789 5025 nec
1818 4962 1916 5025 etiam

365 5214 389 5279 ²)
411 5215 488 5266 verba
506 5216 565 5266 Dat.
584 5221 614 5266 ut
631 5230 711 5281 supra
733 5215 761 5264 in
779 5232 817 5282 ep.
836 5217 993 5269 arceamus
1008 5236 1034 5269 n.
1052 5221 1101 5270 210
1123 5227 1146 5270 et
1168 5219 1196 5270 in
1218 5220 1376 5285 commutans
1393 5237 1420 5270 n.
1434 5222 1483 5271 209
1499 5229 1523 5271 et
1539 5223 1591 5272 207
1606 5219 1755 5286 cdrcnptc,
1778 5237 1810 5270 ee
1827 5237 1916 5271 errore

260 5301 353 5352 cinisca
371 5309 506 5366 pnmrnrn;
532 5302 566 5367 cf.
586 5319 616 5367 p.
634 5305 689 5366 156,
712 5309 764 5353 not.
781 5320 806 5352 n.
902 5300 927 5366 b)
957 5304 1019 5356 baec
1039 5307 1133 5371 ¹tornea
1162 5306 1336 5372 inscriptionis
1355 5322 1467 5372 prcrm
1489 5306 1593 5357 insolita
1619 5315 1669 5368 est,
1698 5322 1778 5371 neque
1804 5324 1861 5357 enm
1889 5309 1916 5356 in

259 5386 403 5438 andrenaco
429 5386 537 5438 masse
560 5394 699 5452 potamum-
732 5386 802 5437 alias
826 5387 892 5437 naim
914 5405 1012 5455 semper
1039 5407 1084 5457 per
1110 5391 1278 5443 'theotoniam
1306 5391 1452 5443 constitistis
1480 5390 1587 5455 tapinom-
1618 5392 1653 5456 cs.
1677 5390 1751 5456 insra
1773 5399 1796 5440 rt
1817 5411 1843 5442 a
1867 5398 1918 5445 208

260 5480 283 5522 ct
296 5490 325 5538 p.
340 5476 394 5537 134,
412 5482 463 5525 not
478 5478 498 5522 1.
570 5471 594 5537 0)
614 5473 786 5540 beneplacitos
798 5471 830 5523 It.
1110 5478 1114 5483 '

366 5608 392 5672 1)
412 5605 449 5672 Oi
466 5622 495 5659 n.
508 5612 564 5691 201.
