4328 6232
834 357 881 413 EX
900 355 1117 412 luuocuurn
1135 355 1173 410 lV
1191 355 1371 412 Ruolsrao

810 714 820 732 .
850 714 859 731 .
888 657 1111 751 episeopo
1137 656 1393 732 Basiliensi.
1517 693 1522 703 ·

380 810 500 875 Multos
530 818 564 874 ct
592 810 782 895 frequentes
818 808 887 895 pati
921 790 978 893 pro
1013 808 1237 873 ecclesiastica
1272 807 1425 872 libertate
1449 807 1580 873 laboras
1603 808 1662 874 tibi
1686 806 1930 894 quodammodo

280 916 466 981 delitiosum
490 920 655 1001 reputans,
679 922 712 978 tc
735 913 776 977 ad
799 919 917 977 cuncta
940 933 997 998 pro
1021 912 1086 978 Dei
1114 913 1217 997 gloria
1246 910 1416 977 reddidisti
1439 911 1632 989 sollicitum,
1654 933 1716 998 per
1738 934 1803 999 que
1827 914 1932 998 possit

278 1020 444 1085 ceclesia⁸
472 1019 627 1104 consequi
661 1017 792 1082 honoris
827 1023 1047 1102 augmentum.
1104 1014 1171 1081 Nos
1203 1016 1332 1101 itaque,
1360 1021 1494 1101 propter
1522 1015 1585 1079 hoo
1615 1036 1793 1101 personam
1816 1016 1931 1081 tuam*

279 1124 414 1210 speciali
447 1124 558 1187 favore
595 1121 748 1207 prosequi
782 1121 1002 1195 delectantes,
1031 1120 1234 1206 presentium
1261 1119 1323 1184 tibi
1350 1120 1546 1184 auctoritate
1575 1118 1802 1201 concedimus,
1831 1127 1869 1185 nt
1902 1121 1933 1185 si

279 1229 364 1292 forte
387 1227 512 1292 civibus
534 1225 772 1290 Basiliensibus
796 1246 854 1310 pro
879 1222 1021 1288 evidenti
1043 1224 1244 1288 necessitate
1268 1223 1436 1307 contingat
1459 1223 1654 1289 auctoritate
1682 1229 1798 1290 nostra
1819 1224 1931 1309 prefici

280 1331 486 1417 capitaneum
517 1331 568 1393 vel
598 1330 740 1414 aliquem
768 1328 994 1408 defensorem,
1020 1327 1090 1413 ipse
1122 1325 1318 1412 disponendi
1340 1324 1380 1390 de
1404 1325 1483 1406 hiis,
1513 1347 1576 1412 que
1599 1325 1640 1390 ad
1664 1334 1757 1391 tuum
1779 1335 1933 1414 spectant

280 1434 434 1512 officium,
457 1455 514 1498 seu
538 1433 578 1497 de
601 1433 694 1497 bonis
718 1431 759 1496 ad
782 1439 814 1495 to
836 1433 890 1496 vel
913 1431 1071 1497 eeclesias
1087 1429 1280 1495 Basiliensis
1304 1430 1446 1494 civitatis
1469 1435 1503 1495 et
1525 1428 1666 1495 diocesis
1689 1431 1932 1516 pertinentibus

281 1538 404 1601 nullam
427 1538 556 1601 omnino
586 1536 707 1600 habeat
735 1541 950 1622 potestatem,
978 1555 1040 1598 nec
1063 1532 1162 1598 etiarn
1186 1532 1248 1597 sibi
1271 1532 1456 1597 ministrare
1480 1534 1670 1597 necessaria
1692 1535 1746 1598 vel
1770 1534 1931 1600 exhibere

278 1642 522 1728 procurationes
549 1641 675 1725 aliquas
703 1640 865 1718 tenearis,
895 1638 1102 1702 convenienti
1124 1636 1297 1701 dumtaxat
1323 1643 1464 1724 excepto
1493 1636 1653 1716 subsidio,
1681 1639 1709 1702 si
1736 1637 1825 1725 quod
1848 1639 1930 1704 sorte

279 1751 412 1830 propter
434 1744 495 1808 hoc
517 1743 713 1807 venerabilis
736 1742 839 1807 frater
862 1748 974 1806 noster
998 1791 1031 1807 ..
1055 1740 1309 1826 Argentinensis
1337 1741 1509 1828 opiscopus
1540 1762 1583 1805 ex
1613 1761 1716 1806 causa
1744 1741 1931 1807 rationabili

281 1847 394 1912 tibist
417 1849 489 1912 aliis
512 1845 643 1910 duxerit
665 1845 930 1932 imponendum¹.
974 1844 1063 1909 Nulli
1086 1866 1165 1930 ergo
1189 1850 1251 1909 etc.
1274 1850 1385 1910 nostre
1409 1845 1629 1911 concessionis
1652 1852 1716 1910 etc.

381 1966 456 2032 Dat.
481 1966 644 2053 Lugduni,
668 1966 802 2032 111dus
826 1966 927 2052 April.
950 1987 1036 2030 anno
1052 1965 1109 2032 V⁰.

898 2195 1308 2204 .-----.-

1063 2422 1150 2496 538.

384 2539 601 2630 Innocentis
622 2562 678 2627 IV
691 2583 781 2643 porra
805 2563 912 2627 euasti
937 2562 1048 2627 Sancti
1076 2544 1198 2629 Urbani
1223 2562 1474 2628 mosomum
1494 2562 1625 2629 diocesis
1645 2564 1690 2629 ad
1713 2586 1825 2649 preces
1846 2566 1933 2630 comt

281 2674 347 2732 tura
375 2668 412 2731 dc
434 2667 559 2750 Kiburp
585 2667 730 2745 rraorrdot,
762 2671 798 2730 at
824 2666 1055 2748 praebendum,
1084 2687 1178 2749 qaam
1206 2665 1239 2732 U
1239 2666 1337 2730 troas
1364 2665 1401 2729 dc
1424 2665 1543 2732 Sancto
1563 2667 1697 2733 Nicoloc
1715 2669 1881 2752 presbyter
1900 2670 1934 2732 ia
1957 2715 1978 2731 .

280 2773 407 2836 ccclesia
441 2772 604 2837 Tortcaasi
634 2771 783 2848 obtineat,
818 2771 874 2853 qai
903 2769 1016 2856 fautor
1048 2769 1207 2834 Fridarici
1234 2768 1392 2850 quondam
1420 2770 1621 2850 imperatoris
1648 2771 1767 2836 cristae
1795 2774 1832 2836 ia
1860 2772 1978 2838 eatan

285 2874 449 2939 Taricerasi
470 2875 633 2940 interdicto
654 2876 816 2956 supposita
838 2875 876 2938 de
897 2875 1025 2939 licentio
1039 2873 1210 2958 [Hernici]
1224 2873 1361 2954 episcopi
1379 2873 1633 2940 Constanticasie
1655 2896 1778 2940 moram
1800 2875 1978 2957 amas-

280 2975 426 3062 Rodalfo
447 2978 556 3042 clerico
577 2979 701 3043 aotcrsb
722 2978 842 3042 comtes
865 2977 1000 3042 iunioris
1021 2978 1169 3057 scateat
1195 3011 1235 3022 -
1259 2975 1347 3040 Idem
1363 2975 1495 3040 anecdot
1516 2976 1554 3040 de
1569 2979 1758 3058 praebendo
1772 2978 1978 3044 Barcards

282 3081 410 3145 rectoris
431 3082 573 3147 mosae
595 3082 632 3146 dc
653 3080 755 3145 Mara
776 3081 916 3145 chrico
938 3080 975 3145 dc
1000 3080 1208 3164 Oliapcabcrq
1230 3080 1413 3146 masiliam
1435 3081 1581 3146 comitam
1602 3081 1807 3167 conferenda.

385 3200 918 3270 1na.1VRsy.Vot.uaaa;L1o.V,
939 3205 1096 3255 roacare.
1575 3188 1670 3266 1248,
1692 3187 1778 3269 Apr.
1801 3192 1852 3253 13.

388 3288 484 3357 Barca
501 3294 569 3344 esra
584 3293 607 3342 3
624 3294 699 3344 esra.

1099 3392 1126 3458 Ι.

516 3575 525 3592 .
555 3575 563 3593 .
592 3519 754 3593 abbati
781 3519 944 3594 Sancti
969 3517 1154 3593 Urbani²
1181 3520 1503 3599 cisterciensis
1530 3522 1708 3598 ordinis

807 3639 1185 3716 Constantiensis
1212 3641 1415 3718 diocesia.

386 3791 509 3855 Dileoti
531 3791 589 3855 lilii
611 3791 739 3855 nobiles
763 3790 823 3854 viri
844 3789 888 3854 H.
904 3790 1014 3855 senior
1037 3796 1070 3855 et
1093 3790 1137 3855 H.
1154 3791 1262 3857 iunior
1284 3794 1421 3860 comites
1445 3792 1486 3861 de
1504 3793 1653 3862 Kiburch
1669 3803 1828 3883 porrecta
1850 3798 1978 3864 nobi!

284 3897 441 3982 petitione
464 3901 695 3974 monstrarunt,
719 3893 806 3979 quod
826 3905 916 3975 nos0,
939 3895 1109 3960 intellecto
1133 3896 1221 3982 quod
1236 3897 1369 3963 Ulricus
1392 3898 1434 3964 de
1452 3899 1574 3965 Sancto
1590 3898 1730 3967 Nicolao
1752 3902 1978 3989 presbyten:

285 4000 457 4064 canonicus
492 3999 633 4064 ecclesie
660 3998 847 4063 Turioensis
878 3997 1140 4064 Constantiensis
1174 3999 1335 4082 diocesis,
1367 4002 1551 4068 fautoribus
1582 4002 1746 4071 Friderioi
1779 4005 1978 4093 quondam

285 4105 489 4189 imperatoris
512 4103 684 4167 manifeste
708 4103 887 4178 adherens,
911 4104 959 4167 eis
983 4108 1097 4167 contra
1120 4104 1294 4170 ecclesiam
1317 4107 1488 4191 prestabat
1511 4108 1701 4189 consilium,
1724 4110 1891 4176 auxilium
1913 4114 1978 4175 et:

285 4209 439 4286 favorem,
465 4258 497 4273 ..
522 4206 634 4271 abbati
657 4204 698 4271 de
721 4205 890 4292 Altaripa³
915 4204 1136 4271 Lausanensis
1160 4205 1301 4274 diocesis
1323 4209 1445 4273 nostris
1470 4208 1622 4276 dedimus
1645 4211 1770 4278 litteris
1793 4215 1829 4280 in
1853 4236 1938 4282 man·
1973 4250 1978 4259 ·

285 4311 380 4392 datis,
403 4317 449 4389 ut,
474 4311 501 4375 si
525 4317 613 4375 esset
635 4311 691 4391 ita,
709 4311 814 4397 ipsum
837 4311 1030 4375 canonicatu
1054 4317 1088 4376 et
1110 4311 1279 4398 prebenda
1301 4314 1496 4380 auctoritate
1512 4323 1628 4381 nostra
1641 4317 1782 4403 privans
1802 4320 1932 4388 ecelesia

284 4413 489 4493 Turioensis‚
519 4414 625 4499 ipsam
653 4411 855 4498 prebendam
884 4413 1081 4478 auctoritate
1111 4421 1223 4479 nostra
1254 4416 1418 4482 conferret
1439 4417 1583 4484 Radull'o
1608 4422 1732 4486 clerico
1756 4430 1793 4488 et
1816 4426 1929 4490 notan'o

285 4516 363 4580 dicti
393 4517 519 4581 comitis
552 4516 716 4597 iunioris⁴‚
745 4515 1001 4582 conuadictores
1024 4524 1086 4583 ete.
1122 4539 1242 4603 usque:
1278 4520 1531 4606 compescendo.
1582 4522 1710 4589 Verum
1745 4527 1827 4613 qnia
1858 4527 1932 4595 iden

285 4618 427 4699 illucue,
452 4621 536 4684 sicut
560 4618 667 4684 eidem
683 4618 824 4684 Radulfo
846 4626 883 4684 ut
905 4621 1062 4684 asseritur
1084 4622 1181 4707 plene
1205 4631 1344 4706 constat,
1367 4626 1401 4689 in
1424 4625 1503 4691 villa
1518 4626 1691 4694 Turicensi
1715 4632 1932 4701 ecclesiastico

285 4724 454 4808 supposita
477 4722 660 4803 interdicto,
685 4724 777 4787 cuius
799 4722 1000 4788 habitatores
1024 4723 1061 4788 F.
1077 4725 1188 4789 favent
1210 4727 1373 4812 predicto,
1398 4728 1438 4794 de
1460 4731 1596 4795 licentia
1611 4735 1814 4800 venerabilis
1836 4736 1935 4803 fratrb

286 4827 387 4891 nostri
411 4873 445 4893 ..
469 4826 729 4892 Constantiensis
752 4828 895 4913 episcopi
919 4848 1041 4891 moram
1064 4831 1166 4893 traxit
1178 4831 1200 4911 ⁵,
1224 4838 1358 4918 propter
1382 4832 1468 4918 quod
1496 4834 1569 4921 ipse
1598 4838 1733 4923 assequi
1762 4861 1808 4904 ex
1830 4840 1934 4908 buius·

390 4986 526 4993 .——.
538 4988 545 4991 ,
555 4986 653 4992 ..-.,
692 4986 757 4991 ——
778 4986 782 4990 ·
839 4986 935 4991 ——-
951 4986 1026 4991 ——-
1088 4989 1251 4994 --—-———---
1262 4990 1347 4995 —.
1392 4991 1547 4999 —.—..—-
1558 4995 1589 5000 „-

393 5087 418 5151 a)
437 5089 544 5140 eoelegie
563 5089 594 5139 R,
693 5086 719 5154 l³)
737 5089 794 5139 eius
812 5087 844 5139 ll.
879 5086 957 5152 Papa
974 5087 1005 5138 de
1023 5087 1072 5138 laco
1089 5106 1127 5154 ep.
1146 5089 1273 5140 destinato
1291 5093 1381 5157 αὶίιιηι,
1396 5096 1510 5159 sortasse
1527 5095 1674 5165 episcopam
1692 5100 1841 5168 Δηώ,
1855 5103 1937 5155 wlie-

287 5191 339 5224 rem
355 5176 453 5239 tecleae,
466 5177 493 5226 ia
504 5194 557 5241 quc
568 5177 654 5227 altera
665 5193 704 5241 ep.
716 5177 820 5227 corbum
835 5175 892 5226 eius
904 5182 969 5224 recte
980 5174 1089 5239 positure
1107 5185 1171 5240 erat,
1190 5185 1213 5228 et
1224 5178 1356 5244 utrimque
1370 5198 1408 5246 ep.
1421 5182 1596 5234 wtbmstieum
1613 5201 1645 5236 α·
1662 5186 1711 5238 boa
1729 5188 1821 5242 sods·
1830 5192 1937 5258 mpla

287 5261 447 5312 scribendam
463 5265 545 5329 sitiam
562 5262 675 5326 sidetem
692 5263 726 5328 cf.
745 5262 820 5328 s'qsra
837 5278 863 5311 a.
881 5264 931 5311 547
946 5267 969 5310 ct
987 5259 1020 5309 N.
1040 5260 1072 5310 al.
1091 5269 1108 5313 t.
1127 5261 1161 5326 X,
1174 5283 1203 5329 p.
1220 5269 1279 5328 529,
1295 5270 1344 5317 532
1360 5276 1384 5318 et
1401 5273 1460 5320 548.
1566 5273 1590 5337 ο)
1609 5274 1681 5338 quod
1698 5290 1761 5327 mm
1777 5292 1827 5329 non
1842 5275 1876 5328 R.

391 5383 416 5445 1)
435 5379 516 5447 papa
533 5379 680 5448 φῑαχηηηη
697 5379 785 5434 Basil.
801 5383 910 5446 amam,
929 5377 977 5445 qai
993 5378 1149 5446 capuanae
1168 5383 1205 5434 erl
1221 5382 1343 5448 &semor
1360 5386 1456 5440 dotum
1472 5395 1536 5443 esset
1545 5430 1554 5457 ,
1570 5390 1681 5448 draciaea
1697 5410 1756 5450 aaa
1772 5394 1881 5463 ὢν,
1895 5392 1937 5449 d

285 5467 414 5530 offamlere
431 5483 491 5520 eura
507 5467 608 5529 3313ίέ,-
625 5467 660 5531 cs.
678 5483 706 5519 a
724 5473 785 5533 520,
804 5472 851 5520 525
867 5468 891 5517 tt
907 5470 962 5518 539.
1064 5467 1093 5528 2)
1111 5466 1161 5521 ΕΦ
1180 5485 1218 5521 vs·
1235 5470 1282 5523 05⁰·
1301 5469 1456 5526 &lostam
1562 5476 1592 5544 3)
1610 5476 1644 5533 Ε
1658 5494 1725 5535 Μ’·
1740 5479 1793 5537 ⁶⁸⁸·
1810 5478 1937 5551 Μ

288 5553 319 5605 a„
334 5552 464 5607 Harae.
575 5553 604 5616 4)
622 5552 667 5607 Da
692 5553 739 5607 hoc
762 5553 794 5618 cs.
813 5550 911 5619 Base
927 5555 1009 5618 sara,
1025 5558 1102 5619 erae,
1127 5561 1204 5622 3131,
1223 5562 1299 5620 3132,
1323 5564 1404 5625 3344,
1422 5567 1496 5616 aras.
1599 5563 1631 5637 a)
1646 5562 1709 5623 &t
1722 5564 1809 5625 ms.
1822 5574 1876 5625 ιιι

287 5637 710 5708 Μιφῑωμαώωω,
736 5643 854 5693 matram
881 5636 1109 5707 stricturam
1134 5656 1164 5694 co
1191 5641 1262 5710 quod
1288 5643 1592 5707 memorarem
