4328 6232
695 339 897 396 EPISTOLAE
914 339 1105 397 SEIAEC'I'AE.
1141 343 1217 397 1246.

922 640 1004 714 roa.

234 751 456 845 Inraoemrtics
470 780 496 844 1
498 778 527 843 V
539 800 631 861 papo
652 781 815 845 univeros
826 782 950 865 fratres
965 780 1111 846 Minores
1128 782 1296 848 Teutonico
1311 788 1423 863 erraret,
1445 788 1481 848 at
1493 783 1602 866 fideles
1618 785 1789 850 Teutonico

125 883 401 948 retortationihus
431 883 598 962 inducant,
629 887 665 948 at
689 884 732 961 ct,
762 885 818 965 qai
846 885 882 949 io
904 884 1120 950 montaum
1150 906 1251 969 rapam
1281 887 1393 952 ciectus
1417 886 1537 973 fucrit,
1565 888 1732 953 intendant
1759 892 1789 952 et

126 988 294 1054 merant.
1432 992 1525 1068 1246,
1548 990 1630 1073 Apr.
1645 995 1699 1057 22.

234 1105 299 1159 Invi.
313 1106 363 1160 IV
379 1106 442 1176 Rrp.
458 1105 549 1174 Votl,
565 1111 632 1173 30²3
649 1105 710 1160 Lib.
723 1105 785 1175 111,
804 1123 859 1162 our.
875 1115 895 1162 7.
931 1107 1030 1161 Pertaii
1052 1109 1184 1176 miranter
1200 1109 1359 1164 mutinae
1375 1127 1435 1166 cum
1453 1111 1597 1181 Wuddiup,
1620 1111 1695 1165 Ana
1715 1111 1787 1166 Min.

127 1211 154 1245 u.
167 1200 242 1258 1246,
261 1197 313 1258 §5.

235 1278 369 1347 Ponam,
389 1278 452 1348 Ray.
466 1285 559 1346 nora·
578 1278 759 1347 Baqerron.
869 1270 871 1273 ’

322 1474 571 1549 Universis
598 1474 834 1548 fratribus
861 1475 916 1548 de
944 1475 1113 1550 ordine
1140 1479 1342 1552 fratrum
1368 1478 1599 1553 Minorum

589 1615 669 1688 per
697 1594 1011 1699 'theotoniam
1040 1597 1337 1673 constitutis,

239 1745 324 1811 Cum
351 1744 497 1810 ordinem
519 1750 666 1810 restrum
697 1745 783 1810 inter
813 1745 895 1810 alios
923 1746 1104 1831 apostolica
1135 1746 1232 1812 sedes
1262 1748 1400 1834 speciali
1426 1754 1645 1834 prosequatur
1667 1750 1788 1814 affeetu

58 1876 73 1901 ··
128 1852 304 1938 ipsumque
336 1848 485 1937 pluribus
518 1848 729 1914 honoraverit
760 1848 940 1935 privilegiis
972 1854 1005 1913 et
1037 1849 1208 1935 multiplici
1245 1872 1375 1937 semper
1406 1851 1555 1916 intendat
1587 1853 1786 1918 communire

127 1953 259 2033 tavare,
289 1959 381 2017 tanto
409 1953 590 2041 pleniorem
620 1950 662 2017 de
692 1950 783 2016 vobis
811 1951 897 2036 gerit
923 1950 1090 2033 fiduciam,
1121 1960 1242 2038 quanto
1266 1974 1324 2018 vos
1353 1955 1438 2019 inter
1461 1955 1633 2041 religiosos
1657 1962 1787 2021 ceteros

127 2056 245 2119 maiori
261 2077 340 2140 erga
356 2077 392 2121 se
408 2060 520 2142 sperat
535 2054 709 2121 devotione
726 2054 865 2119 fervere.
899 2052 987 2118 Hinc
1005 2062 1065 2133 est,
1090 2054 1177 2142 quod
1192 2057 1440 2122 universitatem
1456 2065 1600 2124 vestram
1615 2079 1786 2124 monemus

128 2165 164 2224 ct
192 2159 362 2223 hortamur
389 2165 529 2239 attente,
561 2159 715 2244 quatinus
742 2164 916 2244 postquam
947 2160 1065 2224 electio
1088 2158 1128 2224 de
1151 2159 1376 2225 Romanorum
1400 2182 1478 2247 rege
1501 2163 1535 2226 in
1556 2162 1786 2250 imperatorem

128 2262 341 2351 postmodum
363 2262 586 2350 promovendo
610 2263 758 2327 extiterit
782 2263 958 2344 celebrata,
984 2262 1106 2327 Christi
1129 2262 1244 2329 fideles
1267 2285 1328 2350 per
1343 2264 1563 2330 Theutoniam
1580 2267 1786 2344 constitutos,

54 2388 65 2421 ⁵
129 2368 286 2452 quotiens
314 2367 570 2453 oportunitatem
598 2365 795 2446 habueritis,
824 2367 959 2431 attentis
987 2366 1270 2432 exhortationibus
1299 2368 1393 2432 iuxta
1420 2367 1531 2433 datam
1553 2368 1648 2434 vobis
1670 2390 1690 2433 a
1711 2368 1785 2434 Deo

53 2938 79 2976 ’.Ἢ

128 2469 341 2557 prudentiam
364 2476 432 2535 tam
455 2470 488 2534 in
510 2469 638 2534 occulto
661 2490 757 2555 quam
781 2469 933 2555 publico·
955 2469 1127 2550 inducatis,
1151 2471 1185 2533 iu
1208 2469 1437 2535 remissionem
1458 2472 1537 2558 ipsis
1558 2471 1785 2558 peccaminum

127 2574 358 2659 iniungentes,
388 2579 424 2636 ut
453 2574 501 2655 ei,
531 2573 586 2661 qui
609 2574 736 2638 electus
765 2574 879 2655 tuerit,
911 2573 1053 2639 fideliter
1086 2580 1121 2639 et
1149 2574 1329 2639 efficaciter
1361 2575 1533 2640 intendant
1561 2596 1600 2640 ae
1629 2575 1786 2640 assistant

129 2677 269 2742 viriliter
290 2682 325 2742 et
347 2683 545 2744 constanter.

239 2796 317 2863 Dat.
341 2803 508 2883 utsupra

239 2916 280 2982 Iu
314 2917 456 2982 eundem
491 2917 621 2982 modum
654 2917 816 2982 universis
853 2915 1009 2982 tratribus
1046 2915 1170 2981 ordinis
1199 2917 1446 2984 Predieatorum
1479 2939 1538 3004 per
1568 2918 1787 2983 rtheutoniam

130 3019 330 3086 constitutis.

919 3442 1002 3515 163.

237 3556 455 3649 Ῑηηοοσηείιιε
469 3580 628 3662 1V1rt1rr
644 3580 809 3646 Friderieo
831 3581 935 3645 corriti
956 3581 993 3644 de
1007 3580 1192 3663 Birhctiupe
1213 3580 1358 3658 caecidit,
1381 3585 1416 3643 ot
1440 3581 1473 3643 in
1495 3579 1695 3642 irtutrimonio
1716 3598 1786 3643 cum

132 3685 260 3750 Adcrcic
280 3689 446 3761 contracto,
468 3704 534 3747 aori
556 3685 695 3749 obstante
717 3687 830 3767 qtcarto
853 3683 1027 3768 affinitatis
1047 3683 1159 3765 prada,
1181 3702 1343 3747 rcrnoncre
1360 3683 1472 3764 possit.

1431 3788 1525 3863 1246,
1547 3785 1630 3866 Ape.
1644 3787 1697 3848 24.

238 3873 299 3926 lon.
314 3871 442 3941 ΝΜ.
461 3871 554 3941 Votl,
574 3880 637 3939 tta·
655 3871 716 3927 Lib.
730 3872 792 3940 III,
811 3878 869 3926 466.

236 3958 333 4027 Beryer
346 3966 419 4014 1807.

368 4135 528 4211 Nohili
561 4137 660 4210 viro
689 4137 948 4211 Frederico
977 4137 1136 4209 comiti
1163 4139 1215 4212 de
1243 4127 1551 4228 Bichehagebl

684 4258 1226 4351 Maguntine·diocesis⁰.

241 4407 322 4472 Cum
352 4428 500 4473 summus
527 4409 694 4494 pontifex,
722 4409 849 4473 collatis
882 4409 946 4473 sibi
975 4409 1007 4472 in
1036 4430 1177 4495 persona
1206 4409 1295 4473 beati
1318 4408 1408 4473 Petri
1439 4407 1481 4471 ah
1510 4427 1562 4485 co,
1593 4407 1647 4491 qui
1670 4411 1785 4469 eterna

76 4534 93 4569 a·
133 4511 335 4598 providentia
356 4512 492 4577 celestia
515 4512 611 4576 simul
634 4518 668 4578 et
690 4519 822 4577 terrena
844 4510 1003 4598 disponit,
1028 4512 1176 4577 claribus
1198 4512 1293 4597 regui
1317 4511 1466 4590 celestis,
1489 4508 1612 4594 ligandi
1636 4507 1784 4573 obtineat

133 4616 330 4701 pontificium
354 4622 389 4680 ot
411 4614 576 4696 solvendi,
607 4636 867 4700 nonnumquam,
891 4637 990 4701 supra
1012 4616 1062 4680 ius
1086 4615 1126 4680 de
1150 4616 1219 4681 inre
1243 4616 1456 4702 dispensans,
1480 4612 1687 4678 necessitatis
1711 4612 1783 4676 vin-

133 4720 249 4799 culum,
272 4741 336 4805 quo
359 4718 401 4783 ad
424 4720 527 4805 ipsius
551 4719 630 4784 iuris
648 4719 891 4784 observantiam
908 4713 1017 4783 cuncti
1034 4724 1196 4800 tenentur,
1221 4720 1312 4784 laxat
1326 4717 1461 4804 provide
1477 4716 1518 4780 de
1535 4737 1593 4795 sue
1609 4715 1785 4801 potestatis

133 4822 333 4908 plenitudine
357 4824 444 4888 circa
466 4823 640 4910 quosdam,
672 4844 746 4888 eum
769 4844 891 4907 urgens
914 4822 1095 4888 necessitas
1119 4823 1223 4908 exigit
1246 4823 1297 4887 vel
1321 4821 1457 4888 evidens
1480 4819 1618 4901 utilitas,
1642 4820 1784 4884 maxime

134 4926 274 5011 publiea,
305 4925 496 5015 persuadet,
528 4928 617 4992 nulla
640 4926 878 4992 interveniente
903 4927 1095 5011 acceptione
1118 4925 1265 4991 indebita
1287 4946 1518 5012 personarum,
1548 4925 1711 5009 quianon
1735 4930 1786 4988 est

80 5048 97 5084 s
135 5029 348 5116 reputandum
370 5029 492 5096 deferri
514 5051 666 5116 persone,
691 5052 764 5096 cum
788 5051 846 5116 pro
870 5031 942 5095 loeo
967 5037 1000 5093 et
1022 5035 1171 5116 tempore
1194 5051 1259 5094 nou
1274 5029 1394 5115 privati
1410 5028 1469 5094 sed
1485 5027 1607 5115 publici
1623 5025 1785 5091 commodi

136 5133 252 5217 gratia,
281 5141 314 5198 et
341 5135 514 5220 presertim
543 5133 646 5199 divini
675 5133 935 5199 consideratione
965 5133 1105 5213 servitii,
1135 5133 1309 5219 quiequam
1339 5131 1438 5197 alicui
1467 5131 1536 5195 sine
1567 5129 1647 5193 iuris
1669 5129 1786 5193 iniuria

135 5236 330 5324 indulgetur.
374 5236 461 5303 Hine
484 5243 549 5318 est,
579 5237 776 5324 quodcum,
808 5237 894 5301 sicut
916 5237 1120 5322 accepimus,
1148 5241 1199 5317 tu,
1228 5236 1283 5322 qui
1307 5235 1444 5301 ecclesie
1468 5232 1617 5297 Romane
1639 5231 1729 5296 fuisti
1754 5238 1787 5298 et

1061 5393 1455 5404 --.---——-..-.—--———-

234 5499 261 5561 ⁸)
278 5512 357 5564 qum
372 5496 401 5549 iu
416 5496 522 5567 publico
539 5496 576 5550 W.
662 5496 688 5562 ι))
704 5498 743 5548 ita
753 5497 798 5559 It.,·
816 5498 863 5564 lep.
876 5497 1036 5563 Bioheliuge.
1128 5495 1151 5560 ο)
1170 5490 1322 5563 Muguntiua
1340 5495 1449 5546 diocesis
1467 5493 1536 5546 dccet
1547 5491 1581 5543 B.

234 5631 263 5697 ι)
281 5626 452 5737 Βωμ-
466 5630 540 5689 μκ
564 5630 689 5705 ωε»,
708 5631 852 5705 rra-ne.
873 5630 1034 5700 nemum.
1526 5721 1580 5780 w
