4328 6232
812 335 1013 391 EPISTOLAE
1030 336 1221 392 SELEC'PAR
1259 337 1336 391 1246.
1843 342 1903 400 155
1973 345 1977 355 '

250 511 432 576 'I'heotouie
460 509 501 574 de
528 507 775 595 personatibus,
805 509 966 588 canoniis,
995 508 1173 594 prebendis
1201 510 1341 595 aliisque
1366 508 1535 574 beneficiis
1559 509 1807 591 ecelesiasticis,
1835 510 1905 574 sive

249 636 356 680 euram
380 615 525 680 habeant
548 613 617 677 sive
640 633 707 677 non
723 612 905 676 animarum
922 632 1096 689 annexam,
1119 613 1269 697 personis
1285 611 1423 692 idoneis,
1442 599 1622 677 seeundum
1644 613 1730 700 quod
1747 613 1904 700 expedire

252 717 380 799 videris,
404 715 598 805 providere⁸
615 721 648 780 et
665 714 924 781 contradictores
949 736 1047 800 super
1063 714 1126 779 hoc
1143 736 1203 800 per
1219 735 1390 780 censuram
1408 715 1666 781 ecelesiasticam
1683 717 1904 803 appellatione

252 823 433 908 postposita
462 820 615 886 cohibere
642 819 745 883 libers
774 819 952 883 valeas-
982 818 1216 884 constitutione
1246 819 1382 883 anobis
1407 840 1505 904 super
1527 819 1589 885 hoe
1618 821 1706 885 edita
1729 828 1762 886 et
1785 827 1905 885 statuto

207 955 214 987 ;
252 925 288 989 de
321 932 414 990 certo
441 925 671 990 canonicorum
700 943 836 988 numero
866 928 900 988 et
922 921 1121 1007 quibuslibet
1156 923 1245 1001 aliis,
1281 943 1408 987 necnon
1438 923 1696 1009 quibuscumque
1727 928 1905 988 eonsuetu-

250 1028 377 1094 dinibus
401 1031 630 1106 ecelesiarum,
658 1035 724 1092 tam
747 1025 983 1092 cathedralium
1013 1049 1110 1113 quam
1134 1027 1288 1106 aliarum,
1319 1026 1465 1092 eiusdem
1495 1028 1604 1113 regni,
1634 1028 1818 1092 iuramento
1853 1027 1905 1090 vel

251 1132 397 1219 qnalibet
421 1133 486 1197 alia
507 1132 661 1197 firmitate
683 1131 829 1210 vallatis,
857 1150 916 1195 seu
940 1130 968 1194 si
990 1130 1106 1196 eedem
1130 1131 1271 1196 ecclesie
1296 1137 1373 1195 sunt
1396 1131 1592 1196 auctoritate
1617 1131 1704 1197 sedis
1728 1129 1907 1217 apostolice

252 1235 300 1299 vel
324 1236 508 1320 legatorum
536 1235 646 1319 ipsius.
668 1255 769 1320 super
795 1232 955 1299 aliorumb
980 1235 1166 1320 provisione
1189 1241 1343 1319 gravate,
1375 1235 1428 1299 vel
1458 1235 1484 1298 si
1509 1234 1593 1300 sorte
1621 1235 1662 1299 ab
1686 1235 1803 1300 eadem
1828 1230 1908 1298 sede

252 1338 489 1425 indulgentiam
517 1337 676 1417 habeant,
707 1336 794 1424 quod
824 1359 937 1403 eorum
967 1339 1086 1424 prelati
1116 1340 1185 1404 sive
1217 1339 1361 1425 capitula
1384 1360 1449 1404 non
1475 1347 1650 1405 teneantur
1673 1361 1733 1405 seu
1756 1337 1909 1424 compelli

208 1480 217 1499 ιι
255 1464 314 1507 non
339 1444 469 1529 possint
492 1441 534 1507 ad
557 1443 737 1528 aliquorum
758 1443 989 1528 provisionem,
1014 1442 1166 1529 quodque
1188 1442 1347 1524 interdici,
1371 1443 1529 1529 suspendi
1554 1444 1605 1508 vel
1627 1442 1907 1508 excommunicari

212 3927 230 3963 bl

221 4456 237 4492 a

253 1567 313 1610 non
343 1546 475 1612 valcant
502 1546 627 1632 absque
657 1545 793 1632 speciali
824 1545 912 1611 sedis
936 1544 1084 1632 predicte
1108 1545 1280 1621 mandate,
1310 1547 1442 1632 plenam
1465 1548 1608 1612 faciente
1638 1547 1679 1612 de
1702 1545 1909 1631 indulgentia

253 1649 437 1714 huiusmodi
467 1650 683 1729 mentionem,
714 1655 747 1713 et
780 1649 983 1733 quibuslibet
1013 1650 1086 1713 aliis
1114 1650 1304 1735 apostolicis
1335 1650 1574 1735 indulgentiis0,
1609 1672 1668 1736 per
1699 1671 1779 1736 quas
1810 1669 1911 1735 super

254 1752 311 1817 hoe
342 1758 480 1839 possent
501 1753 640 1817 forsitan
665 1774 700 1818 se
724 1753 824 1825 tueri,
856 1759 913 1816 aut
941 1755 967 1818 si
991 1754 1090 1817 etiam
1114 1754 1241 1838 prolate
1263 1774 1405 1837 persone
1434 1754 1515 1818 alias
1538 1754 1735 1819 beneficiate
1758 1752 1908 1817 fortassis

256 1858 408 1934 existant,
432 1878 637 1943 nequaquam
660 1857 870 1921 obstantibus
895 1895 945 1931 —,
971 1857 1167 1921 auctoritate
1191 1857 1391 1941 presentium
1417 1856 1569 1922 duximus
1593 1855 1850 1922 eoncedendum.

365 1976 443 2044 Dat.
466 1984 501 2041 ut
524 1998 631 2062 supra.

1065 2115 1108 2180 II.

996 2240 1168 2315 Eidem.

340 2390 424 2455 Cum
447 2389 506 2455 tibi
530 2391 661 2476 plenam
686 2387 877 2474 providendi
901 2387 942 2452 de
965 2388 1136 2454 benefieiis
1160 2412 1219 2474 per
1242 2412 1377 2475 regnum
1395 2388 1578 2453 Theotonie
1602 2391 1750 2474 personis
1773 2389 1911 2469 idoneis,

257 2494 434 2559 secundum
457 2491 544 2578 quod
569 2491 727 2578 expedire
745 2490 874 2569 videris,
899 2513 957 2577 per
981 2499 1108 2557 nostras
1132 2493 1351 2558 concedemus
1375 2494 1503 2558 litteras
1524 2499 1736 2578 potestatem,
1760 2493 1911 2556 volumus

257 2608 289 2663 et
310 2597 513 2685 presentium
541 2596 600 2660 tibi
629 2594 823 2660 auctoritate
847 2595 1056 2676 mandamus,
1086 2597 1238 2681 quatinus
1263 2598 1349 2660 eirea
1372 2596 1557 2661 huiusmodi
1582 2595 1808 2682 provisionesd
1832 2594 1912 2659 illud

203 2744 219 2775 s
258 2700 467 2766 moderamen
491 2719 625 2765 servare
648 2720 706 2764 scu
729 2699 831 2762 talem
854 2696 1058 2783 diligentiam
1082 2699 1240 2764 adhibere
1264 2720 1435 2786 procures,
1465 2706 1501 2763 ut
1524 2721 1623 2785 super
1646 2699 1836 2786 receptione
1861 2698 1913 2760 vol

258 2805 443 2892 provisione
466 2802 604 2869 duamur
627 2808 684 2867 aut
706 2801 864 2888 plurium,
886 2802 949 2865 nisi
973 2803 1110 2867 multum
1134 2801 1293 2888 expedire
1316 2800 1468 2875 videris0,
1493 2823 1553 2887 per
1576 2809 1609 2867 te
1634 2803 1746 2887 eliqua
1769 2800 1913 2866 ecelesia

258 2930 319 2973 non
342 2903 517 2995 gravetur,

364 3029 442 3096 Dat
466 3035 502 3094 ut
524 3049 633 3116 supra.
1056 3095 1118 3160 HI·

1000 3221 1174 3297 Eidem.

368 3372 450 3438 Cum
493 3372 656 3438 nonnullis
701 3372 851 3456 persenis
890 3370 1124 3434 ecclesiasticis
1171 3369 1211 3435 de
1250 3368 1432 3434 Theotonic
1477 3367 1626 3453 partibus
1664 3365 1817 3431 liberales
1857 3387 1915 3431 nos

260 3478 507 3543 exhibuerimus
542 3481 576 3540 et
610 3475 789 3560 benignos,
825 3475 871 3538 eis
906 3480 972 3538 tarn
1008 3495 1108 3558 super
1142 3473 1309 3537 benefieiis
1342 3492 1439 3556 quam
1470 3470 1542 3535 aliis
1575 3469 1771 3556 specialibus
1801 3469 1916 3555 gratiis

261 3589 388 3646 nostras
411 3581 539 3645 litteras
555 3576 774 3656 coneedendo,
799 3583 971 3662 sperantes
995 3575 1080 3660 quod
1104 3577 1167 3661 ipsi
1190 3583 1355 3660 tamquam
1373 3574 1606 3639 beneficiorum
1631 3571 1719 3637 sedis
1736 3572 1916 3657 apostolice

262 3705 322 3750 nen
338 3684 468 3769 ingrati,
485 3682 581 3749 nobis
602 3687 636 3746 et
652 3680 802 3760 ecclesie,
821 3679 995 3765 presertim
1012 3678 1242 3764 oportunitatis
1258 3685 1418 3763 tempore,
1442 3682 1536 3761 grets
1553 3674 1738 3741 devotionis
1758 3675 1918 3761 obsequia

264 3787 456 3854 exhiberent
485 3793 518 3852 et
545 3807 604 3873 pro
627 3785 730 3870 ipsius
755 3783 896 3867 negotiis
919 3781 1150 3869 promovendis
1173 3781 1323 3867 diligenti
1347 3777 1456 3845 studio
1481 3779 1682 3860 laborarent,
1711 3779 1862 3844 velumus
1885 3785 1920 3845 et

266 3891 462 3978 presentium
485 3890 546 3957 tibi
561 3888 756 3955 auctoritate
773 3884 977 3965 mandamus,
1003 3887 1154 3972 quatinus
1177 3906 1291 3950 omnes
1315 3884 1399 3963 illos,
1423 3903 1505 3969 quos
1522 3882 1694 3949 indevotos
1718 3891 1751 3948 et
1773 3884 1920 3970 ingratos

266 3995 448 4082 reppereris
478 3992 512 4057 in
542 3992 604 4057 hac
632 3996 742 4078 parte,
775 3989 905 4075 privare
942 3989 1072 4075 penitus
1105 3987 1294 4053 huiusmodi
1329 3987 1450 4051 nostris
1485 3986 1600 4072 gratiis
1633 4008 1697 4051 nen
1727 3995 1919 4074 postponas,

267 4097 461 4184 iniungendo
484 4095 731 4175 executoribus,
761 4114 843 4181 quos
868 4095 916 4159 eis
939 4113 1039 4179 super
1062 4091 1177 4178 gratiis
1202 4090 1327 4156 eisdem
1350 4090 1629 4163 concesserimus,
1652 4097 1688 4155 ut
1710 4112 1770 4175 per
1790 4093 1920 4156 litteras

269 4202 461 4289 apostolicas
486 4221 585 4287 super
608 4200 671 4264 hiis
695 4206 849 4287 optentas
873 4197 914 4262 ad
938 4219 993 4262 eos
1018 4196 1228 4281 aliquatenus
1251 4215 1317 4259 non
1334 4191 1525 4279 procedant,
1549 4199 1583 4258 et
1607 4213 1765 4258 revocans
1790 4214 1921 4258 omnem

270 4325 466 4391 processum,
490 4306 517 4370 si
542 4304 615 4391 quis
637 4303 722 4368 forte
745 4302 878 4367 habitus
902 4308 953 4365 est
976 4323 1035 4386 per
1059 4321 1132 4370 eas;
1157 4297 1413 4363 contradictores
1437 4303 1501 4361 etc.

373 4426 450 4493 Dat.
475 4433 642 4512 utsupra.

1065 4557 1123 4621 IV.

999 4676 1191 4756 Eidem‘.

374 4838 573 4903 Discretioni
609 4842 664 4901 tue
693 4834 906 4923 dispensandi
937 4854 1009 4898 eum
1039 4832 1154 4918 viginti
1186 4831 1315 4896 clericis
1344 4830 1384 4896 de
1413 4830 1617 4895 Theotonieg
1647 4828 1811 4915 partibus,
1842 4846 1921 4911 quos

279 4940 383 5028 dignos
407 4950 441 5007 et
464 4941 602 5007 idoneos
626 4961 701 5006 esse
725 4938 929 5024 cognoveris,
954 4935 1039 5022 quod
1064 4957 1176 5001 eorum
1200 4935 1338 5020 quilibet
1360 4933 1424 4998 duo
1446 4933 1607 4997 beneficia
1623 4930 1849 4997 ecclesiastiea
1870 4929 1922 4994 vel

279 5044 352 5111 duos
367 5050 563 5132 personatus
585 5051 642 5109 aut
663 5042 747 5107 duas
770 5041 960 5126 dignitates,
985 5039 1083 5104 etiam
1106 5040 1134 5104 si
1151 5059 1262 5103 curam
1279 5037 1423 5101 habeant
1440 5037 1621 5100 animarum
1638 5055 1812 5111 annexam,
1836 5033 1923 5098 licite

228 5172 245 5208 u
280 5150 428 5235 recipere,
452 5148 481 5212 si
503 5147 564 5212 sibi
580 5147 738 5212 canonice
755 5145 945 5224 offerantur,
969 5164 1007 5208 ac
1030 5142 1132 5208 libere
1155 5141 1300 5207 retinere
1316 5140 1426 5204 valeat
1447 5176 1488 5187 -
1512 5138 1743 5203 constitutione
1759 5136 1924 5222 generalis

1416 5281 1518 5287 ——-.
1525 5280 1818 5287 ————..———

770 5289 870 5296 ———
896 5288 919 5294 ..-

371 5378 395 5436 ⁸)
410 5375 545 5443 providere
561 5372 634 5424 iuli.
644 5381 702 5439 post
720 5371 933 5423 cohiberelibere
941 5370 1053 5437 positum
1065 5376 1107 5420 est.
1169 5366 1194 5431 b)
1213 5368 1324 5420 aliarum
1336 5365 1368 5416 P.
1431 5363 1455 5427 ο)
1474 5363 1649 5430 andulgentiis
1662 5362 1695 5412 Β.
1758 5359 1783 5425 d)
1802 5361 1924 5428 provisio

280 5460 372 5514 mma.
447 5461 472 5525 ο)
490 5459 537 5521 Β.,·
561 5460 650 5512 videus
662 5459 691 5510 P.
762 5455 783 5522 s)
809 5457 902 5508 Parisii
924 5457 1056 5523 ermnplor
1074 5454 1226 5505 coutebatur
1243 5470 1300 5504 eum
1318 5450 1461 5502 autlrmstico
1479 5449 1507 5499 ia
1532 5448 1623 5499 Tabrcl.
1649 5448 1762 5514 erclsiep.
1782 5447 1925 5497 llaeenaet.

280 5562 340 5613 upa
363 5547 407 5612 M,
436 5565 464 5598 u.
488 5549 552 5598 5676
580 5552 742 5607 ammae,
771 5561 813 5610 ap.
836 5542 977 5605 stanam,
1005 5541 1078 5592 Mors.
1098 5540 1214 5591 Bocota.
1238 5537 1356 5605 rlppeudN
1378 5536 1417 5586 ed.
1447 5534 1567 5584 Torreat
1588 5543 1605 5585 t.
1632 5534 1659 5596 l,
1683 5552 1713 5600 p.
1736 5538 1794 5595 195,
1817 5552 1843 5583 sn
1870 5536 1927 5583 12⁸.

281 5628 304 5699 Ι)
317 5634 463 5687 thuanis
474 5632 509 5686 A.

1668 5709 1723 5762 w*
