4734 6334
443 403 505 470 508
999 399 1046 458 EX
1065 397 1283 458 Innocenti]
1301 399 1340 458 lv
1358 398 1539 458 nectareo

447 583 616 663 assumpte
645 578 759 642 confisi
788 599 824 644 se
856 577 1111 645 absentaverunt
1139 578 1182 644 ab
1212 577 1356 644 eeclesia
1383 577 1567 664 sepedicta,
1597 599 1716 665 penam
1744 578 1867 644 nullam
1895 577 2016 645 exinde
2044 577 2094 643 in·

442 683 593 745 camuris.
638 680 784 766 Ideoque
811 682 1019 762 mandamus,
1052 683 1205 768 quatinus
1235 681 1474 748 ordinationem
1503 680 1688 746 huiusmodi
1715 683 1817 748 facias
1840 703 2095 769 percensuram

442 785 697 849 ecclesiasticam
721 784 943 870 appellatione
966 792 1092 851 remota
1114 786 1250 851 firmiter
1272 785 1455 862 observari,
1484 786 1639 850 relaxans
1663 786 1859 851 auctoritate
1881 792 1995 851 nostra
2018 806 2095 869 sen-

441 888 578 968 tentias,
607 887 635 951 si
661 908 723 974 que
745 889 779 952 in
802 889 878 952 illos
906 889 962 973 qui
986 888 1180 953 ordinationi
1204 889 1312 954 eidem
1336 889 1504 975 paruerint
1526 891 1698 955 occasione
1723 889 1870 976 sepefata
1893 888 2096 974 indulgentie

444 996 521 1054 sunt
542 990 679 1076 prolate,
709 1011 747 1056 ac
770 989 965 1077 dispensans
990 1013 1063 1057 cum
1088 993 1136 1057 eis
1160 1013 1259 1078 super
1280 992 1533 1078 irregularitate,
1562 993 1590 1056 si
1614 1014 1712 1078 quam
1735 1013 1777 1058 ex
1799 992 1861 1056 hoc
1884 992 2021 1056 forsitan
2044 992 2094 1054 in·
2161 1016 2172 1052 s

442 1100 627 1172 currerunt,
659 1100 692 1158 et
720 1093 846 1159 faciens
875 1116 916 1159 ec
943 1097 1065 1174 omnia,
1095 1115 1159 1181 que
1187 1095 1346 1161 debonis
1371 1096 1474 1182 ipsius
1498 1095 1640 1161 ecclesie
1663 1094 1725 1158 hac
1748 1093 1789 1158 de
1812 1115 1913 1160 causa
1935 1099 2098 1182 occupata

442 1201 518 1260 sunt
547 1196 600 1260 vel
630 1195 779 1276 detenta,
816 1196 941 1281 integre
975 1198 1105 1263 restitui
1136 1198 1278 1264 ecclesie
1308 1205 1503 1270 memorate;
1536 1197 1795 1264 contradictores
1824 1204 1886 1264 etc.
1936 1197 2097 1262 Nolumus

441 1305 562 1378 autern,
587 1298 674 1384 quod
696 1299 757 1364 hec
782 1298 942 1365 ordinatio
965 1307 1079 1366 contra
1100 1302 1274 1388 privilegia
1297 1308 1331 1367 et
1353 1303 1608 1369 eonsuetudines
1631 1303 1770 1368 ecclesie
1794 1302 1943 1390 predicte
1958 1302 2000 1366 ad
2016 1323 2096 1367 eou-

442 1403 646 1486 sequentiam
669 1401 711 1467 de
735 1409 843 1469 cetero
865 1405 1084 1491 protrahatur,
1109 1443 1149 1454 -
1173 1405 1358 1470 contraria·
1380 1407 1617 1472 consuetudine
1640 1408 1692 1472 vel
1716 1413 1839 1472 statuto
1863 1407 1984 1471 vallato
2009 1407 2096 1471 iura-

392 1565 394 1572 .
441 1511 553 1569 mento
576 1527 634 1571 seu
657 1506 810 1572 firmitate
833 1507 898 1571 alia
919 1530 984 1573 non
1008 1509 1224 1575 obstantibus.

546 1626 623 1690 Dat.
646 1627 809 1712 Lugduni,
831 1627 862 1692 V
884 1627 932 1696 ld.
956 1629 1093 1717 Aprilis,
1117 1630 1293 1696 annoV10.

1228 2312 1317 2385 684.

545 2419 764 2514 Innocentius
789 2447 846 2512 IV
862 2470 952 2534 popo
984 2449 1224 2534 oscinepiseopis
1257 2455 1286 2516 et
1318 2452 1482 2536 episcopia,
1515 2451 1572 2534 qni
1604 2451 1645 2516 oh
1671 2451 1838 2537 [Athenio]
1868 2449 2098 2534 archiepiscope

442 2548 595 2614 Proseioe
616 2552 763 2634 requisiti
782 2551 919 2633 suenni,
942 2555 1086 2634 mondert,
1114 2560 1148 2619 nt
1167 2555 1274 2640 fratri
1294 2555 1435 2621 Henrico
1457 2555 1580 2620 ordinis
1602 2555 1875 2632 Praedicatornm,
1897 2555 2096 2636 piramidem

335 2653 336 2656 ’
441 2653 691 2736 archiepiscopus
720 2658 822 2721 terroe
849 2658 1056 2723 Iatwescnioe
1087 2659 1122 2723 in
1149 2658 1324 2742 episcopans
1347 2657 1554 2742 praefecerit,
1584 2658 1638 2724 sed
1665 2679 1680 2722 e
1703 2658 1870 2742 provincio
1896 2675 1957 2724 aaut
1984 2657 2098 2722 metra

441 2755 508 2836 ipse
529 2775 708 2824 consecrare
730 2778 795 2822 nen
812 2761 922 2840 possit,
944 2781 1061 2826 nonnas
1082 2761 1324 2827 consecrationis
1347 2761 1539 2842 impendent.
1740 2763 1835 2839 1249,
1857 2761 1939 2842 Apa
1956 2763 2008 2827 11.

547 2875 612 2929 Inn.
627 2876 677 2930 IV
687 2877 751 2946 Ray.
764 2877 824 2932 Lsh.
842 2877 889 2946 VI,
900 2878 970 2947 1237,
983 2896 1012 2936 n.
1022 2887 1079 2934 447.
1110 2879 1259 2948 Exemplar
1271 2879 1390 2948 Beirseii,
1412 2879 1488 2934 hfiar.
1501 2885 1518 2935 t.
1534 2880 1598 2942 VII,
1613 2887 1706 2948 12478
1723 2880 1884 2934 cmnsdimta
1900 2895 1960 2934 nem
1974 2879 2098 2949 Repertis.

546 2960 677 3031 Petilium,
698 2963 872 3034 Rep.13283,·
890 2967 988 3034 Berper
1005 2974 1077 3022 4439.

481 3154 861 3252 Archiepiseopish
889 3162 1204 3254 aepiscopis,
1232 3163 1286 3238 ad
1314 3185 1429 3256 quos
1455 3163 1611 3236 littere
1639 3161 1724 3236 iste
1752 3163 2057 3255 pervenerint.

552 3305 650 3373 Cedit
672 3309 714 3374 ad
729 3309 795 3374 Dei
817 3310 954 3395 gloriam
978 3318 1011 3378 et
1033 3312 1200 3392 honorem,
1224 3311 1312 3398 quod
1328 3313 1412 3377 tales
1429 3312 1583 3377 custodes
1599 3313 1631 3377 in
1648 3314 1752 3398 ipsius
1768 3313 1863 3378 vinea
1877 3313 2096 3399 preferantur,

442 3413 497 3497 qui
521 3412 584 3477 sibi
606 3434 667 3499 per
690 3415 756 3480 vite
778 3415 930 3480 meritum
953 3422 988 3482 ct
1010 3417 1084 3481 aliis
1115 3417 1288 3503 proficiant
1316 3437 1375 3503 per
1404 3417 1601 3502 exemplum.
1649 3415 1752 3495 Saue,
1784 3417 1868 3481 sicut
1898 3418 2097 3503 accepimns,

442 3514 641 3580 venerabilis
665 3516 769 3583 frater
790 3524 901 3584 noster
917 3567 946 3586 ..
963 3519 1102 3584 Livonie
1125 3541 1165 3584 ac
1180 3519 1316 3584 Pruscie
1340 3520 1620 3606 archiepiscopus,
1644 3519 1822 3606 apostolice
1845 3519 1935 3585 sedis
1956 3521 2098 3604 legatus,

442 3617 622 3704 prudenter
644 3621 817 3686 attendens
846 3620 1046 3688 laudabilem
1076 3622 1357 3688 conversationem
1387 3629 1421 3688 et
1452 3623 1589 3688 scientie
1619 3624 1736 3688 merita
1762 3622 1873 3688 dilecti
1902 3623 1961 3688 filii
1990 3623 2100 3688 fratris

442 3721 581 3788 Henrici
604 3722 727 3789 ordinis
750 3724 1008 3809 Predicstarum,
1032 3728 1088 3813 qui
1110 3748 1177 3792 una
1200 3748 1274 3792 curn
1298 3748 1337 3792 eo
1361 3747 1419 3812 pro
1443 3728 1577 3812 negotio
1600 3727 1678 3792 fidei
1701 3733 1735 3792 et
1756 3727 1898 3793 ecclesie
1922 3726 2099 3812 diligenter

442 3831 475 3890 et
505 3825 647 3892 fideliter
676 3828 853 3909 laboravit,
886 3828 1120 3895 considerans⁰
1148 3851 1276 3917 quoque
1307 3830 1392 3916 quod
1425 3837 1514 3895 terra
1536 3829 1754 3895 Iatwesonie¹
1776 3851 1836 3917 per
1859 3831 1963 3916 ipsius
1985 3830 2096 3896 fratris

441 3928 634 3994 industriam
657 3931 690 3995 in
715 3932 937 4016 spiritualibus
962 3939 995 3998 et
1016 3934 1253 4021 temporalibus
1277 3939 1410 4000 auctore
1427 3933 1568 3999 Domino
1592 3932 1772 3999 laudabilia
1793 3935 1962 4020 suscipere
1978 3935 2098 4021 poterit

442 4033 655 4114 incrementa,
685 4032 825 4100 eundem
847 4035 983 4102 fratrem
1005 4038 1150 4124 predicte
1174 4043 1270 4120 terre,
1301 4043 1399 4124 prout
1422 4038 1616 4103 auctoritate
1639 4037 1823 4102 litterarum
1847 4044 2031 4102 nostrarum
2055 4035 2097 4102 ad

441 4133 564 4200 dictum
595 4137 879 4225 archiepiscopum
910 4141 1096 4227 spectabat,
1130 4142 1271 4228 prefecit
1304 4143 1339 4206 in
1369 4143 1558 4229 episcopum
1590 4148 1625 4208 et
1650 4147 1828 4226 pastorem.
1875 4139 1958 4206 Ourn
1987 4148 2097 4207 nutem

441 4238 530 4304 idem
560 4241 823 4329 archiepiscopus
854 4249 950 4309 extra
978 4267 1072 4310 suam
1101 4246 1301 4332 provinciam
1330 4247 1374 4310 sit
1403 4245 1563 4325 ciectus²,
1593 4267 1656 4312 nec
1684 4247 1718 4311 in
1747 4247 1857 4311 aliena
1888 4245 2098 4331 permittatur

440 4341 564 4407 dictum
587 4343 722 4410 fratrem
745 4346 778 4410 in
802 4348 994 4435 episcopum
1019 4369 1224 4427 consecrare,
1252 4350 1314 4414 fuit
1337 4371 1379 4414 ex
1403 4357 1495 4436 parte
1517 4348 1658 4436 predicti
1680 4349 1790 4414 fratris
1813 4349 1908 4414 nobis
1929 4348 2098 4413 humiliter

441 4448 671 4533 supplicatum,
695 4455 732 4514 ut
754 4450 817 4514 sibi
840 4451 1024 4518 faceremus
1047 4475 1165 4518 munus
1189 4453 1444 4519 consecrationis
1467 4453 1623 4540 impendi.
1668 4451 1832 4526 Quocirca
1854 4452 2093 4518 fraternitatem

440 4556 584 4615 uestram
601 4572 764 4637 rogamus,
789 4574 958 4620 monemus
975 4562 1009 4621 et
1024 4556 1191 4622 hortamur
1207 4563 1343 4634 attente,
1361 4556 1556 4623 mandantes
1572 4558 1726 4644 quatinus
1742 4558 1939 4644 quicumque
1951 4562 2096 4621 vestrum

440 4674 539 4739 super
564 4654 626 4719 hoc
649 4654 690 4720 ab
714 4656 832 4722 codem
853 4659 1104 4748 archiepiscopo
1126 4681 1185 4747 per
1207 4661 1312 4747 ipsius
1327 4661 1454 4726 litteras
1470 4660 1569 4727 fuerit
1584 4662 1772 4747 requisitus,
1796 4666 1976 4725 memorato
1992 4659 2096 4740 fratri,

442 4758 630 4822 convocatis
654 4759 820 4845 aliquibus
844 4761 885 4826 de
909 4763 1024 4828 vicinis
1049 4764 1222 4854 episcopis,
1245 4785 1363 4829 munus
1388 4766 1642 4830 consecrationis
1667 4763 1846 4852 impendat.

544 4878 621 4944 Dat.
644 4878 810 4965 Lugduni,
833 4882 885 4946 ΙΙΙ
909 4883 958 4950 Id.
980 4884 1116 4971 Aprilis,
1139 4905 1226 4952 anno
1242 4884 1317 4950 vla

761 5059 898 5066 ---.-
1096 5063 1157 5069 ..a-
1175 5063 1351 5070 ..—.—....-.-.
1390 5065 1473 5070 ...-..
1843 5060 1989 5070 ᾁ--ω-

545 5175 569 5240 ⁸)
596 5177 680 5228 terta
702 5179 830 5230 contraria
854 5207 885 5215 —
911 5179 1074 5232 obstantibus
1098 5181 1191 5232 rectius
1215 5189 1274 5233 mite
1296 5183 1399 5234 uertunt
1423 5185 1622 5236 contradictores
1640 5183 1767 5249 potiendo
1790 5183 1918 5246 videratur,
1947 5199 2004 5232 essm
2024 5179 2093 5233 ‘con-
2149 5191 2177 5228 as

439 5263 593 5315 nwtudines’
610 5273 633 5314 et
651 5263 764 5315 ‘stanno'
781 5265 940 5318 ordinationi
957 5275 981 5318 et
998 5267 1183 5333 mamaeam·
1193 5269 1328 5335 sociandis
1340 5270 1440 5322 obstare
1451 5288 1505 5322 noir
1517 5270 1639 5331 noeane
1657 5271 1691 5336 cf.
1699 5287 1728 5335 p.
1739 5273 1798 5333 504,
1814 5277 1867 5320 not.
1879 5267 1896 5318 l.
1999 5263 2024 5330 b)
2043 5266 2095 5315 drea

435 5357 534 5412 peneto
552 5349 637 5400 asinus
654 5359 720 5402 recte
738 5352 882 5418 mrtcpeeita
899 5360 971 5413 minu
988 5369 1079 5418 morqo
1096 5362 1212 5406 resecata
1230 5363 1273 5406 eat.
1379 5355 1402 5422 a)
1421 5357 1587 5409 consideratis
1605 5356 1638 5408 n.

544 5503 569 5568 1)
589 5501 620 5554 Ε
642 5516 703 5555 nra.
725 5507 749 5556 et
771 5518 810 5557 or.
830 5519 905 5571 prov.
925 5503 1063 5573 titanae,
1089 5505 1160 5560 inter
1179 5506 1207 5574 (t.
1226 5507 1291 5576 Bnp
1314 5513 1338 5562 et
1360 5508 1487 5574 Nicaea,
1513 5510 1545 5576 ef.
1564 5506 1702 5575 Pellaea
1729 5506 1838 5561 Ρνριιεε.
1865 5504 1927 5573 Rep.
1947 5509 2095 5558 314--315,

437 5586 465 5652 2)
486 5587 521 5638 In
540 5587 635 5640 elmrto
649 5604 677 5655 p.
692 5597 749 5656 470,
767 5595 822 5644 not.
837 5599 849 5643 t
867 5590 948 5644 citato
966 5591 1177 5661 ardimpiseopma
1192 5593 1356 5662 peonnam,
1376 5596 1457 5664 ‘prend
1474 5595 1557 5650 aedem
1574 5611 1710 5662 nraaqremn
1721 5593 1914 5646 constituamur
1925 5592 1956 5644 in
1971 5589 2093 5660 linearia,

438 5671 492 5724 taisi
509 5671 555 5725 noe
572 5673 604 5724 de
621 5673 690 5725 borea
706 5674 823 5740 sentinus
838 5677 990 5742 pnneemeit
1009 5678 1158 5732 solstitiale.
2148 5689 2177 5732 tu
