4784 6334
217 2720 242 2758 lt

218 4939 244 4979 ³5

217 5457 244 5496 se

860 346 1059 406 urrsronsn
1080 347 1272 410 saoneres.
1309 353 1385 410 ress.
1889 359 1952 428 413

298 529 434 594 aliorum
458 551 514 594 eos
538 527 796 612 contingentium
820 527 951 590 nomine
974 547 1033 612 pro
1056 527 1160 614 ipsius
1184 528 1323 594 ecclesie
1348 551 1385 594 ac
1409 530 1612 596 officinarum
1635 531 1761 597 fabrice
1776 533 1836 597 tibi
1853 535 1950 598 satis·

297 635 406 699 facere
441 639 556 720 sponte
585 631 762 711 voluerint,
797 630 977 716 recipiendi
1013 630 1053 696 de
1087 632 1271 697 huiusmodi
1305 635 1581 699 satisfactionibus
1613 655 1715 721 usque
1748 635 1788 700 ad
1819 645 1952 702 centum

298 737 398 803 libres
422 735 481 801 tibi
505 736 701 801 auctoritate
731 736 935 820 presentium
965 736 1175 801 concedimus
1204 738 1410 818 facultatem,
1441 737 1616 804 dummodo
1646 741 1693 804 illi
1721 742 1856 826 reperiri
1886 763 1951 807 non

298 843 441 922 valcant,
465 841 583 926 quibus
607 839 648 904 de
670 839 742 903 iure
765 838 953 902 huiusmodi
977 840 1155 904 satisfactio
1178 840 1345 906 debeatur.
1391 841 1470 908 Illos
1494 850 1603 908 autem
1629 842 1671 907 sd
1695 844 1951 911 satisfactionem

297 945 394 1008 aliam
422 944 573 1008 volumus
600 964 666 1006 non
694 942 815 1023 teneri,
843 942 1020 1027 aquibus,
1050 949 1085 1007 ut
1114 942 1236 1009 dictum
1268 952 1335 1023 est,
1364 945 1457 1010 vobis
1480 945 1580 1010 fuerit
1603 946 1817 1012 satisfactum.
1862 949 1951 1015 Nulli

300 1069 379 1134 ergo
404 1053 467 1112 etc.

402 1168 479 1234 Dat.
503 1166 666 1255 Lugduni,
689 1167 756 1232 XII
779 1166 854 1232 Kal.
879 1167 1093 1254 Septembris,
1117 1189 1202 1233 anno
1218 1167 1292 1232 V10.

1078 1831 1164 1904 585.

402 1945 621 2038 Innocentius
647 1970 672 2035 Ι
676 1969 705 2032 V
723 1991 813 2054 papa
841 1968 1036 2056 meipsam]
1068 1971 1155 2036 titali
1187 1972 1323 2038 Sanctae
1351 1971 1482 2036 Mariae
1512 1971 1740 2038 Transtiberim
1769 1974 1951 2060 presbytero

297 2074 471 2153 cardinali,
505 2075 623 2139 vicario
652 2095 708 2139 seso
736 2076 773 2138 in
809 2073 903 2154 Urbe,
937 2075 1083 2154 mandat,
1116 2080 1152 2138 at
1181 2076 1217 2140 in
1250 2075 1344 2154 Urbe,
1377 2074 1554 2158 Campania
1587 2081 1615 2139 ct
1646 2077 1812 2142 Maritima
1842 2082 1952 2142 contra

294 2177 532 2263 Fr[iderienm]
553 2178 710 2260 qnondam
731 2179 948 2260 imperatorem
970 2199 1089 2244 mnecm
1107 2180 1274 2260 praed-icet,
1301 2180 1343 2243 iis
1365 2178 1402 2242 rie
1424 2199 1518 2262 regna
1540 2178 1679 2258 Siciliae,
1711 2181 1766 2261 qui
1787 2181 1817 2244 ei
1836 2181 1952 2246 adbae-

294 2283 402 2360 scrint,
423 2282 561 2346 mamma
576 2285 744 2363 postquam
766 2283 920 2346 emacitas
942 2282 1085 2347 ecclcsiae
1106 2283 1351 2348 introducendas
1372 2283 1450 2348 illuc
1465 2283 1654 2364 pervenerit,
1672 2303 1794 2363 poenas
1812 2285 1950 2364 intentet,

295 2384 411 2450 devotis
431 2389 534 2450 amen
557 2385 700 2450 ccclesiae
719 2387 843 2469 pretias
865 2386 1031 2468 largiatur,
1054 2387 1210 2450 nuntians
1230 2387 1389 2451 mabsam
1410 2385 1450 2450 ab
1473 2387 1575 2451 emtam
1590 2386 1630 2450 F.
1652 2387 1721 2451 nlla
1737 2387 1951 2466 poenitentiae

292 2488 417 2570 [tetiam
433 2487 515 2574 falli
535 2508 600 2551 non
616 2507 709 2568 posse
731 2509 829 2569 neque
851 2509 919 2552 enm
941 2509 1040 2571 nepae
1062 2490 1199 2573 aliquem
1221 2489 1258 2555 de
1279 2492 1347 2554 eins
1368 2492 1545 2574 propagine
1567 2490 1611 2554 ad
1638 2491 1875 2574 imperatoriam
1901 2492 1949 2557 oet

296 2593 414 2676 regiam
435 2592 628 2657 maiestatem
650 2591 826 2656 rediturum
846 2611 920 2658 csse.
1594 2595 1687 2672 1248,
1710 2594 1794 2676 Any.
1812 2597 1865 2661 30.

400 2711 466 2766 Inm.
479 2711 527 2765 IV
542 2710 606 2780 Ra.
625 2710 685 2766 Inb.
704 2710 750 2779 VI,
767 2709 788 2776 f.
803 2717 911 2779 67-68,
929 2727 986 2766 cnr.
1004 2729 1032 2766 n.
1048 2717 1089 2767 20.
1125 2713 1280 2783 Exemplar,
1298 2713 1368 2782 quod
1387 2713 1467 2768 aaa
1484 2712 1590 2782 Hdsler,
1614 2714 1673 2769 Alb.
1690 2732 1714 2769 o.
1726 2713 1836 2768 Βόιαὲηι
1848 2730 1877 2784 p.
1892 2723 1950 2784 207,

399 2883 530 2952 Pottbast,
551 2881 615 2953 Rea.
630 2889 723 2948 1300&
740 2883 838 2952 Berecr
855 2891 929 2940 4681.

386 3080 424 3154 S.
453 3078 586 3154 tituli
613 3080 786 3154 Sancte
813 3079 956 3153 Marie
983 3080 1303 3157 Transtiberim
1330 3086 1595 3178 presbytero
1623 3085 1857 3176 cardinali,

832 3199 998 3274 vicario
1025 3207 1186 3277 nostro
1214 3202 1260 3276 in
1286 3205 1417 3281 Urbe.

404 3350 458 3415 Ab
487 3347 621 3415 exordio
649 3348 845 3430 vocationis,
879 3371 943 3434 que
973 3373 1032 3416 nos
1060 3353 1138 3418 licet
1163 3352 1314 3438 indignos
1343 3353 1384 3418 ad
1414 3352 1593 3441 apostolice
1622 3354 1789 3441 dignitatis
1819 3353 1948 3441 apicem

296 3455 502 3537 sublimavit,
536 3454 654 3518 mentis
686 3454 796 3518 oculos
826 3452 866 3517 ed
895 3457 1166 3541 contemplandas
1195 3457 1340 3543 inpacati
1370 3458 1457 3522 orbis
1487 3457 1727 3543 inquietudines
1758 3457 1950 3543 dirigentes,

296 3580 394 3645 super
417 3559 480 3622 biis
503 3558 683 3644 inspirante
699 3555 838 3621 Domino
862 3558 1011 3643 spiritum
1028 3560 1286 3645 compunctionis
1303 3561 1493 3642 etraximus,
1517 3566 1551 3626 et
1565 3561 1788 3627 infirmitatem
1803 3567 1950 3626 nostram

297 3662 429 3729 celestis
452 3661 581 3726 virtutis
604 3660 789 3725 constantia
812 3660 999 3745 inducente,
1028 3664 1242 3748 cogitavimus
1265 3664 1298 3727 in
1321 3663 1394 3730 Deo
1416 3664 1590 3749 pacificare
1614 3685 1688 3728 oum
1710 3663 1831 3728 mundo
1854 3664 1946 3750 pacis

296 3765 428 3852 publice
452 3765 669 3844 turbatorem,
700 3769 757 3828 aut
784 3784 822 3828 eo
853 3765 886 3829 in
916 3786 976 3829 sue
1001 3764 1120 3830 duritie
1149 3767 1361 3853 persistente,
1394 3773 1507 3832 contra
1533 3767 1641 3853 ipsum
1668 3766 1741 3833 Deo
1771 3768 1950 3832 auxiliante

299 3879 386 3938 stare
417 3891 476 3957 pro
507 3869 627 3956 populo
659 3873 692 3933 et
721 3868 892 3935 obfirmare
920 3871 1047 3934 vultum
1079 3870 1237 3936 adversus
1268 3871 1510 3959 implacabilem
1538 3871 1728 3958 pestilentie
1758 3871 1949 3957 principem,

295 3973 433 4039 letiferis
456 3972 617 4058 equilonis
633 3971 764 4037 flatibus
780 3973 876 4054 mala,
900 3974 1017 4059 quibus
1032 3975 1171 4040 mundus
1186 3976 1348 4057 atteritur,
1372 3983 1642 4041 commoventem.
1679 3973 1805 4040 Inhesit
1819 3973 1950 4060 quidem

294 4076 557 4165 inseparabiliter
585 4074 676 4140 cordi
698 4081 810 4140 nostro
834 4075 875 4140 de
899 4075 1085 4142 Christiano
1109 4080 1230 4165 populo
1254 4085 1311 4144 aut
1333 4080 1533 4166 perniciosas
1558 4077 1791 4143 discordiarum
1819 4077 1947 4144 radices

295 4182 440 4247 avellere
464 4185 522 4246 aut
543 4179 657 4243 harum
681 4182 872 4266 genitricem
897 4183 1034 4267 maligni
1056 4184 1260 4270 principatus
1283 4183 1337 4250 Fr.
1362 4184 1524 4270 quondam
1547 4184 1753 4269 imperatoris
1784 4185 1950 4268 extirpare

295 4283 541 4370 tirampnidsm,
570 4305 631 4369 per
660 4304 757 4369 quem
784 4282 959 4350 videbatur
986 4286 1182 4351 universalis
1214 4293 1319 4353 status
1348 4287 1460 4353 mundi
1493 4287 1627 4369 collabi,
1657 4286 1739 4352 fides
1768 4285 1952 4353 orthodoxa

298 4387 445 4454 subverti
468 4394 502 4450 et
524 4387 625 4452 decus
656 4388 760 4453 everti
790 4388 1015 4454 ecclesiastice
1045 4389 1215 4454 libertatis.
1256 4388 1381 4454 Verum
1412 4394 1585 4476 postquam
1615 4390 1700 4454 circa
1730 4389 1823 4454 illum
1853 4388 1951 4452 studii

295 4491 399 4557 nostri
433 4511 497 4555 non
529 4491 716 4577 proficiente
751 4497 886 4572 conatu,
923 4492 1070 4558 eiusdem
1101 4493 1313 4558 inexorabilis
1346 4492 1527 4578 pertinacia
1559 4493 1746 4577 pravitatis,
1780 4490 1951 4577 quodlibet

296 4595 411 4660 selotis
434 4600 608 4680 aspernata
638 4594 826 4676 consilium,
855 4596 956 4661 latam
979 4597 1134 4662 divinitus
1156 4617 1217 4682 per
1239 4617 1298 4660 nos
1323 4617 1416 4660 sacro
1442 4595 1619 4660 universali
1643 4596 1848 4682 approbante
1871 4617 1949 4660 con-

296 4698 369 4764 cilio
394 4697 592 4763 sententiam
617 4697 703 4761 iuste
732 4696 971 4784 dampnationis
998 4701 1145 4786 excepit,
1175 4720 1234 4787 per
1261 4719 1359 4786 quem
1388 4698 1475 4763 idem
1498 4699 1552 4766 Fr.
1576 4699 1724 4764 abiectus
1747 4721 1768 4764 e
1789 4698 1878 4778 Deo,
1907 4720 1950 4764 ne

294 4802 433 4867 ulterius
463 4804 579 4886 regnet
600 4801 654 4865 vel
684 4801 840 4888 imperet,
874 4803 1075 4869 declaratur:
1111 4803 1154 4868 ad
1183 4802 1390 4869 liberandum
1421 4803 1462 4868 de
1494 4802 1598 4889 ipsius
1628 4801 1780 4867 faucibus
1812 4822 1950 4887 regnum

298 4905 422 4986 Sicilie,
446 4905 533 4991 quod
557 4910 608 4970 est
623 4904 771 4972 Romane
795 4907 934 4973 ecclesie
959 4907 1114 4994 speciale,
1137 4907 1230 4972 cuins
1253 4908 1325 4992 ipss
1347 4906 1503 4971 dilatatus
1519 4903 1756 4992 pinguetudine
1771 4926 1810 4969 ec
1824 4904 1949 4969 viribus

294 5010 467 5075 roboratus
490 5008 681 5073 calcaneum
705 5010 812 5074 erexit
835 5011 868 5074 in
892 5011 1088 5092 Dominum,
1120 5016 1212 5076 tanto
1241 5010 1398 5077 attentius
1428 5010 1589 5096 propositi
1616 5009 1721 5074 nostri
1747 5009 1870 5095 aspiret
1899 5009 1949 5074 in-

292 5114 410 5191 tentio,
434 5116 555 5198 quanto
578 5112 685 5196 magis
709 5111 855 5178 eiusdem
879 5115 972 5200 regni
995 5114 1137 5180 conditio
1161 5113 1356 5192 miserenda,
1379 5113 1412 5177 in
1429 5134 1525 5199 quam
1541 5112 1623 5177 illud
1639 5111 1767 5198 redegit
1780 5111 1949 5198 regnantis

295 5216 466 5302 iniquitas,
499 5213 734 5300 compassionis
763 5216 797 5280 in
827 5216 921 5282 nobis
950 5224 1106 5303 provocat
1132 5218 1301 5303 pietatem.
1346 5215 1421 5280 Non
1451 5217 1537 5281 enim
1565 5221 1677 5301 potest
1700 5237 1720 5280 a
1741 5215 1804 5302 piis
1831 5215 1949 5278 animis

295 5320 420 5406 absque
445 5319 571 5405 gemitu
594 5319 732 5404 cogitari
756 5340 908 5405 regnum,
938 5320 1023 5407 quod
1047 5322 1108 5387 sub
1130 5321 1247 5408 priscis
1271 5319 1405 5405 regibus
1427 5318 1590 5384 libertatis
1618 5319 1737 5404 gloria,
1768 5317 1949 5383 nobilitatis

298 5421 427 5502 decore,
456 5422 641 5486 sinceritate
665 5421 754 5503 fidei,
784 5426 954 5510 opulentia
974 5446 1084 5490 rerum
1107 5432 1141 5490 ct
1164 5423 1303 5490 iocunda
1325 5423 1438 5509 populi
1460 5422 1646 5507 frequentis
1669 5421 1884 5508 prepollebat,
1915 5421 1948 5484 in

296 5533 421 5591 tantem
445 5525 610 5591 servitutis
634 5527 812 5609 miseriam,
836 5529 1050 5614 ignobilitatis
1073 5529 1235 5610 iniuriam,
1258 5531 1387 5614 lapsum
1403 5527 1491 5610 fidei,
1516 5525 1746 5591 exinanitionis
1763 5525 1949 5610 angustiam

297 5635 331 5700 et
353 5635 420 5694 tam
444 5651 546 5716 grave
568 5630 761 5718 populorum
785 5631 950 5698 excidium
974 5633 1148 5700 corruisse.
1192 5631 1260 5698 Sed
1283 5636 1317 5697 ct
1338 5630 1490 5696 Romana
1513 5628 1654 5694 ecclesie
1678 5628 1862 5718 superbiis
1890 5648 1949 5716 pre
