4734 6334
210 5233 235 5274 db

855 376 1055 434 ressonis
1072 377 1263 434 saoneres.
1299 380 1374 434 1249.
1491 365 1494 370 '
1735 409 1741 422 ·
1878 388 1936 448 sn

287 553 374 617 intra
396 550 479 617 duos
502 572 634 616 menses
658 556 731 636 post
753 551 976 636 receptionem
1000 553 1202 637 presentium
1225 572 1285 638 per
1308 573 1381 632 eos,
1410 551 1451 616 ad
1479 574 1560 638 quos
1589 555 1746 639 pertinet,
1777 556 1940 642 provideri

289 656 391 721 iacias
408 655 448 720 de
465 654 596 720 abbate.
635 653 707 718 Nisi
722 649 809 718 enini
826 652 911 718 dieto
932 655 1132 719 monasterio
1155 655 1240 720 inira
1262 655 1444 742 predictum
1469 661 1598 742 tempus
1621 659 1801 723 secundum
1824 661 1939 725 huius-

288 758 376 825 modi
399 757 544 823 mandati
567 758 670 822 nostri
693 765 840 822 tenorem
864 757 1029 842 provisum
1052 757 1152 822 fuerit
1174 757 1216 822 de
1240 758 1375 838 abbate,
1409 781 1482 823 cum
1505 758 1538 823 id
1561 761 1631 825 sine
1657 763 1773 827 salutis
1796 765 1940 850 periculo

289 862 427 928 ulterius
451 863 566 928 evitari
590 883 655 926 non
679 860 798 948 possit,
827 861 992 946 oportebit
1013 862 1198 926 necessario
1224 883 1322 947 super
1345 863 1406 926 hoo
1429 863 1526 927 aliter
1549 863 1736 948 providere,
1767 873 1940 950 quantum·
1981 853 1984 862 ¹

289 961 418 1052 cunque
446 971 501 1030 tue
531 966 727 1030 fraternitati
755 963 899 1045 deterre,
932 972 1031 1051 prout
1064 965 1134 1030 sine
1169 966 1295 1030 iactura
1327 966 1414 1030 terne
1449 987 1487 1030 ae
1523 968 1722 1031 conscientie
1753 969 1940 1054 poterimus,

287 1090 517 1155 proponamus.

397 1190 473 1253 Dat.
489 1189 662 1274 Lugduni,
686 1189 736 1252 VI
758 1189 833 1254 Kal.
858 1189 953 1269 Iunii,
979 1186 1077 1274 [anno
1093 1187 1202 1275 VI⁰]⁵.

1073 1866 1159 1940 734.

394 1981 612 2074 Innocentius
627 2005 652 2071 I
656 2007 683 2070 V
691 2027 778 2090 papa
800 2007 907 2070 abbati
929 2011 958 2070 et
975 2007 1082 2086 priori
1104 2007 1217 2072 Sancti
1232 2005 1374 2089 Spiritus
1395 2005 1521 2069 insulae
1543 2004 1580 2068 de
1594 2005 1746 2071 Sennona
1767 2010 1795 2070 ct
1810 2006 1942 2072 Nicotao

288 2108 325 2173 de
340 2109 463 2174 Isittera
488 2111 636 2174 canonia
652 2109 858 2176 Salernitana
879 2109 1019 2188 neandat,
1041 2113 1078 2173 nt
1099 2110 1240 2174 Iohanni
1261 2109 1342 2173 dicto
1363 2108 1460 2174 Sicano
1481 2109 1630 2174 mnonico
1645 2109 1861 2192 Aeripentino,
1879 2131 1941 2190 pro

288 2213 446 2276 deuotione
461 2214 604 2279 eeclesiae
620 2214 774 2288 mutanti,
797 2214 977 2278 tertiariam
996 2213 1176 2278 castrinovi
1190 2212 1362 2294 consuant,
1385 2231 1449 2276 non
1464 2213 1603 2276 obstante
1617 2213 1700 2294 qnod
1711 2212 1941 2298 [Raynatdns]

286 2315 448 2398 episcopus
469 2305 708 2399 Ayripentinns
720 2337 789 2380 eam
810 2317 871 2381 atii
892 2315 1035 2402 conferre
1053 2318 1310 2399 praesumpserit.
1586 2317 1679 2393 1249,
1702 2316 1786 2380 Mai.
1802 2319 1854 2380 28.

391 2435 455 2490 Inn.
469 2435 517 2489 IV
532 2435 596 2505 Ray.
615 2435 675 2491 La.
693 2435 740 2506 VI,
757 2436 829 2502 fita,
847 2453 876 2491 n.
890 2444 945 2492 614.

391 2521 519 2590 Pottbast,
539 2521 603 2592 Rea.
617 2528 712 2589 13691,·
728 2521 824 2591 Berper
841 2529 916 2578 4604.

397 2717 604 2792 ..abbati
632 2724 674 2792 et
701 2775 736 2792 ..
765 2718 904 2810 priori
932 2717 1085 2790 Sancti
1114 2718 1311 2808 Spiritus
1337 2718 1485 2790 insule
1513 2719 1566 2789 de
1594 2711 1837 2793 Sennena'*

342 2837 660 2911 Cisterciensis
687 2839 863 2910 ordinis
891 2839 1108 2910 Gaietane
1136 2837 1333 2910 diocesis
1361 2842 1402 2909 et
1427 2837 1612 2909 Nicolao
1640 2837 1691 2908 dc
1718 2836 1889 2921 Littera

521 2960 737 3031 aentonico
766 2959 1054 3031 Salernitano
1082 2959 1123 3030 in
1152 2958 1371 3030 Maritima
1399 2957 1712 3030 commoranti.

396 3107 515 3172 Merita
542 3107 739 3186 devotionis,
771 3128 867 3191 quarn
898 3107 1037 3171 dilectus
1065 3108 1151 3172 fitius
1175 3106 1340 3171 Iohannes
1364 3106 1470 3171 dietus
1495 3105 1618 3170 Saccus
1641 3107 1818 3170 eanonicus
1844 3107 1939 3189 Agri·

287 3210 460 3294 gentinus²
477 3212 564 3275 circa
580 3209 763 3274 Romanam
780 3211 865 3294 gerit
888 3208 1075 3288 ecclesiam,
1099 3209 1193 3274 nobis
1215 3209 1373 3274 inducunt
1395 3210 1558 3288 affectum,
1583 3215 1619 3272 ut
1642 3211 1749 3295 ipsum
1772 3210 1941 3294 oportunis

288 3313 491 3398 temporibus
515 3314 647 3399 speciali
671 3314 778 3398 gratia
802 3313 978 3378 foveamus.
1019 3312 1105 3376 Sane
1129 3314 1211 3398 ipse,
1236 3314 1322 3377 sicut
1345 3313 1510 3377 humiliter
1533 3334 1642 3377 coram
1665 3313 1759 3376 nobis
1777 3314 1941 3397 exposuit,

288 3437 346 3501 pro
370 3414 541 3481 devotione
565 3415 750 3480 huiusmodi
774 3415 868 3480 bonis
890 3415 1041 3480 omnibns
1065 3417 1224 3502 spoliatus
1252 3438 1355 3502 penas
1386 3415 1477 3480 exilii
1505 3416 1631 3500 cogitur
1659 3416 1811 3502 experiri.
1858 3414 1940 3479 Cum

287 3518 396 3604 itaque
420 3518 597 3605 prebenda,
622 3540 719 3604 quam
743 3518 828 3584 idem
851 3521 885 3583 in
909 3521 1126 3604 Agrigentina
1149 3519 1290 3584 ecclesia
1314 3521 1449 3598 obtinet,
1473 3518 1629 3604 temporis
1653 3518 1793 3583 iaciente
1816 3519 1942 3583 malitia

288 3623 332 3687 sit
358 3622 391 3686 in
421 3621 602 3686 redditibus
635 3622 718 3686 adeo
752 3622 926 3704 diminuta,
963 3630 999 3686 ut
1027 3630 1168 3708 quatuor
1195 3622 1364 3687 unciarum
1393 3622 1464 3687 euri
1494 3622 1670 3686 valentiam
1703 3641 1843 3685 annuam
1876 3643 1941 3685 non

288 3727 443 3811 attinget,
480 3748 518 3791 ae
550 3726 763 3804 beneficium,
799 3725 885 3810 quod
915 3727 1080 3790 tertiaria⁰
1109 3725 1294 3791 Castrinori
1322 3726 1502 3810 vulgariter
1532 3723 1725 3810 appellatur,
1760 3723 1792 3786 in
1826 3723 1940 3788 eadem

289 3829 430 3892 ecelesia
453 3833 543 3893 tanto
567 3836 715 3914 tempore
733 3849 869 3893 vacasse
893 3827 1031 3906 dicatur,
1054 3834 1091 3892 ut
1113 3850 1173 3913 per
1195 3829 1323 3914 lapsum
1346 3827 1504 3913 temporis
1529 3825 1569 3890 ad
1593 3827 1705 3891 sedem
1728 3826 1941 3912 apostolicam

289 3933 333 3995 sit
359 3933 430 3996 eius
459 3933 590 3996 collatio
619 3930 789 3996 devoluta:
824 3952 899 4011 nos,
930 3932 1016 3995 eirca
1042 3933 1147 4016 ipsum
1177 3941 1313 4018 paterne
1347 3939 1500 4016 gerentes
1531 3931 1746 4014 benignitatis
1779 3929 1942 4002 affectum,

286 4035 490 4114 mandamus,
514 4035 666 4120 quatinus
688 4034 885 4099 beneficium
910 4035 1016 4121 ipsum
1035 4057 1155 4100 -non
1179 4034 1384 4099 obstantibus
1408 4033 1492 4121 quod
1517 4040 1688 4119 postquam
1706 4031 1746 4095 ad
1765 4053 1823 4095 nos
1841 4031 1941 4116 ipsius

287 4138 349 4202 tuit
372 4139 504 4203 collatio
528 4138 697 4216 devoluta,
722 4188 753 4203 ..
779 4139 955 4224 episeopus
979 4139 1241 4224 Agrigentinus³
1265 4146 1361 4226 prout
1384 4139 1570 4224 occepimus
1594 4137 1673 4200 iilud
1702 4135 1757 4199 alii
1784 4133 1825 4198 de
1854 4134 1941 4198 tacto

288 4242 435 4306 conterre
465 4243 680 4327 presumpsit,
709 4247 742 4306 et
772 4241 855 4327 quod
883 4241 970 4307 idem
1001 4244 1176 4307 canonicus
1202 4243 1283 4308 alies
1306 4242 1522 4308 beneficiatus
1547 4241 1659 4304 existit
1682 4276 1724 4286 —
1746 4237 1941 4301 auctoritate

287 4351 408 4426 nostra,
434 4345 641 4410 retinendum
665 4346 707 4411 ab
731 4367 770 4409 eo
794 4367 867 4410 curn
891 4345 1059 4431 prebenda
1082 4348 1222 4431 prefata,
1245 4346 1393 4410 conterre
1418 4351 1450 4408 et
1465 4345 1635 4427 assignare
1653 4345 1806 4406 curantes
1823 4339 1941 4418 eidem,

289 4449 395 4534 ipsum
418 4449 451 4512 in
476 4448 623 4513 eiusdem
647 4448 799 4513 beneficii
822 4449 1064 4535 possessionem
1088 4447 1250 4512 inducatis
1275 4455 1308 4512 et
1331 4446 1516 4512 defendatis
1547 4445 1729 4522 inductum,
1761 4451 1870 4508 amoto
1899 4443 1940 4507 ab

287 4571 326 4614 eo
359 4551 506 4636 quolibet
539 4552 650 4615 illicito
684 4551 871 4626 detentore;
906 4551 1161 4616 contradictores
1191 4557 1253 4616 ete.
1285 4590 1323 4597 —
1356 4572 1421 4616 non
1451 4549 1603 4613 obstante
1636 4547 1867 4612 constitutione
1901 4545 1941 4610 de

288 4654 415 4718 duabus
440 4655 536 4719 dietis
561 4663 623 4720 etc.
669 4655 763 4730 Quod
788 4657 902 4720 sinon
926 4677 1038 4720 omnes
1062 4662 1123 4723 etc.

397 4774 471 4840 Dat.
496 4776 657 4860 Lugduni,
679 4777 709 4838 V
732 4776 805 4839 Kal.
831 4776 925 4852 Iunii,
950 4799 1035 4840 anno
1052 4777 1126 4840 V10.

1041 4949 1499 4960 ————-·-—-—·-——·————-—-—-e-———
1514 4947 1834 4954 ---—---—--.-.—

391 5067 417 5133 ⁸)
435 5085 503 5120 euno
519 5069 568 5118 Vi⁰
587 5069 654 5119 deest
672 5069 703 5120 n.
808 5068 834 5134 b)
852 5073 957 5122 sennen
976 5071 1022 5130 R.‚·
1038 5071 1066 5121 in
1083 5088 1166 5135 mara.
1185 5075 1339 5128 resecatam·
1357 5068 1404 5132 try.
1421 5068 1550 5118 Sounoua.
1655 5066 1678 5128 ο)
1696 5066 1805 5117 tertiana
1823 5063 1855 5114 B.

393 5220 419 5286 1)
440 5218 478 5284 Of.
496 5237 523 5273 n.
538 5227 594 5274 695.
682 5221 710 5286 2)
730 5220 785 5273 Hic
801 5219 859 5274 sim
875 5219 955 5274 nano
972 5220 1039 5274 ι’ᾱεηι
1061 5221 1115 5286 snit
1136 5225 1216 5288 utque
1236 5219 1372 5272 Iohannes
1390 5216 1488 5270 Sanam
1505 5232 1564 5269 can.
1578 5216 1791 5270 Pononnitaans
1808 5216 1840 5267 in
1856 5232 1884 5270 n.
1899 5223 1945 5268 717

286 5311 512 5372 commensuratus,
532 5306 687 5373 precantia
704 5322 765 5360 arm
783 5307 846 5360 baec
862 5324 900 5374 ep.
919 5306 1065 5360 sanandam
1080 5308 1195 5373 femiam
1212 5323 1252 5374 ep.
1270 5302 1546 5360 arremarensis.
1636 5303 1662 5364 3)
1682 5300 1762 5354 Verba
1782 5301 1943 5354 ‘resecans

285 5389 373 5455 frater
389 5392 485 5443 nonen
498 5392 588 5459 ponta
610 5407 667 5444 non
689 5397 765 5458 nent,
789 5408 822 5444 ea
843 5409 896 5460 quo
920 5393 1100 5446 madium
1121 5408 1180 5444 enm
1204 5406 1306 5459 meoque
1324 5388 1576 5443 mcomnunioatnm
1592 5387 1682 5452 sitisse.
1703 5417 1733 5426 -
1757 5385 1799 5440 De
1818 5385 1944 5454 Phiiippo

286 5489 325 5543 ap.
337 5475 462 5529 Partensi
478 5476 632 5546 imperatori
649 5477 808 5531 adiicerente
824 5479 855 5544 cs.
869 5477 1097 5548 nanee-nicta,
1117 5478 1134 5532 t.
1145 5493 1166 5530 c.
1184 5484 1258 5543 3706,
1278 5483 1348 5543 3712,
1366 5481 1440 5530 3780.
