4328 6232
755 359 803 414 EX
821 358 1040 415 INNOOEN'I'II
1057 357 1096 413 IV
1113 356 1295 413 arelauno

780 648 821 667 ..
849 591 1000 667 electo
1028 590 1270 665 Parmensi.

307 744 379 810 Tne
395 740 576 808 devotionis
593 739 729 805 obtentu
752 739 811 804 tibi
826 738 1003 824 gratificari
1019 739 1169 804 volentes
1192 759 1231 803 ac
1253 759 1312 825 par
1331 738 1512 826 impensam
1537 737 1595 803 tibi
1613 737 1757 824 gratiam
1780 735 1856 801 aliis

199 847 382 937 providere,
408 842 596 911 conferendi
620 843 769 929 personis
793 842 921 906 idoneis
944 843 1143 928 prelaturas,
1167 841 1360 927 dignitates,
1383 849 1588 929 personatus,
1612 839 1799 928 prebendas
1823 845 1858 903 et

198 951 361 1017 beneficia
377 948 602 1028 ecclesiarum,
625 953 693 1011 tarn
712 947 911 1032 regularium
934 968 1031 1032 quam
1048 947 1257 1027 secularium,
1281 946 1423 1010 civitatis
1448 952 1482 1011 et
1497 945 1637 1011 diocesis
1653 943 1857 1023 Parmensis,

199 1077 263 1142 que
287 1059 407 1120 vacant
429 1051 471 1118 ad
494 1072 632 1139 presens
656 1051 709 1115 vel
733 1050 927 1115 infuturum
948 1071 1065 1116 vacare
1083 1051 1266 1136 contigerit,
1290 1049 1331 1114 ad
1347 1070 1626 1137 quorumcumque
1643 1048 1857 1113 collationem

200 1180 259 1224 seu
283 1156 522 1222 ordinationem
545 1155 749 1241 pertineant,
780 1174 846 1218 non
876 1153 1028 1219 obstante
1052 1155 1277 1220 reservatione
1305 1155 1357 1219 vel
1381 1154 1604 1240 prohibitione
1628 1171 1729 1239 super
1751 1152 1859 1216 biisa

200 1262 292 1327 nobis
316 1262 369 1328 rel
393 1260 435 1325 ab
459 1260 533 1324 aliis
557 1260 791 1343 cuiuscumque
815 1258 1012 1322 auctoritate
1037 1258 1125 1322 iacta
1148 1259 1200 1322 vel
1224 1259 1321 1323 ctiam
1346 1256 1508 1338 facienda,
1532 1265 1565 1322 et
1580 1255 1791 1344 probibendi,
1816 1275 1858 1318 ne

200 1366 278 1453 quid
301 1367 388 1431 circa
410 1363 560 1451 predicta
589 1362 659 1426 sine
688 1367 746 1425 tua
767 1361 901 1425 licentia
922 1368 1145 1446 presumatur,
1173 1382 1235 1426 uec
1264 1382 1329 1426 non
1357 1367 1392 1426 et
1414 1360 1646 1447 compescendi
1671 1357 1857 1424 contradic·

199 1479 288 1537 tores
317 1493 377 1559 per
405 1489 576 1535 censuram
606 1466 867 1531 eeclesiasticam
896 1467 1118 1551 appellatione
1147 1473 1274 1531 remota
1303 1465 1441 1532 liberam
1470 1465 1547 1546 tibi,
1576 1462 1680 1528 donec
1710 1462 1859 1551 procella

199 1574 456 1661 persecutionis,
489 1592 553 1656 qua
580 1570 617 1637 F.
641 1569 803 1656 quondam
826 1570 1002 1656 imperator
1024 1570 1158 1635 infestat
1180 1571 1372 1652 ecelesiam,
1403 1570 1631 1656 conquiescat,
1659 1568 1857 1633 auctoritate

200 1679 403 1766 presentium
432 1676 639 1741 concedimus
674 1674 865 1738 facultatem
894 1710 935 1720 —
964 1673 1258 1739 nonobstantibus
1288 1675 1405 1739 litteris
1437 1694 1537 1760 super
1564 1672 1628 1737 hiis
1651 1671 1860 1737 conferendis

202 1781 244 1845 ab
262 1782 423 1866 aliquibus
438 1778 621 1865 impetratis
645 1776 698 1840 vel
714 1776 929 1863 impetrandis
953 1798 1013 1841 seu
1027 1775 1240 1862 indulgentiis
1257 1778 1515 1863 quibuscumque
1538 1775 1688 1864 personis
1712 1775 1755 1839 ab
1778 1795 1859 1860 apo·

200 1885 316 1949 stolica
346 1883 424 1949 sede
453 1883 635 1964 concessis,
668 1899 708 1943 ne
738 1879 778 1945 ad
808 1881 1033 1966 receptionem
1060 1882 1243 1967 aliquorum
1271 1881 1396 1967 possint
1429 1882 1502 1967 cogi
1535 1902 1595 1967 per
1623 1881 1766 1960 litteras,
1796 1899 1860 1963 que

200 1988 242 2053 de
270 1988 350 2075 ipsis
382 2008 446 2051 non
478 1984 617 2050 fecerint
651 1984 850 2048 mentionem
887 1989 921 2047 et
949 2006 1009 2069 per
1041 2006 1122 2070 quas
1151 1985 1258 2069 gratia
1281 1984 1468 2050 huiusmodi
1497 1983 1649 2070 impediri
1677 1983 1784 2070 possit
1807 1983 1859 2046 rel

202 2093 299 2157 etiam
324 2090 494 2156 retardari.
539 2087 608 2152 Nos
633 2088 719 2152 enim
744 2086 950 2151 deceruimus
978 2089 1105 2152 irritum
1136 2095 1170 2152 et
1201 2089 1315 2167 inane,
1349 2090 1375 2153 si
1405 2089 1482 2174 quid
1512 2089 1544 2151 in
1573 2085 1782 2152 conferendis
1804 2085 1858 2150 vel

203 2195 395 2260 ordinandis
419 2194 540 2258 eisdem
565 2192 690 2276 absque
714 2197 770 2255 tua
793 2191 928 2255 licentia
949 2191 1002 2255 vel
1025 2191 1179 2256 mandato
1203 2212 1223 2255 a
1245 2192 1392 2277 quolibet
1415 2192 1512 2257 luerit
1535 2189 1800 2277 attemptatum¹.

310 2315 386 2379 Dat.
409 2313 572 2399 Lugduni,
594 2311 648 2376 III
669 2310 744 2379 Kal.
767 2311 865 2392 Iunii,
889 2333 974 2376 anno
997 2311 1077 2375 IIII.

986 2800 1072 2873 375.

307 2895 526 2989 Innocentius
545 2920 602 2987 IV
615 2942 707 3005 papa
731 2921 971 3007 archiepiscopis
997 2927 1025 2987 ct
1051 2924 1202 3005 episcopis
1230 2922 1406 2989 Hiberniae
1435 2923 1581 3004 maniat,
1616 2928 1653 2988 ut
1688 2947 1711 2990 a
1741 2925 1865 2991 caeca

203 3026 337 3105 Italicis,
360 3027 416 3108 qni
437 3027 583 3109 macrino
605 3025 693 3108 opud
713 3045 745 3089 sc
770 3026 939 3106 obtineant,
962 3027 1142 3108 inmeritam
1168 3027 1343 3092 antemium
1364 3028 1462 3092 nnins
1482 3028 1564 3092 anni
1585 3027 1629 3092 ud
1647 3047 1765 3093 ritanus
1787 3048 1865 3093 suus

202 3132 371 3212 amipmnt.
1496 3135 1589 3210 2247,
1611 3131 1696 3197 Mai.
1720 3135 1774 3197 30.
1835 3144 1840 3151 ’

308 3249 374 3304 Inn.
393 3251 444 3305 IV
461 3251 524 3320 Rea.
544 3250 599 3306 Vol.
612 3252 636 3320 L
648 3258 800 3318 stt-m,-
816 3251 878 3307 Lib.
892 3253 912 3306 1
915 3252 944 3321 V,
957 3268 1013 3307 cna
1029 3259 1084 3307 109.
1120 3251 1219 3306 Pcrtzii
1235 3252 1367 3320 aemuler
1377 3253 1540 3306 matutinas
1559 3267 1620 3306 uisi
1641 3251 1766 3320 Tireincr,
1788 3252 1865 3306 Mon.

204 3337 314 3392 Helian.
328 3353 358 3406 p.
371 3345 412 3405 47,
429 3354 456 3392 n.
470 3345 524 3392 124.

312 3423 444 3492 Poene,
464 3423 529 3493 nep.
543 3431 639 3490 isera
656 3425 753 3493 nsraa
770 3431 849 3482 aoso.

347 3586 717 3681 archiepiscopis
745 3593 786 3662 et
813 3589 1040 3682 episcopis
1067 3609 1146 3680 per
1173 3589 1416 3662 Yberniam
1445 3588 1722 3665 constitutis

313 3737 464 3803 Diversis
481 3739 640 3823 angustiis
658 3744 720 3802 etc.
743 3744 901 3826 utsupra
923 3740 956 3803 in
979 3738 1089 3803 littora
1103 3736 1271 3802 LXXXI²
1294 3759 1414 3824 usque:
1439 3739 1685 3826 tranquillitatis
1709 3746 1862 3826 exurgat.

207 3840 288 3906 Oum
317 3843 416 3927 igitur
445 3842 486 3907 de
517 3841 655 3906 consilio
682 3842 817 3908 fratrum
855 3850 1041 3908 nostrorum
1071 3842 1261 3907 duxerimus
1284 3840 1514 3923 ordinandum,
1542 3847 1579 3906 ut
1606 3842 1647 3907 dc
1671 3843 1864 3909 Italicorum

207 3944 401 4009 clericorum
424 3944 604 4010 redditibus
625 3952 658 4009 ct
679 3947 893 4032 pensionibus
917 3947 1162 4028 ecclesiasticis,
1186 3967 1249 4032 que
1270 3946 1367 4010 iidem
1389 3944 1510 4010 habent
1533 3946 1565 4010 in
1587 3945 1735 4012 Yberuia
1759 3966 1865 4034 usque

207 4047 249 4112 ad
272 4054 402 4113 eentum
426 4070 553 4114 marcas
578 4055 632 4114 et*
654 4050 752 4129 infra,
776 4058 890 4136 quarta
913 4072 1001 4138 pars,
1024 4050 1066 4116 de
1089 4051 1153 4115 illis
1176 4071 1265 4132 vero,
1289 4071 1352 4135 que
1373 4051 1460 4114 ultra
1476 4056 1607 4114 centum
1628 4071 1755 4116 marcas
1779 4058 1864 4116 ster·

208 4152 370 4237 lingorum
395 4153 543 4216 obtinent
564 4153 597 4216 in
621 4152 771 4232 eademb,
800 4153 961 4218 medietas
990 4176 1048 4240 pro
1078 4176 1143 4218 uno
1168 4176 1252 4218 anno
1276 4176 1295 4219 a
1317 4155 1467 4241 proximo
1494 4160 1632 4218 venturo
1662 4154 1748 4219 festo
1780 4155 1864 4220 uati-

208 4256 316 4320 vitatis
340 4255 429 4319 beati
446 4256 602 4320 Iohannis
618 4256 769 4342 Baptisto
793 4258 825 4320 in
850 4263 947 4322 antea
969 4257 1187 4344 computando
1205 4257 1345 4322 ecclesio
1361 4257 1489 4344 prefate
1505 4257 1650 4323 subsidio
1665 4258 1861 4344 deputetur:

207 4359 457 4424 universitatem
492 4367 633 4424 vestram
666 4381 820 4444 rogamus
851 4361 1024 4425 affectione
1059 4382 1123 4446 qua
1152 4382 1326 4446 possumus
1361 4368 1394 4426 et
1427 4361 1610 4443 hortamur,
1650 4361 1864 4449 precipiendo

208 4462 400 4527 mandantes
425 4463 578 4549 quatinus
601 4464 721 4548 singuli
746 4468 895 4549 quartam
920 4471 954 4528 et
977 4464 1186 4529 medietatem
1212 4465 1356 4550 ipsorum
1381 4464 1565 4530 reddituum
1597 4471 1630 4530 et
1659 4466 1760 4531 ctiam
1783 4487 1865 4555 pen·

209 4565 347 4646 sionum,
371 4585 433 4651 que
456 4566 491 4630 in
508 4566 754 4652 episcopatibus
779 4567 897 4631 restris
921 4589 941 4631 a
963 4568 1090 4632 clericis
1112 4568 1301 4632 memoratis
1317 4567 1490 4650 habentur,
1513 4569 1553 4634 ad
1577 4589 1694 4634 manns
1717 4576 1866 4636 verstrae⁸

209 4669 341 4733 nomine
369 4668 507 4734 subsidii
535 4670 686 4755 prelibati
715 4671 821 4758 accipi
856 4671 984 4736 faciatis
1013 4672 1107 4736 iuxta
1134 4671 1269 4736 formam
1299 4672 1448 4757 superius
1476 4678 1675 4738 annotatam.
1721 4660 1757 4739 'si
1783 4696 1865 4740 rero

209 4772 353 4857 aliquem
377 4779 522 4837 restrum
546 4773 697 4838 dubitare
720 4776 902 4859 contingat,
926 4776 1009 4860 quod
1034 4775 1090 4853 hii,
1114 4777 1167 4861 qui
1191 4775 1337 4840 redditus
1359 4796 1416 4841 scu
1438 4778 1615 4862 pensiones
1638 4779 1672 4842 iu
1696 4779 1768 4843 eius
1792 4779 1864 4863 cpi-

211 4881 348 4962 scopatu
375 4876 524 4941 obtinere
555 4882 749 4958 noscuntur,
786 4878 869 4942 alio's
900 4878 1046 4944 redditus
1082 4888 1138 4944 ant
1169 4881 1345 4966 pensiones
1380 4881 1414 4945 in
1445 4881 1686 4968 episcopatibus
1719 4881 1866 4947 habeant

210 4981 360 5059 aliorum,
384 4983 511 5044 tantum
534 4979 576 5043 de
592 4979 778 5044 huiusmodi
794 4980 974 5046 redditibus
997 4990 1029 5047 et
1043 4983 1259 5069 pensionibus
1283 4984 1316 5048 in
1338 4985 1406 5049 suis
1424 4984 1611 5050 civitatibus
1628 4991 1662 5050 et
1677 4983 1864 5051 diocesibus

211 5083 396 5148 constitutis
414 5082 519 5169 accipi
542 5083 651 5164 iaciat,
669 5083 753 5168 quod
772 5085 914 5150 ccclesia
929 5085 1035 5173 decipi
1051 5094 1195 5173 nequeat
1217 5088 1250 5151 in
1274 5087 1335 5152 hac
1356 5095 1451 5174 parte
1468 5087 1620 5174 quodque
1634 5089 1744 5176 potins
1767 5112 1864 5178 opor·

210 5194 278 5252 teat
302 5207 376 5251 eum
401 5186 569 5272 resignare
594 5188 791 5272 superfluum
816 5209 913 5274 quam
936 5191 1102 5275 postulare
1126 5191 1306 5266 delectum
1336 5192 1592 5259 contradictores
1615 5200 1736 5276 autem,
1760 5197 1865 5282 siqui

313 5419 336 5476 ⁸)
359 5415 388 5467 Τ.
395 5433 404 5476 ,·
420 5428 446 5469 ot
464 5417 532 5469 deest
550 5414 595 5472 P..·
612 5416 645 5483 ej.
664 5434 690 5468 n.
704 5419 765 5468 342.
869 5414 895 5482 b)
913 5417 1009 5469 eisdem
1032 5416 1060 5470 Τ,
1165 5422 1188 5482 e)
1207 5428 1308 5472 nostras
1331 5419 1359 5472 Τ.

211 5569 343 5710 merl)
362 5568 426 5624 Irni.
444 5577 476 5624 16
492 5569 586 5624 milites
603 5569 763 5712 Pergentes
779 5569 910 5639 aarum,
929 5569 1048 5625 mesiae
1065 5569 1253 5641 adimantum,
1271 5571 1376 5627 cinam
1393 5571 1537 5629 Pamnsi
1546 5574 1631 5644 pern
1646 5579 1724 5643 uuis
1742 5572 1865 5633 Μ

244 5655 249 5664 “
309 5696 316 5722 ,
334 5655 351 5710 t.
370 5671 392 5710 c.
409 5661 505 5712 reesa
608 5657 636 5723 2)
686 5699 691 5711 .
709 5662 769 5713 342.
