4790 6340
839 457 1039 515 EPISTOLAE
1056 459 1245 518 SELEC'I'AE.
1283 463 1358 518 1247.
1861 469 1924 532 259

275 636 325 700 vir
348 635 479 722 sapiens
504 641 537 698 et
560 639 718 718 expertus
742 654 808 698 non
832 634 970 699 deberes
992 635 1054 700 hec
1078 637 1186 701 omnia
1210 638 1372 722 ignorare,
1397 639 1446 701 vis
1462 638 1595 702 domum
1618 645 1707 704 tuam
1731 647 1765 705 et
1785 642 1924 726 posteri-

274 746 376 804 tatem
400 738 533 802 iniicere
557 738 661 823 ipsius
685 737 846 822 sanguine
869 737 1043 812 scelerato,
1074 759 1147 802 oum
1172 740 1216 803 sis
1240 740 1391 826 princeps
1421 742 1600 806 catholicus
1626 743 1723 808 etde
1747 742 1924 807 maioribus

275 842 386 906 mnndi
408 862 503 906 unus.
549 841 645 905 Licet
674 849 783 905 autem
814 849 881 904 tam
912 843 1048 907 obtentu
1080 843 1126 906 tui
1157 864 1254 927 quam
1283 845 1444 908 carissimi
1473 845 1505 908 in
1531 843 1660 910 Christo
1685 848 1743 912 tilii
1767 848 1866 911 nostri
1892 898 1924 912 ..

276 947 362 1030 regis
383 946 544 1011 Boemie¹
568 946 702 1010 illustris
732 947 834 1010 soceri
867 946 931 1023 tui,
963 945 1016 1031 qui
1041 967 1214 1031 personam
1245 953 1334 1011 tuam
1357 947 1452 1011 nobis
1477 948 1651 1033 plurimum
1675 950 1924 1027 commendavit,

275 1049 424 1114 volentes
453 1049 514 1114 tibi
537 1049 646 1114 facere
669 1049 806 1133 gratiam
832 1049 1018 1134 specialem,
1043 1048 1164 1114 dilecto
1187 1050 1255 1114 tilio
1279 1056 1388 1114 nostro
1403 1051 1440 1114 P.
1457 1050 1569 1115 Sancti
1590 1051 1724 1136 Georgii
1747 1052 1789 1116 ad
1805 1052 1924 1116 Velum

274 1155 420 1217 Aureum
444 1151 582 1216 diacono
606 1151 772 1231 cardinali,
796 1153 975 1237 apostolice
997 1153 1086 1218 sedis
1110 1155 1230 1238 legato,
1254 1175 1353 1239 super
1368 1153 1559 1218 relaxandis
1582 1161 1618 1218 ut
1632 1156 1771 1240 petebas
1788 1155 1924 1241 quibus-

275 1253 349 1318 dam
377 1255 451 1320 latis
480 1256 541 1320 hac
563 1256 732 1320 occasione
759 1257 930 1320 sententiis
957 1264 1085 1320 nostras
1114 1256 1173 1320 sub
1202 1265 1292 1321 certa
1318 1258 1423 1321 forma
1451 1259 1579 1322 litteras
1609 1257 1826 1343 dirigamus²:
1851 1260 1927 1344 quia

275 1367 395 1440 tamen,
416 1379 588 1445 personam
605 1365 694 1423 tuam
714 1359 889 1444 specialis⁸
911 1360 1255 1445 prerogativaiavoris
1280 1367 1312 1424 et
1329 1361 1454 1444 gratieb
1478 1361 1718 1446 amplexantes,
1734 1369 1925 1447 reputamus

275 1469 308 1525 te
331 1463 508 1526 maximnm
537 1469 570 1526 ct
592 1463 784 1548 precipuum
816 1463 957 1527 ecclesie
988 1461 1211 1542 defensorem,
1242 1462 1404 1527 nobilitati
1433 1471 1487 1527 tue
1512 1465 1712 1530 consulimus
1743 1466 1830 1530 bona
1861 1465 1926 1530 fide

276 1571 388 1649 teque,
420 1587 493 1630 cum
521 1586 616 1630 carus
646 1567 690 1630 sis
722 1565 831 1645 nobis,
864 1566 1057 1650 requirimus
1081 1573 1115 1631 et
1137 1586 1304 1650 rogamus,
1329 1566 1494 1652 quatinus,
1519 1568 1725 1634 considerato
1749 1568 1927 1654 prudenter

276 1669 363 1753 quod
391 1667 619 1754 progenitores
652 1670 701 1734 tui
728 1676 917 1734 constanter
948 1668 981 1733 in
1012 1669 1184 1736 devotione
1221 1670 1309 1734 sedis
1340 1670 1521 1756 apostolice
1550 1672 1779 1756 perstiterunt,
1808 1673 1926 1756 quibus

277 1772 389 1853 debes,
401 1772 485 1837 sicut
499 1773 734 1860 propagatione
750 1773 929 1858 sanguinis,
946 1774 993 1837 sic
1010 1773 1194 1838 devotionis
1209 1773 1391 1838 imitatione
1405 1772 1592 1854 succedere,
1610 1774 1761 1860 qnodque
1778 1777 1925 1862 prelatus

277 1877 315 1942 F.
339 1875 441 1940 modis
458 1876 575 1962 quibus
592 1883 702 1963 potest
718 1877 860 1962 aspirat⁰
882 1898 947 1940 non
971 1885 1037 1941 tam
1060 1877 1101 1942 ad
1118 1879 1367 1943 subversionem
1382 1877 1459 1942 fidei
1483 1888 1516 1942 et
1532 1878 1683 1958 ecclesie,
1709 1886 1821 1941 contra
1845 1899 1926 1962 quas

278 1979 452 2066 nephanda
468 1981 662 2044 commercio
678 1980 800 2064 iugiter
815 1980 1028 2062 machinatur,
1053 2001 1149 2065 quam
1170 1982 1269 2046 etiam
1294 1981 1335 2045 ad
1352 1980 1570 2046 destruendos
1586 1982 1717 2065 penitus
1739 1983 1793 2046 vel
1810 1983 1925 2045 saltem

212 2115 224 2152 a
279 2083 474 2170 redigendos
497 2084 530 2147 in
555 2090 736 2148 extremam
759 2085 811 2148 vel
837 2084 1028 2148 vilissimam
1052 2085 1243 2149 servitutem
1268 2105 1380 2149 omncs
1403 2085 1531 2148 nobiles
1561 2091 1594 2148 et
1617 2091 1785 2170 potentes,
1816 2091 1925 2149 natam

277 2189 436 2267 eiusdem,
460 2210 534 2253 cum
557 2209 621 2272 qna
638 2194 733 2252 natus
758 2196 833 2252 tuus
857 2187 896 2251 dc
919 2189 1006 2252 facto
1025 2187 1191 2273 sponsalia
1208 2189 1412 2252 contraxisse
1429 2188 1579 2269 dicitur³,
1602 2207 1698 2272 quam
1723 2209 1787 2251 non
1810 2185 1926 2273 potes‘l

277 2293 346 2357 sine
363 2293 470 2356 anime
493 2299 548 2356 tue
572 2313 610 2356 ac
630 2292 700 2356 cius
717 2293 863 2377 periculo
879 2292 1032 2372 retinere,
1056 2291 1097 2354 ad
1121 2312 1194 2355 eum
1219 2293 1273 2375 qui
1290 2292 1378 2355 misit
1394 2313 1465 2356 eam
1490 2312 1548 2376 pro
1565 2290 1674 2354 divina
1698 2298 1731 2355 et
1747 2291 1926 2376 apostolice

277 2395 364 2460 sedis
387 2417 425 2460 ae
448 2403 561 2459 nostra
583 2396 769 2459 reverentia
792 2395 960 2459 remittere
983 2416 1047 2458 non
1069 2402 1263 2478 postponas,
1288 2416 1347 2480 pro
1371 2403 1460 2459 certo
1483 2401 1600 2459 tenens
1623 2393 1724 2479 quod,
1755 2399 1927 2478 quantum·

277 2520 416 2585 cumque
448 2518 621 2585 personam
657 2508 746 2562 tuam
775 2497 982 2562 intendamus
1016 2498 1170 2583 prosequi
1208 2499 1420 2582 prerogativa
1456 2498 1561 2582 gratie
1598 2496 1766 2581 specialis,
1799 2497 1928 2582 prefata

199 2633 225 2671 rr
278 2602 444 2689 sponsalia
477 2622 542 2665 non
571 2623 742 2686 possemus
776 2623 849 2665 curn
882 2601 969 2665 bona
997 2601 1198 2666 conscientia
1233 2603 1385 2666 tolerare.
1437 2602 1558 2666 Preces
1591 2601 1692 2685 igitur
1723 2607 1852 2665 nostras
1880 2601 1927 2665 sic

278 2705 412 2771 studeas
435 2703 613 2769 efficaciter
636 2711 669 2768 et
693 2705 846 2768 celeriter
868 2703 1058 2790 adimplere,
1082 2703 1168 2789 quod
1193 2704 1313 2769 exinde
1337 2703 1425 2791 apud
1447 2704 1572 2785 Deum,
1601 2706 1634 2768 in
1659 2705 1751 2768 cuius
1776 2705 1926 2768 iniuriam

278 2815 311 2872 et
328 2808 466 2872 nominis
490 2807 539 2871 sni
564 2828 662 2892 grave
680 2806 887 2892 dispendium
911 2807 952 2871 ad
968 2807 1151 2871 huiusmodi
1168 2808 1411 2872 matrimonium
1427 2807 1669 2893 procederetur,
1693 2807 1756 2871 hoc
1779 2813 1926 2892 tempore

278 2919 447 2976 accrescat
468 2912 619 2975 meritum
644 2919 678 2975 ct
699 2911 772 2974 laus
796 2911 828 2974 in
853 2911 982 2996 populis
1006 2910 1175 2974 nationum
1198 2909 1380 2995 reddasque
1406 2909 1466 2974 tibi
1490 2916 1522 2974 et
1545 2911 1608 2974 tuis
1631 2910 1789 2994 proindc⁰
1812 2909 1927 2974 sedem

277 3014 491 3100 apostolicam
520 3036 558 3078 ac
587 3014 804 3078 universalem
829 3014 1004 3078 ecelesiam
1027 3013 1129 3077 artius
1154 3013 1326 3097 obligatas.
1371 3012 1440 3086 Nos
1465 3014 1568 3094 enim,
1593 3013 1648 3097 qui
1673 3014 1813 3076 salntem
1837 3019 1927 3076 tuam

200 3150 225 3186 ·:.
279 3119 462 3204 appetimus
487 3125 520 3182 et
536 3117 728 3203 proiectum,
753 3117 780 3180 si
804 3127 835 3180 tc
852 3117 971 3180 nostris
995 3117 1028 3179 in
1052 3115 1112 3180 hac
1132 3123 1226 3202 parte
1247 3117 1450 3201 coaptaveris
1467 3115 1683 3202 beneplacitis
1707 3122 1741 3178 et
1757 3115 1927 3189 mandatis,

278 3221 319 3285 ab
347 3223 433 3286 omni
461 3222 678 3308 promissione
709 3242 768 3284 scu
798 3219 996 3304 obligatione
1025 3218 1213 3304 pecuniaria
1243 3240 1301 3284 seu
1330 3239 1534 3303 quacumque
1564 3219 1630 3282 alia
1657 3219 1784 3304 prefato
1808 3217 1845 3282 F.
1875 3218 1926 3281 vel

278 3324 349 3388 eius
388 3326 518 3389 nomine
556 3325 612 3388 alii
646 3325 838 3408 cuicumque
877 3324 965 3387 iacta
1001 3323 1173 3387 occasione
1208 3323 1409 3409 sponsalium
1450 3321 1670 3408 predictorum
1705 3329 1737 3385 to
1775 3320 1928 3383 duximus

270 3427 522 3504 absolvendum.

386 3547 462 3616 Dat.
485 3547 647 3632 Lugduni,
671 3547 774 3612 Nonis
797 3547 887 3629 Maii,
911 3569 996 3612 anno
1020 3549 1168 3633 quart0⁴.

902 3759 1267 3766 ---—-.-.-...—---
1305 3759 1312 3764 .

1063 3951 1148 4024 347.

198 4125 225 4162 ,0
383 4047 600 4143 Irrnoccntr'as
619 4071 674 4140 IV
689 4095 780 4157 papa
805 4072 935 4157 P[ctro]
958 4071 1069 4138 Sancti
1095 4075 1224 4156 Georpit'
1244 4073 1288 4138 ad
1316 4071 1423 4138 Volsca
1445 4073 1586 4138 Auream
1610 4075 1740 4140 (liacono
1762 4073 1930 4149 cardinali,

277 4181 463 4264 apostolicae
493 4180 575 4246 sedis
603 4181 716 4262 tcpato,
745 4178 789 4242 ad
809 4197 917 4258 pareres
945 4177 1115 4261 [chrici]
1148 4177 1339 4241 scarritiones
1372 4177 1550 4243 Misncnsis
1583 4179 1720 4243 concedit
1743 4179 1930 4264 sancitatem

276 4285 448 4351 relaxandi
475 4285 646 4348 sententias
675 4305 695 4347 α
723 4281 909 4366 [Pettqpo]
937 4282 1029 4346 electo
1058 4281 1262 4346 Ferraricnsi
1295 4285 1369 4343 trrnc
1396 4282 1494 4362 lepato
1518 4283 1751 4364 prarnulpatas‘,
1783 4302 1822 4344 nc
1847 4281 1931 4344 inter

278 4388 500 4471 Marparctanr
521 4392 632 4452 natam
653 4384 815 4451 Fridcn'ci
836 4385 994 4466 qnondam
1017 4385 1217 4466 temeratoris
1243 4389 1273 4448 ct
1294 4385 1459 4449 Albaniam
1480 4385 1585 4466 titiam
1607 4385 1797 4450 rnarclsicnr's
1817 4383 1931 4448 Μαινί-

279 4493 419 4556 mcninm
440 4492 684 4558 contraheretur.
1597 4489 1692 4564 1247,
1714 4486 1798 4552 Mai.
1815 4492 1846 4554 7.

198 4643 225 4680 ³3,
383 4613 448 4666 Ian.
463 4612 513 4667 IV
527 4612 589 4681 ch.
604 4611 661 4667 Vol.
676 4611 700 4678 I,
717 4617 781 4678 383;
799 4609 858 4664 La.
873 4608 925 4676 IV,
942 4615 998 4664 620.
1041 4607 1138 4662 Pertrii
1156 4607 1288 4675 ancnmlar
1312 4607 1471 4660 coratnlirnns
1492 4623 1552 4660 cnm
1571 4605 1857 4674 Haillard·Brtballcs,
1875 4607 1890 4658 l.
1909 4621 1929 4660 c.

425 4707 438 4734 r

278 4705 296 4754 ι’
316 4699 365 4769 VI,
379 4705 515 4855 babber
535 4785 598 4854 Rq.
619 4791 712 4851 rocoa·
731 4783 830 4851 Barca
844 4789 913 4836 sorr.

401 4932 442 5004 P.
475 4930 620 5004 Sancti
649 4927 822 5021 Georgii
849 4928 901 5002 ad
932 4927 1080 5000 Velum
1106 4925 1313 4998 Aureum
1340 4925 1533 4998 diacono
1561 4924 1806 5012 cardinali,

799 5048 1046 5140 apostolice
1074 5046 1195 5120 sedis
1222 5045 1406 5138 legarat

387 5199 545 5266 Exhibita
567 5199 661 5264 nobis
684 5198 803 5263 nobilis
826 5197 887 5261 viri
911 5244 944 5260 ..
968 5195 1165 5261 marchionis
1187 5194 1363 5260 Misnensis
1386 5194 1500 5280 petitio
1519 5192 1722 5274 continebat,
1745 5191 1833 5277 quod
1857 5213 1929 5256 cnm

279 5305 367 5370 idem
393 5326 504 5370 secum
527 5310 641 5370 teneat
655 5299 876 5386 Margaretam
892 5300 1036 5385 puellam
1060 5308 1171 5364 natam
1187 5298 1224 5362 F.
1241 5296 1403 5384 quondam
1420 5296 1637 5382 imperatoris,
1662 5315 1759 5379 quam
1774 5293 1931 5359 Albertus

197 5251 225 5287 ⁴⁰

382 5534 406 5599 ⁸)
416 5531 520 5600 speciali
533 5527 674 5581 P.ctH.B.
747 5525 773 5593 ¹³)
785 5523 953 5594 granatae.
1025 5525 1048 5589 θ)
1059 5526 1139 5592 spirat
1148 5523 1183 5576 H.
1192 5523 1225 5576 B.
1296 5521 1321 5590 ὖ)
1332 5523 1367 5574 H.
1378 5521 1410 5574 B.
1416 5529 1519 5590 ,potest
1529 5521 1559 5573 P.
1631 5525 1653 5586 θ)
1665 5519 1769 5588 provide
1778 5519 1808 5570 P.
1822 5519 1933 5571 erran.

384 5653 409 5718 1)
435 5647 589 5703 Werwcalazi.
666 5646 694 5713 2)
712 5651 808 5700 n.347.
886 5645 913 5712 3)
934 5643 973 5712 Os.
991 5643 1226 5711 Briiuner-Fc'clcer,
1245 5646 1261 5697 l.
1279 5659 1300 5697 c.
1319 5649 1410 5696 3463a
1423 5647 1445 5696 et
1459 5647 1531 5696 3464.
1610 5641 1638 5707 4)
1659 5639 1716 5692 Snb
1735 5637 1799 5692 Iun.
1812 5647 1846 5693 20
1858 5655 1933 5708 papo

281 5736 444 5804 Ulntstofotb
462 5734 567 5788 notrcrt'o
584 5729 744 5786 rrarrdricnis
762 5730 909 5784 Minae-nais
926 5731 1064 5800 quomdam
1078 5732 1195 5801 gratiam
1212 5731 1285 5797 facit·
1304 5731 1403 5798 Berper·
1420 5735 1486 5783 2826
1503 5732 1525 5781 ct
1543 5733 1614 5782 2827.
1721 5727 1748 5792 b)
1769 5725 1806 5793 Of.
1825 5743 1852 5781 n.
1871 5733 1930 5781 346.

1675 5821 1730 5876 33*
