4328 6232
912 356 1132 412 PRAEFATIO.
1813 360 1853 415 XI

192 538 234 611 In
269 536 433 610 eundem
471 536 629 609 modum
668 536 856 609 universis
892 537 1054 629 regibus.
1114 538 1211 610 Unde
1241 543 1331 610 enirn
1365 541 1515 631 scriptor
1542 541 1640 611 scirit
1667 540 1853 615 universis

193 659 343 750 regibus
369 680 421 749 ep.
439 681 474 729 6.
496 658 569 729 750
592 657 758 730 derectam
776 681 858 746 esse,
885 659 956 730 nisi
981 660 1063 730 haec
1089 659 1191 730 66666
1214 659 1342 731 alicnii
1362 667 1527 731 annotata
1545 661 1669 732 erant?
1700 662 1738 732 id
1763 663 1853 753 qaod

193 782 231 851 in
257 779 445 851 authentia
481 779 597 870 aliano
629 777 761 867 facturn
795 801 866 851 esse
905 803 974 849 non
1002 777 1143 871 potait¹.
1197 779 1280 851 Alia
1313 775 1444 872 quoqne
1480 783 1731 872 additamenta,
1765 806 1852 873 qaae

195 899 304 973 666666
336 901 381 972 ln
415 900 578 972 eundem
610 900 766 972 modum
797 900 949 992 epistolis
984 900 1126 990 interris
1166 901 1332 972 adinncta
1363 902 1515 990 tuerint,
1542 902 1776 975 annotationes
1800 904 1852 975 cel

194 1021 333 1093 calalas
367 1022 479 1112 fnisse
512 1021 655 1091 666666
687 1022 840 1092 adiectas
866 1020 967 1110 infra
987 1018 1242 1112 probahirnas²3
1278 1043 1319 1092 66
1353 1045 1419 1111 pao
1453 1024 1685 1113 capnoscinias
1709 1030 1853 1114 praeter

195 1143 354 1235 epistolas
380 1145 479 1233 ipsas
505 1141 580 1211 alia
606 1142 737 1234 scripta
765 1143 812 1212 ad
832 1145 1065 1234 componenda
1087 1143 1233 1233 Reaesta
1255 1142 1410 1214 adhibita
1429 1165 1508 1231 esse,
1533 1163 1620 1232 qnae
1640 1141 1682 1212 66
1710 1144 1850 1214 anthen-

194 1265 271 1334 ticis
299 1264 441 1353 penitas
476 1262 613 1350 aliena,
649 1247 800 1334 rainatas
836 1269 910 1335 crte
942 1267 1186 1353 continperent.
1249 1264 1291 1350 6)
1320 1263 1456 1335 Multae
1487 1263 1664 1355 epistolae,
1691 1286 1779 1354 qnae
1805 1266 1853 1335 ael

192 1387 288 1475 ipsas
315 1407 372 1455 res
407 1385 524 1454 cariae
550 1383 729 1454 66666666
759 1384 975 1473 spectabant,
1007 1386 1212 1474 repistratae
1240 1407 1308 1455 non
1342 1381 1449 1455 66663.
1504 1383 1678 1472 annwdo
1711 1385 1750 1454 iel
1775 1385 1852 1473 heri

188 1504 349 1595 66666666,
376 1503 435 1574 aie
462 1502 676 1593 intellipitnr,
697 1506 730 1574 si
754 1504 960 1592 6666666666,
984 1511 1168 1595 66666666
1195 1528 1213 1576 6
1239 1506 1341 1576 caria
1361 1507 1500 1594 eairent,
1524 1506 1571 1575 ad
1592 1507 1852 1595 repistratararn

192 1626 326 1716 deferri
351 1623 512 1695 solebant.
565 1624 680 1695 Aliter
698 1647 778 1696 6666
798 1648 852 1696 res
880 1648 915 1696 se
936 1622 1063 1715 666666,
1077 1629 1108 1696 si
1129 1626 1323 1696 anthentica
1344 1625 1566 1697 6666666666
1583 1648 1690 1716 nepae
1708 1648 1851 1715 qaaere-

177 1745 303 1832 ·hatar,
327 1751 445 1816 66666
471 1746 661 1833 capistrata
683 1752 791 1816 essent
814 1768 940 1834 66666,
966 1769 1043 1815 666
1062 1745 1213 1817 minatae
1235 1747 1332 1836 apud
1353 1747 1486 1817 cariam
1499 1751 1714 1818 remanerent
1721 1770 1733 1832 ;
1755 1752 1851 1836 past·

194 1888 296 1957 pann
323 1865 412 1936 666
439 1865 631 1936 anthentica
662 1866 767 1937 neissa
793 1873 888 1955 sant,
915 1867 1066 1936 ottrentae
1098 1865 1342 1956 epistolarem,
1374 1867 1509 1936 etiarnsi
1545 1888 1598 1936 res
1624 1888 1749 1956 praees
1775 1889 1852 1938 can·
1917 1929 1922 1936 .

192 1984 620 2076 66666666666666666166
644 2008 685 2057 ac
709 1986 850 2076 dependi
875 1985 926 2056 666
946 1984 1106 2057 oblivioni
1132 1988 1212 2056 dari
1232 1991 1402 2077 poterant.
1419 2025 1464 2033 —
1481 1985 1543 2056 Ea
1568 1986 1624 2056 his
1648 1984 1747 2057 rehns
1773 2008 1850 2057 con·

194 2106 361 2177 clndirnas
388 2107 438 2179 eis
463 2107 681 2198 temporihns,
709 2109 751 2178 ele
779 2106 901 2198 66666
929 2107 1080 2196 apirnns,
1108 2107 1204 2197 apad
1229 2109 1362 2177 cariano
1389 2105 1665 2178 connsuetudinem
1692 2112 1723 2177 et
1748 2128 1851 2177 666

193 2224 301 2314 fnisse
326 2227 539 2315 reparandi
566 2226 729 2318 epistolas
756 2250 798 2299 66
824 2227 975 2297 rninntis.

296 2347 418 2439 Nepae
445 2370 544 2434 6666,
576 2355 614 2418 at
647 2370 756 2438 snpra
781 2349 854 2418 iarn
882 2349 1052 2432 dicirnas,
1079 2345 1162 2416 haec
1198 2347 1404 2417 consactndc
1431 2365 1565 2433 seraper
1591 2344 1765 2418 observata
1791 2352 1851 2435 est,
1863 2376 2016 2430 nanen-

192 2469 252 2539 secl
275 2468 368 2539 inter
395 2468 563 2560 eaernpla,
591 2491 679 2558 qaae
705 2471 909 2562 repistrator
935 2467 1176 2556 transcripsit,
1204 2465 1401 2537 antleentica
1428 2486 1561 2554 666666
1587 2464 1698 2547 inisse
1724 2471 1851 2538 666666
1910 2464 1972 2516 ⁶⁶⁵⁶·

194 2594 250 2658 est.
309 2589 351 2673 1)
390 2586 470 2679 Ipsi
505 2611 567 2661 nas
603 2587 673 2658 alio
711 2584 806 2658 lceo⁴
827 2587 1011 2679 pricileaia
1046 2587 1212 2658 solemnia
1251 2585 1604 2672 canerneneoraeintns,·
1637 2586 1728 2658 inter
1764 2609 1851 2677 qnoae

194 2709 317 2795 amnia,
347 2731 434 2799 anae
460 2715 597 2800 sarapta
623 2731 666 2780 66
692 2708 846 2800 Repestis
873 2708 1026 2779 Hortarii
1044 2706 1118 2777 III
1140 2712 1171 2777 et
1200 2706 1364 2796 Greporii
1383 2704 1444 2774 IX
1469 2707 1634 2795 nielirnas,
1667 2713 1698 2778 et
1726 2707 1849 2796 6666,

194 2850 280 2917 qnae
306 2830 344 2898 in
370 2827 797 2900 lenocinantia]
818 2829 1044 2916 6666666666,
1072 2825 1381 2918 sochseriptianihns
1407 2849 1525 2917 papae
1558 2832 1589 2897 et
1615 2827 1852 2899 cardinalium

192 2954 318 3038 666666,
345 2955 483 3020 econtra
509 2972 590 3021 acro
620 2952 751 3038 anania,
781 2973 868 3041 qnae
894 2950 932 3019 in
959 2950 1038 3019 [nro.
1058 2947 1085 3017 I
1089 2947 1123 3019 V
1145 2947 1223 3018 In'h.
1239 2945 1334 3016 II-
1345 2945 1402 3017 VI
1425 2945 1594 3036 66666666,
1625 2947 1748 3020 eiselern
1772 2947 1850 3019 sah·

191 3068 431 3159 scriptionibus
450 3075 593 3141 ornatae
611 3077 700 3141 sant.
754 3071 816 3143 Ee
835 3094 901 3162 qno
925 3070 1022 3161 seqni
1040 3070 1184 3158 66666666,
1210 3076 1249 3140 at
1266 3069 1481 3159 rapistratori
1507 3069 1549 3138 66
1576 3092 1607 3139 a.
1627 3068 1680 3139 H
1698 3069 1777 3140 Iron.
1791 3069 1857 3140 IV

192 3187 376 3278 prenileaia
401 3189 708 3281 scthscripir'onihas
736 3192 808 3261 iarn
835 3193 988 3279 mnnita,
1021 3193 1045 3261 i.
1073 3214 1099 3261 e.
1128 3190 1334 3278 anthentica,
1361 3190 1514 3261 66666666
1539 3189 1618 3277 seint,
1646 3212 1723 3261 666
1751 3197 1852 3262 antea

191 3309 342 3378 minatae
386 3331 502 3379 66666
547 3313 738 3400 recepisset.
806 3310 857 3396 2)
892 3310 971 3381 Eae
1011 3332 1142 3401 peractoc
1182 3310 1361 3401 epistolae,
1405 3310 1525 3399 6666
1566 3310 1658 3381 aliae
1702 3309 1851 3382 insertae

193 3432 281 3515 snat,
309 3450 351 3499 ea
377 3429 582 3501 aerthenticis
608 3435 646 3500 66
674 3431 811 3502 videtur
836 3433 1019 3522 repistrari
1056 3428 1240 3518 salehant⁵,·
1276 3453 1358 3501 narn
1390 3430 1551 3521 epistolae
1582 3429 1788 3503 inserendae
1815 3431 1851 3502 in

190 3548 341 3619 666666
380 3552 534 3640 inteprae
571 3553 721 3642 scriptae
759 3555 833 3624 sine
876 3552 974 3623 dahis
1012 3575 1081 3623 666
1116 3558 1212 3639 sant,
1255 3558 1287 3622 et
1323 3573 1445 3622 66666
1482 3551 1697 3639 (anthentica,
1742 3553 1775 3621 si
1810 3574 1852 3623 ea

186 3691 303 3758 papae
330 3669 511 3760 66666666
546 3677 660 3758 66666,
690 3673 856 3763 partibas
887 3675 1048 3744 restituta
1083 3672 1206 3760 faisse,
1238 3671 1417 3762 prchahde
1453 3677 1510 3742 est.
1573 3670 1642 3742 Sed
1679 3671 1850 3744 interdnon

191 3790 342 3878 fortasse
376 3792 579 3882 apoprapha
609 3815 728 3864 66666
765 3796 812 3865 acl
844 3795 980 3867 carrione
1014 3794 1119 3864 rnissa
1156 3799 1254 3880 sarit,
1286 3815 1373 3881 qnae
1400 3789 1523 3862 ilridcrn
1553 3799 1793 3863 6666666666
1820 3799 1851 3863 66

191 3932 265 3979 carn
292 3909 432 3981 crinalis
459 3912 685 4001 epistolarum
706 3914 893 4006 papalinrn
922 3915 968 3984 ael
995 3916 1262 4002 repistratnran
1288 3911 1404 3983 delata
1430 3918 1526 3999 sarth·
1553 3911 1851 3983 6666666166

193 4051 325 4119 666666
350 4030 513 4120 epistolae
540 4032 641 4104 haias
664 4038 799 4124 pencris
826 4034 931 4105 66666
960 4040 1109 4125 ternpore
1130 4039 1211 4124 post
1230 4034 1321 4103 (liene
1348 4033 1384 4104 in
1403 4039 1485 4103 6666
1506 4031 1746 4122 chronolopica
1772 4031 1849 4103 sab·

191 4151 363 4236 66666666
387 4153 592 4241 rapistratae
619 4161 707 4225 sant.
761 4156 804 4240 3)
834 4156 1060 4243 Qnorrcndarn
1085 4154 1361 4225 acrthenticornnc
1388 4155 1491 4242 ternis
1517 4152 1634 4223 littera
1661 4175 1787 4243 rnaprea
1816 4150 1849 4222 R

192 4269 333 4360 inepriata
359 4277 419 4357 est,
447 4273 504 4342 cni
530 4273 583 4343 nel
610 4274 699 4346 aliae
728 4274 862 4346 litterae
888 4275 1036 4345 raino-res
1065 4274 1211 4345 i'rescrtae
1238 4279 1338 4358 sant,
1368 4296 1454 4363 qaas
1481 4295 1591 4363 nnper
1619 4269 1776 4363 Denitle⁶
1801 4271 1850 4341 ita

191 4388 364 4461 dissolvit:
391 4390 516 4482 script.
537 4392 559 4465 i.
583 4393 635 4483 R,
678 4394 826 4487 Saepins
846 4395 948 4467 66666.
972 4397 1118 4484 666666,
1144 4394 1205 4465 sah
1234 4393 1356 4483 qnihas
1383 4392 1545 4483 epistolae
1571 4396 1622 4463 ila
1648 4398 1785 4463 notatae
1811 4393 1850 4462 in

192 4506 543 4600 nanciscerentur,
577 4521 666 4586 66666
698 4517 813 4587 additi
851 4522 941 4587 sant.
997 4516 1096 4587 Haec
1124 4518 1224 4605 sipna
1250 4517 1289 4585 in
1314 4515 1544 4604 repistratara
1568 4513 1666 4601 facta
1693 4517 1848 4604 apparet,

193 4633 222 4698 et
260 4652 319 4701 eas
355 4631 517 4721 epistolas
551 4657 593 4705 66
625 4636 828 4708 authenticis
859 4639 1064 4725 capistratas
1099 4659 1170 4707 esse
1197 4657 1266 4727 pro
1303 4641 1394 4705 certo
1428 4640 1587 4704 lanternas.
1623 4672 1669 4680 —
1706 4631 1745 4703 Si
1769 4654 1848 4702 6666

195 4750 333 4837 anidani
358 4749 426 4820 ciri
452 4750 560 4824 dacti³
587 4777 630 4825 66
654 4777 700 4842 ea,
732 4758 826 4846 qnod
851 4759 889 4826 in
919 4756 1053 4847 alipaal
1077 4756 1167 4826 inter
1194 4755 1406 4842 anthentica,
1434 4776 1522 4845 qnae
1549 4755 1721 4842 66666666,
1748 4751 1848 4842 sepna

193 4870 438 4958 repistratnrae
462 4871 675 4963 invenerant,
704 4877 864 4968 epistolas
891 4899 1004 4947 66666
1028 4875 1082 4946 666
1108 4875 1182 4963 scre
1209 4898 1324 4947 66666
1351 4898 1392 4946 ec
1418 4874 1621 4945 antlrenticis
1646 4873 1849 4962 capistratas

195 5008 259 5059 esse
293 4987 547 5083 concluserant,
585 4997 634 5082 id,
670 4998 788 5087 qnaael
820 5002 974 5087 tempora
1013 4996 1060 5065 ad
1098 5018 1185 5086 qnae
1224 5017 1289 5065 nos
1324 5001 1513 5087 respectant
1549 4992 1722 5082 iratenens,
1752 4992 1848 5064 nohis

382 5156 557 5168 ————.-—
673 5166 679 5170 ,

293 5305 320 5372 ι)
340 5299 452 5368 apel,
469 5300 520 5354 sna
536 5305 601 5365 ns,
621 5304 679 5364 nec,
698 5305 753 5362 aaa,
774 5304 835 5363 666,
856 5304 915 5364 cre,
933 5306 990 5366 eoo,
1011 5306 1064 5363 741,
1085 5303 1151 5362 666
1167 5297 1325 5364 661666
1339 5303 1414 5351 asoa.
1498 5297 1526 5363 e)
1542 5312 1569 5364 p.
1587 5295 1676 5348 ΧΙΠ.
1758 5295 1785 5357 3)
1806 5291 1847 5359 of.

195 5390 263 5456 intra
280 5390 389 5444 tabidas
402 5405 433 5457 p.
450 5393 506 5442 621.
602 5385 631 5452 4)
649 5382 687 5437 Ν.
702 5384 737 5437 Α.
756 5389 773 5436 6.
788 5383 826 5449 Χ,
841 5400 871 5451 p.
884 5391 940 5438 526.
1040 5386 1068 5450 5)
1088 5384 1124 5437 N.
1139 5384 1174 5437 A.
1193 5389 1210 5437 t.
1224 5382 1262 5446 X,
1276 5400 1306 5451 p.
1319 5390 1374 5437 627.
1478 5384 1505 5450 6)
1523 5383 1595 5435 an
1608 5381 1706 5450 pdpstl.
1724 5379 1847 5436 Uen-n.

197 5472 549 5546 nomenensi.
569 5480 608 5526 14.
627 5468 730 5535 tana,
749 5469 889 5537 Ardicf.
908 5471 975 5525 In'tt.
994 5489 1022 5524 n.
1041 5469 1240 5539 Kirdeenpach.
1259 5469 1284 5523 d.
1307 5470 1473 5523 Mittelalters
1490 5474 1509 5522 t.
1521 5468 1582 5536 ΙΙΙ,
1596 5476 1651 5523 631.
1762 5468 1788 5534 7)
1809 5467 1847 5519 16

194 5564 281 5627 prins
298 5560 439 5629 66666,
458 5551 546 5613 nah.
563 5556 590 5613 n.
610 5556 698 5611 166.
716 5557 737 5622 f.
757 5560 847 5610 onos.
867 5554 957 5611 666.
976 5558 1035 5625 111,
1052 5564 1199 5623 aen-sor,
1222 5560 1246 5611 a
1267 5562 1298 5610 nt
1316 5554 1419 5609 nonar
1435 5554 1541 5621 666
1558 5555 1575 5607 ι.
1594 5570 1615 5608 c.
1633 5559 1695 5617 6,·
1715 5553 1750 5619 a.
1768 5552 1848 5606 aian

196 5645 229 5700 Ν.
248 5650 283 5702 Α.
301 5654 319 5702 t.
333 5644 372 5715 X,
388 5650 446 5701 tit.
