4328 6232
203 345 266 415 soe
760 340 1297 423 cxrnnoonnrnmsrarsrno

202 524 375 588 commisso
411 521 473 587 sibi
507 522 604 608 plene
639 522 815 607 legationis
851 525 974 604 officio,
1014 525 1233 606 destinemus,
1268 525 1472 591 universitati
1510 533 1617 592 vestre
1652 524 1861 597 mandamus.

201 628 354 712 quatinus
389 626 531 692 credatis
565 633 599 690 et
634 626 779 704 faciatis,
819 649 882 713 que
918 629 1004 695 idem
1039 629 1214 695 cardinalis
1247 629 1340 694 vobis
1375 650 1417 694 ex
1454 637 1547 716 parte
1582 638 1693 695 nostra
1728 630 1864 696 duxerit

201 730 412 815 proponenda
426 732 446 792 ¹.

310 852 387 918 Dat.
411 859 447 917 ut
470 873 578 940 supra.

309 972 349 1036 ln
379 973 519 1040 eundern
547 974 678 1039 modum
704 1026 710 1039 .
734 1026 740 1039 .
766 976 935 1062 potestati,
966 975 1101 1041 consilio
1131 981 1164 1039 et
1192 975 1357 1041 communi
1382 973 1604 1059 Spoletanisl,
1634 972 1855 1056 Tudertinis⁸,
1940 1005 1946 1036 a

200 1076 434 1156 asisinatibus,
457 1079 674 1144 anconitanis
685 1079 707 1158 ³,
731 1079 965 1144 Racanatibus.
1363 1135 1365 1139 .

311 1180 349 1245 In
378 1181 516 1246 eundem
546 1183 676 1248 modum
707 1231 744 1247 ..
773 1184 945 1269 potestati,
981 1182 1117 1247 consilio
1147 1188 1182 1247 et
1211 1181 1343 1246 comuni
1371 1180 1568 1246 Esculanis‘
1596 1181 1749 1267 spiritum
1780 1202 1850 1245 eon-

202 1284 264 1349 silii
290 1285 459 1351 saniorisl’.

310 1389 347 1452 ln
366 1389 505 1455 eundem
523 1390 652 1454 modum
671 1440 700 1457 ..
716 1393 884 1476 potestati,
907 1392 1044 1456 consilio
1061 1397 1094 1455 et
1111 1390 1240 1455 comuni
1253 1389 1478 1460 Auximanis⁵,
1496 1388 1536 1452 de
1553 1388 1676 1453 Sancto
1690 1386 1848 1452 Severius.

203 1493 474 1576 I'uliginatibusb
498 1493 833 1579 Interampnensibus,
858 1494 1020 1559 nobilibus
1044 1495 1121 1558 viris
1145 1493 1285 1557 dominis
1308 1493 1349 1557 dc
1372 1493 1515 1558 Arronl.

976 1873 1085 1942 XXV.

306 1971 524 2065 Innocentius
545 2000 603 2065 IV
617 2023 707 2085 propia
731 2001 860 2089 P[ctro]
882 2005 1043 2070 cardinali
1065 2006 1164 2087 loricato
1186 2004 1329 2082 nrandat,
1358 2006 1394 2065 nt
1415 2001 1573 2065 indevotos
1595 2001 1763 2082 legationis
1784 2021 1855 2063 nasac

200 2102 315 2184 prae-m
336 2126 357 2168 a
380 2105 449 2170 scdc
471 2107 641 2186 apostolico
663 2109 814 2171 concessis
831 2110 944 2190 privet.
1503 2107 1596 2182 1249,
1619 2106 1703 2188 Apr.
1724 2109 1772 2170 19.

306 2224 368 2278 nan.
383 2224 430 2277 ιν
447 2225 510 2293 aa,
530 2225 590 2280 nia
610 2226 655 2295 iu,
672 2228 693 2292 r.
709 2234 745 2294 72,
763 2243 819 2283 aa.
836 2245 864 2283 a.
878 2236 919 2283 aa.

306 2310 433 2376 eruoc,
454 2310 517 2380 nep.
533 2318 627 2378 raroa-
644 2313 740 2380 Bene
757 2320 830 2368 croc.

323 2507 365 2581 P.
394 2508 545 2581 Sancti
574 2507 757 2602 Georgii
784 2511 838 2584 ad
857 2510 1009 2583 Velum
1036 2510 1232 2583 Aureum
1261 2508 1471 2600 [diacono
1498 2508 1737 2596 cardinali,

719 2630 971 2723 apostolice
999 2630 1119 2704 sedis
1145 2629 1342 2722 legato]⁰.

313 2776 417 2842 Cumd
441 2779 605 2843 nonnullis
630 2782 779 2866 personis
803 2780 1037 2846 ecclesiasticis
1060 2787 1094 2845 et
1117 2779 1319 2845 secularibus
1344 2785 1399 2842 tue
1426 2778 1601 2863 legationis
1624 2779 1780 2844 liberales
1803 2802 1861 2846 nos

205 2880 453 2946 exhibuerimus
482 2889 515 2948 et
543 2881 716 2968 benignos,
750 2885 796 2949 eis
828 2891 895 2949 tam
926 2905 1024 2970 super
1053 2884 1221 2949 beneficiis
1249 2903 1346 2969 quam
1369 2882 1442 2946 aliis
1466 2882 1666 2968 specialibus
1689 2885 1808 2967 gratiis
1830 2894 1862 2948 et

206 2983 416 3069 indulgentiis
449 2991 577 3051 nostras
608 2987 736 3053 litteras
768 2986 994 3065 concedendo,
1029 2992 1201 3072 sperantes
1232 2984 1317 3070 quod
1347 2987 1410 3071 ipsi
1441 2993 1595 3071 tanquam
1628 2986 1861 3052 beneficiorum

205 3086 294 3151 sedis
324 3089 505 3172 apostolice
536 3112 601 3155 non
632 3092 768 3177 ingrati,
801 3092 896 3157 nobis
921 3098 955 3157 et
977 3092 1118 3157 ecclesie
1142 3091 1315 3178 presertim
1340 3091 1574 3176 oportunitatis
1597 3098 1746 3177 tempore
1769 3102 1861 3177 grata

206 3191 390 3255 devotionis
421 3191 577 3278 obsequia
608 3195 803 3260 exhiberent
833 3205 867 3260 et
899 3216 958 3282 pro
990 3196 1093 3280 ipsius
1128 3195 1267 3280 negotiis
1302 3192 1534 3280 promovendis
1571 3192 1721 3278 diligenti
1757 3194 1863 3259 studio

206 3293 408 3359 laborarent:
443 3297 592 3361 volumus
621 3305 655 3361 ot
683 3300 886 3384 presentium
917 3298 975 3364 tibi
1005 3298 1203 3363 anctoritate
1227 3296 1434 3375 mandamus,
1463 3296 1618 3382 quatinus
1641 3318 1758 3362 omnes
1782 3298 1863 3364 illos.

206 3417 288 3480 quos
312 3397 482 3463 indevotos
505 3406 538 3462 et
560 3401 707 3486 ingratos
732 3403 918 3488 reppereris
941 3405 974 3466 in
997 3402 1059 3466 hac
1083 3408 1192 3487 parte,
1223 3401 1352 3487 privare
1382 3400 1512 3484 penitus
1535 3399 1721 3465 huiusmodi
1746 3403 1863 3465 nostris

205 3501 319 3584 gratiis
352 3522 416 3565 non
447 3510 640 3589 postponas,
676 3506 850 3590 iniungens
882 3506 1243 3590 executoribussquos
1276 3505 1324 3568 eis
1357 3525 1457 3590 super
1484 3503 1599 3586 gratiis
1628 3503 1752 3568 eisdem
1785 3526 1861 3569 con-

207 3605 380 3682 cessimus,
419 3613 454 3669 ut
487 3627 546 3692 per
578 3608 704 3672 litteras
738 3609 936 3694 apostolicas
965 3630 1064 3694 super
1093 3609 1155 3672 hiis
1186 3607 1338 3672 obtentas
1369 3606 1410 3671 ad
1442 3607 1531 3692 ipsos
1559 3606 1770 3690 aliquatenus
1798 3631 1861 3673 non

207 3707 398 3791 procedant,
431 3715 464 3773 ct
492 3729 650 3775 revocans
680 3732 809 3777 omnem
842 3732 1046 3797 processum,
1077 3711 1178 3797 siquis
1205 3711 1289 3776 forte
1313 3710 1445 3774 habitus
1468 3717 1519 3773 est
1542 3730 1602 3794 per
1631 3730 1704 3786 sas;
1733 3719 1861 3774 contra-

208 3808 351 3874 dictores
376 3817 438 3876 etc.

314 3930 391 3995 Dat.
415 3931 578 4018 Lugduni,
601 3933 688 3999 XIII
712 3934 785 4001 Kal.
811 3936 898 4018 Maii,
921 3958 1006 4001 anno
1021 3936 1096 4002 VI⁰.

311 4227 334 4291 Β)
355 4228 437 4280 Verba
455 4232 484 4281 In
503 4258 536 4268 -
555 4234 684 4284 communi
706 4251 804 4300 ieamer
828 4237 934 4301 repetita
958 4245 1024 4287 merl.
1051 4242 1055 4246 '
1129 4235 1154 4300 b)
1175 4235 1257 4288 Verba
1274 4236 1335 4302 spir.
1354 4251 1423 4285 cons.
1442 4250 1498 4285 sarr.
1517 4234 1591 4284 edam
1618 4234 1655 4284 acl
1676 4251 1716 4300 ep.
1734 4242 1862 4300 arpano·

203 4315 340 4380 perderent.
446 4317 469 4380 ⁰)
489 4318 576 4370 Eidem
595 4319 641 4378 R.,·
659 4321 783 4372 ardececlil
801 4340 827 4371 n.
841 4322 945 4374 XXXI.
1049 4320 1074 4386 d)
1092 4324 1126 4390 cs.
1145 4342 1171 4374 n.
1184 4326 1234 4374 303
1246 4321 1293 4372 XI
1296 4321 1324 4371 V.

311 4468 337 4532 1)
358 4465 507 4536 ‘Nepotiani
530 4471 605 4538 repni
624 4470 737 4524 Siciliae
754 4488 831 4540 pirna
854 4490 910 4527 nori
933 4481 1120 4528 conmemorat.
1140 4505 1173 4514 -
1195 4475 1237 4528 De
1255 4474 1397 4528 Perennis
1413 4474 1446 4540 α’.
1465 4489 1492 4525 n.
1505 4479 1565 4527 999.
1661 4472 1690 4538 2)
1710 4472 1751 4538 Os.
1769 4489 1797 4526 ιι
1808 4480 1862 4526 602.

206 4555 233 4616 3)
254 4552 293 4619 Os.
312 4554 392 4606 aiam
410 4555 505 4623 Berper
522 4564 587 4610 roro
604 4563 627 4610 a
645 4566 724 4624 corn·
742 4558 865 4613 Petraea
885 4567 966 4615 13696
983 4567 1007 4615 et
1021 4568 1105 4616 iscar.
1192 4562 1221 4623 4)
1239 4562 1283 4615 Dc
1300 4560 1341 4614 liis
1359 4560 1390 4626 cfi
1405 4557 1628 4613 mame-Prae
1646 4564 1724 4621 arra·
1740 4560 1772 4624 qt
1788 4560 1864 4613 aaa

208 4638 493 4708 lamara-lamella,
512 4642 529 4693 l.
542 4658 563 4695 c.
582 4647 600 4696 t.
620 4643 665 4710 Vr,
682 4661 708 4711 p.
726 4652 777 4712 754,
796 4651 850 4700 etot.
864 4655 885 4699 1.
982 4650 1008 4714 ὁ)
1027 4647 1103 4701 Sedes
1126 4648 1282 4717 eynsoopralm
1300 4648 1462 4700 Anximcma
1479 4664 1498 4699 a
1517 4645 1712 4713 masmelli
1730 4662 1808 4714 mm
1829 4645 1864 4697 dd

206 4731 321 4779 matrum
336 4726 525 4794 Recancdensc,
545 4729 618 4796 anecd
635 4746 718 4797 canace
735 4747 763 4784 eo
779 4731 816 4783 ad
832 4732 951 4786 diocesim
962 4733 1191 4788 Hicnmrmtensem
1205 4734 1381 4802 pertinioerat,
1400 4751 1426 4787 a.
1440 4740 1505 4787 1919
1522 4733 1655 4785 commta
1672 4738 1748 4798 «ταῖς
1764 4732 1798 4798 cs.
1810 4737 1828 4787 t.
1837 4731 1862 4796 1,

206 4829 234 4865 n.
250 4819 298 4866 789
315 4818 338 4865 ct
359 4820 410 4866 797.
447 4815 480 4866 A.
495 4821 564 4881 1247,
586 4814 684 4870 Oct13
702 4817 874 4871 Inrmcentins
890 4819 1009 4888 episcopm
1027 4820 1182 4874 Humarmti
1203 4822 1233 4873 in
1258 4820 1519 4888 recompensationem
1535 4819 1617 4872 cadri
1636 4818 1769 4874 Reoanat.
1787 4819 1862 4888 spiri-

207 4899 295 4950 tualia
312 4903 335 4951 et
353 4900 508 4966 evaporatio
525 4900 601 4967 inra,
627 4919 694 4969 qnae
712 4903 742 4955 in
760 4905 824 4957 silla
842 4906 1002 4959 Auximann
1019 4912 1042 4960 ct
1061 4907 1134 4960 circa
1151 4923 1208 4960 earn
1227 4906 1362 4975 φιωιᾱαηι
1379 4905 1514 4974 epnbcoprm
1530 4903 1642 4958 damma
1666 4904 1812 4972 hamrrsset,
1834 4906 1863 4957 in

204 4989 362 5050 perpetuum
380 4992 541 5040 concesserat
559 4986 717 5056 candentque
736 4991 824 5043 cillarn
841 4990 894 5059 ipsi
910 4991 1051 5045 diocesano
1069 4994 1119 5061 lcpe
1137 4992 1311 5061 :mnitrmliter
1328 4993 1499 5055 sabmr'aerat,·
1517 4992 1619 5061 Berpcr
1634 4997 1719 5059 33065
1737 4991 1863 5056 mamm,

210 5069 275 5137 Itep.
290 5077 382 5135 12726,⁸
399 5072 434 5137 cs.
451 5073 547 5141 lienam
557 5079 630 5128 3307.
650 5103 681 5112 -
702 5076 853 5129 Arcaimani
870 5077 919 5129 sab
935 5077 990 5144 fine
1008 5096 1033 5133 a.
1048 5086 1111 5134 1349
1128 5080 1166 5132 cel
1183 5079 1261 5133 initio
1278 5086 1384 5134 c.1250
1402 5078 1480 5132 Petro
1496 5077 1631 5132 cardinali
1648 5094 1676 5131 se
1692 5079 1863 5141 satiricorum,

206 5153 251 5206 ssd
268 5172 294 5207 a.
311 5163 377 5209 1250
394 5156 431 5208 ud
444 5164 536 5226 partes
553 5159 721 5228 inperatoris
737 5162 889 5231 rcclierncnt5
906 5164 1138 5232 Bonna-Ficta,
1158 5166 1175 5221 l.
1186 5182 1207 5220 c.
1225 5172 1310 5232 382&
1327 5167 1359 5232 cs.
1375 5166 1407 5220 dc
1424 5165 1521 5220 Man
1537 5164 1600 5221 nid.
1613 5172 1693 5220 3645.
1780 5169 1808 5228 til
1823 5165 1861 5230 (Is.

206 5239 479 5298 circumciderer.
576 5246 602 5311 l)
620 5248 733 5316 Aprona
755 5247 787 5299 in
805 5248 927 5313 Dacatn,
951 5266 984 5303 ea
1005 5257 1068 5320 cepit.
1085 5252 1132 5305 cic.
1151 5252 1277 5307 lllnrsine.
1297 5281 1330 5291 -
1356 5252 1409 5305 His
1431 5252 1492 5305 solia
1509 5251 1658 5304 cirilalrlnm
1676 5252 1716 5304 ila
1733 5253 1858 5320 mamam

206 5325 292 5392 scrisse
308 5327 446 5381 credamne
462 5345 561 5383 rimae
577 5348 634 5385 non
652 5339 706 5398 eat;
724 5334 757 5399 cf.
777 5333 811 5387 N.
824 5335 858 5389 A.
877 5340 896 5388 t.
912 5335 948 5403 X,
964 5353 994 5404 p.
1006 5344 1063 5404 662,
1082 5343 1136 5392 emt.
1153 5346 1174 5391 1.

1907 2534 1945 2571 11
