4328 6232
824 357 1026 415 mutuatu
1044 358 1237 416 suumque,
1274 361 1350 417 1246.

1051 625 1136 700 174.

366 717 588 812 Ismenus
601 747 659 812 ιν
671 768 763 831 apa
781 748 922 813 maur
942 752 973 813 c
989 750 1108 830 ,mou
1127 749 1282 815 neuen
1304 752 1453 835 serena,
1475 759 1511 819 a
1533 758 1643 820 encra
1657 757 1859 822 umnam
1879 758 1921 822 ao

266 848 389 929 irripuerii
409 848 564 931 amatote
585 849 762 931 repulsum,
784 850 836 915 cai
852 851 964 934 plures
985 852 1024 917 de
1038 853 1269 934 potcctieribua
1289 856 1381 938 regni
1402 856 1466 920 men
1489 876 1522 921 se
1543 859 1756 942 epposrwriat
1785 860 1921 924 uiriliter

263 956 462 1035 wasaryaest,
484 952 680 1038 smne]
693 953 781 1019 tituli
796 953 933 1020 Sanctae
947 955 1078 1021 Mariae
1092 956 1321 1022 Transtiberina
1332 958 1516 1041 presbytero
1529 965 1558 1025 et
1573 957 1770 1047 Rffiyaeeio]
1785 963 1921 1030 Serretes

182 1058 185 1065 ’
265 1056 394 1121 Moriere
418 1055 453 1121 in
475 1055 637 1123 Ocemidin
657 1056 789 1122 diacono
809 1057 1036 1137 cardinalibus,
1058 1058 1141 1124 scats
1162 1060 1349 1141 apostolicae
1371 1062 1491 1143 bestia
1513 1063 1683 1145 senuaar
1703 1064 1872 1131 intendant
1892 1069 1922 1130 et

265 1161 381 1226 ucbdee
403 1162 494 1244 repeti
515 1161 655 1240 Siciliae,
677 1161 733 1244 qui
753 1160 799 1226 ad
818 1162 903 1243 specs
924 1163 1132 1247 confecerint,
1151 1162 1291 1248 saccant.
1472 1168 1567 1246 1246,
1590 1168 1671 1252 Apr.
1694 1172 1835 1234 macte.

368 1282 431 1334 Irus
448 1281 497 1334 IV
514 1281 581 1352 nee.
605 1281 658 1336 Vol.
675 1282 704 1350 I,
726 1287 790 1351 303,·
814 1281 875 1338 Lab.
892 1283 956 1350 111,
980 1279 1035 1338 cur.
1054 1290 1092 1337 12.
1130 1283 1230 1338 Pasas·
1252 1287 1392 1354 amatior,
1420 1287 1571 1355 culminum
1593 1305 1626 1342 ec
1649 1289 1740 1360 Rapa.
1762 1289 1837 1343 Aac.
1861 1289 1920 1343 cccl.

264 1388 288 1423 a
300 1377 375 1438 1246,
392 1374 460 1437 §tq
475 1369 636 1423 mamas
651 1385 711 1423 cetus
721 1367 776 1424 cod.
792 1368 912 1423 Valliccll.
925 1369 953 1436 J,
964 1377 1003 1437 55,
1021 1385 1054 1422 ec
1070 1387 1123 1437 qao
1138 1370 1167 1425 V.
1179 1369 1221 1425 Ol.
1235 1371 1272 1424 Ε.
1290 1371 1478 1426 Wialtclmcan
1491 1374 1661 1442 postauam
1674 1381 1781 1444 partera
1797 1375 1922 1444 opinatae

265 1456 336 1509 nobis
349 1455 476 1524 pucbait
495 1454 540 1524 [α’.
558 1455 671 1527 a.170],
689 1462 714 1510 et
731 1472 793 1511 cam
812 1455 927 1522 Sacicti,
946 1457 1019 1511 Aac.
1039 1457 1179 1526 Boloyaeei
1196 1464 1215 1513 t.
1228 1459 1292 1526 ΙΙΙ,
1315 1478 1352 1526 11,
1368 1477 1398 1527 p.
1410 1467 1471 1529 210,
1490 1478 1518 1515 a.
1533 1468 1588 1529 637,
1605 1462 1654 1530 qai
1672 1479 1710 1532 cp.
1722 1480 1750 1517 a.
1765 1470 1809 1518 175
1822 1479 1921 1533 crepo·

264 1543 376 1613 etwas,
394 1543 472 1597 amar
485 1543 605 1612 paenam
617 1547 721 1612 partera
738 1543 820 1598 uena
839 1559 877 1612 cp.
895 1559 928 1597 ec
948 1543 1010 1612 Ray.
1028 1543 1186 1613 decantem
1203 1545 1334 1615 iateprom
1351 1545 1429 1601 deda.

696 1797 736 1817 ..
764 1742 1039 1817 senatorial
1066 1744 1237 1836 populo
1265 1743 1494 1820 Romania.

372 1892 425 1957 Ad
449 1893 584 1958 mitem·
607 1898 640 1956 ot
662 1892 820 1957 humilem
842 1892 939 1956 eorde
964 1892 1028 1957 Dei
1050 1893 1162 1975 lilium,
1186 1895 1353 1960 dominum
1377 1894 1487 1960 Iesum
1513 1894 1692 1975 Christum,
1716 1894 1865 1960 ascendit
1888 1896 1921 1959 in

265 2004 391 2061 tautum
414 1995 578 2061 horrenda
600 1995 717 2082 perfidi
740 1995 895 2083 superbia
909 1995 1081 2077 Friderici,
1109 1998 1193 2083 quod
1216 1999 1325 2084 ipsum
1349 2005 1383 2064 et
1406 1998 1447 2063 ab
1473 1998 1603 2084 imperii
1624 1997 1785 2084 dignitate
1802 1999 1922 2083 repulit

265 2110 298 2166 et
322 2101 364 2166 ad
389 2100 515 2165 ruinam
539 2100 611 2165 eius
635 2099 734 2165 corda
750 2100 858 2164 Deum
881 2100 1065 2165 timentium
1088 2103 1287 2188 provocavit,
1312 2103 1396 2167 sieut
1413 2125 1456 2167 ex
1472 2125 1512 2168 eo
1529 2110 1680 2189 patenter
1695 2102 1920 2168 exultantibus

212 2221 220 2253 ⁵
266 2207 361 2271 nobis
391 2212 424 2271 et
447 2204 543 2269 vobls
570 2205 769 2290 agnoscitur,
801 2203 888 2290 quod
914 2204 1025 2290 plures
1054 2204 1095 2270 de
1119 2206 1335 2271 nobilioribus
1359 2212 1393 2271 et
1415 2206 1655 2293 potentioribus
1677 2206 1771 2291 regni
1794 2205 1920 2285 Sicilie,

216 4802 234 4840 lt

218 5388 236 5426 u

264 2310 352 2376 illius
376 2307 509 2374 fraudes
533 2315 567 2374 et
588 2309 724 2394 laqueos
747 2308 924 2393 fugientes,
948 2307 1010 2373 sibi
1034 2308 1121 2372 omni
1145 2330 1209 2394 que
1232 2309 1398 2374 sufficiunt
1414 2309 1534 2374 virtute
1558 2308 1657 2373 animi
1680 2308 1920 2374 contradicunt.

265 2413 346 2479 Cum
377 2420 489 2478 autom
517 2434 560 2478 ex
590 2412 653 2477 hoc
682 2411 771 2476 claro
795 2410 860 2476 Dei
890 2411 1048 2476 miraculo
1076 2413 1123 2477 sic
1153 2411 1241 2478 sedis
1271 2413 1451 2498 apostolice
1482 2412 1596 2477 matris
1621 2417 1730 2478 vestro
1753 2411 1923 2477 attollatur

264 2517 369 2583 honor
386 2523 420 2582 et
435 2516 589 2602 dignitas,
613 2514 698 2601 quod
714 2515 806 2581 vobis
823 2516 932 2600 etiam,
957 2517 1028 2581 eius
1046 2516 1246 2603 specialibus
1262 2517 1349 2593 filiis,
1372 2516 1473 2583 decus
1489 2521 1730 2601 consequenter
1744 2515 1922 2601 acquiritur

265 2627 299 2686 et
320 2620 449 2685 utilitas
472 2618 670 2704 adaugetur:
700 2617 949 2684 universitatem
978 2626 1121 2683 vestram
1152 2639 1307 2703 rogamus
1339 2626 1372 2685 et
1396 2619 1608 2685 obsecramus
1631 2620 1665 2684 in
1687 2618 1819 2684 domino
1842 2619 1920 2684 Iesu

200 2762 208 2773 ·
266 2722 413 2801 Christo,
438 2723 471 2787 in
495 2721 723 2787 remissionem
746 2720 859 2786 vobisl’
881 2720 1107 2806 peccaminum
1131 2720 1355 2807 iniungentes,
1380 2722 1532 2809 quatinus
1556 2729 1740 2789 vestrarum
1762 2722 1920 2787 mentium

264 2835 497 2914 presentantes
528 2827 649 2905 oculis,
688 2825 817 2911 quantis
847 2831 881 2891 et
908 2824 1061 2911 qualibus
1093 2824 1181 2889 idem
1211 2825 1356 2911 perfidus
1387 2827 1561 2892 ecclesiam
1588 2825 1654 2891 Dei
1686 2846 1725 2890 ac
1755 2846 1827 2905 vos,
1860 2822 1921 2888 sibi

264 2931 459 3011 carissimos,
482 2930 539 2995 diu
561 2930 764 3017 perturbavit
786 2929 914 2994 iniuriis
938 2936 971 2995 ot
993 2929 1137 3010 iacturis,
1161 2937 1275 2995 contra
1298 2931 1405 3017 ipsum
1430 2932 1476 2995 sic
1499 2936 1569 2996 toto
1592 2930 1699 2995 cordis
1716 2929 1921 3014 consurgatis

265 3036 402 3112 affeetu,
438 3033 525 3121 quod
557 3056 618 3122 per
649 3032 832 3099 vestrarum
860 3032 977 3097 virium
1012 3033 1190 3098 victoriosa
1225 3033 1373 3099 subsidia
1407 3033 1503 3099 cadat
1536 3034 1641 3098 hostis
1674 3032 1765 3113 fidei,
1799 3032 1922 3097 afflicta

266 3139 435 3205 vobiscum
459 3138 601 3226 respiret
624 3136 776 3215 ecclesia,
800 3136 1022 3223 tranquillitas
1045 3139 1168 3224 populo
1184 3136 1373 3204 Christiano
1396 3140 1570 3226 proveniat
1593 3146 1627 3203 et
1645 3158 1782 3223 regnum
1801 3136 1921 3215 Sicilie,

267 3242 351 3329 quod
374 3243 506 3309 miserie
530 3243 606 3328 iugo
629 3240 862 3328 comprimitur,
885 3239 1123 3327 redemptionis
1146 3240 1265 3306 festino
1290 3242 1412 3327 gaudia
1433 3248 1661 3328 consequatur,
1692 3241 1799 3327 sitque
1825 3239 1921 3305 nobis

266 3349 351 3413 siout
374 3354 487 3434 optata
510 3346 557 3412 sic
581 3346 646 3411 cita
668 3344 876 3432 possibilitas,
899 3351 936 3410 ut
959 3345 1012 3429 qui
1037 3344 1149 3410 sedem
1174 3353 1319 3411 nostram
1341 3353 1408 3412 tam
1431 3346 1492 3411 diri
1516 3346 1647 3432 tyranni
1667 3346 1798 3410 feritate
1815 3343 1920 3408 eoacti

268 3451 469 3537 reliquimus,
492 3450 533 3516 ad
557 3450 697 3516 eandem
720 3449 863 3515 feliciter
885 3448 969 3514 duee
994 3449 1111 3514 salutis
1134 3450 1254 3535 angelo
1277 3450 1459 3515 redeamus.
1499 3450 1544 3514 Ut
1566 3456 1678 3514 autem
1693 3449 1800 3535 pietas
1817 3447 1921 3512 nostri

267 3554 424 3623 desiderii
452 3554 657 3621 huiusmodi⁰
685 3552 787 3640 possit
809 3554 882 3618 Deo
911 3555 1050 3640 propitio
1079 3554 1209 3618 facilius
1239 3554 1425 3641 adimpleri,
1458 3553 1588 3619 dilectis
1618 3553 1694 3619 filiis
1725 3552 1846 3618 nostris
1871 3550 1921 3616 85¹

268 3659 351 3724 tituli
375 3659 496 3725 Sancto
519 3657 623 3724 Maria
646 3657 885 3723 Transtiberim
909 3658 1103 3744 presbytero
1125 3679 1164 3722 ac
1187 3657 1242 3721 R?
1264 3658 1384 3722 Sancte
1407 3657 1512 3722 Maria
1535 3658 1569 3721 in
1593 3655 1761 3723 Cosmidin
1784 3655 1921 3721 diacono

271 3763 501 3844 cardinalibus,
524 3770 688 3847 tamquam
712 3761 879 3827 nobilibus
903 3767 936 3826 et
959 3761 1143 3848 precipuis‘
1163 3761 1318 3825 membris
1343 3761 1496 3842 ecclesie,
1520 3761 1683 3847 sapientia
1698 3759 1828 3845 quidem
1845 3780 1920 3822 oon·

270 3866 388 3953 apionis
411 3873 446 3932 et
461 3867 617 3930 virtutum
640 3865 831 3931 diversitate
854 3865 1024 3952 preclaris,
1049 3866 1147 3952 plene
1171 3864 1348 3951 legationis
1371 3864 1514 3930 officium
1538 3864 1692 3929 duximus
1716 3861 1920 3927 committen-

269 3970 359 4041 dum,
387 3969 505 4055 quibus
533 3969 566 4034 in
593 3969 745 4034 omnibus
774 3977 929 4056 tanquam
959 3970 1052 4034 nobis
1082 3970 1130 4035 sie
1153 3976 1263 4034 vestra
1285 3968 1419 4034 devotio
1442 3970 1620 4055 vigilanter
1641 3967 1805 4047 intendat,
1835 3966 1922 4050 quod

269 4074 343 4139 inde
374 4094 533 4159 processu
562 4075 718 4160 temporie
748 4079 920 4140 teneamur
942 4074 1035 4140 vobis
1063 4073 1104 4139 ad
1132 4074 1259 4160 premia
1281 4073 1388 4158 gratie
1412 4073 1581 4158 specialis;
1613 4070 1726 4136 scituri
1755 4068 1842 4156 quod
1864 4090 1923 4154 pro

270 4184 358 4243 tanto
381 4176 515 4262 negotio
537 4178 721 4263 magnifiee,
744 4178 830 4243 sicut
845 4177 1014 4257 condecet,
1038 4178 1258 4265 promovendo
1276 4176 1316 4242 ad
1332 4197 1468 4262 presens
1485 4175 1591 4261 quod⁸
1611 4173 1767 4260 expedire
1784 4172 1922 4236 vidimus

271 4287 465 4368 oportunum
488 4280 669 4346 subsidium
698 4281 912 4348 destinamus.
957 4280 1112 4346 Ceterum
1144 4281 1216 4345 illos
1247 4280 1288 4346 de
1317 4280 1412 4365 regni
1441 4279 1621 4360 nobilibus,
1653 4279 1706 4363 qui
1735 4276 1777 4342 ad
1800 4273 1922 4340 vostri¹¹

271 4385 434 4450 munimen
457 4383 592 4471 presidii
614 4391 822 4450 recurrerunt
834 4386 855 4466 ¹,
884 4383 972 4449 illius
1003 4384 1133 4449 honoris
1157 4391 1190 4449 et
1218 4383 1440 4449 benivolentia
1470 4381 1673 4468 plenitudino
1703 4378 1856 4457 foveatis,
1886 4384 1923 4441 ut

271 4489 314 4553 eis
335 4487 556 4575 gaudentibus
579 4486 695 4553 advos
718 4488 875 4553 babuisse
899 4489 1073 4572 refugium,
1096 4489 1129 4553 in
1145 4489 1217 4553 aliis
1234 4488 1275 4553 da
1292 4508 1394 4573 regno
1411 4486 1573 4550 nobilibus
1589 4487 1765 4568 consurgat
1780 4481 1921 4561 affectio,

271 4598 304 4657 ut
331 4592 456 4658 homini
488 4590 665 4679 dampnato
697 4592 835 4658 subesse
866 4599 1005 4657 renuant
1035 4599 1069 4658 st
1102 4594 1172 4657 eius
1203 4592 1324 4656 furenti
1356 4589 1502 4676 nequitie
1532 4609 1591 4675 pro
1619 4587 1735 4651 virium
1764 4584 1921 4670 qualitate

272 4698 435 4765 resistant.

375 4800 414 4866 In
432 4800 573 4866 eundem
590 4799 722 4866 modum
737 4799 970 4886 potestatibus,
987 4799 1179 4880 rectoribus,
1196 4797 1342 4864 consiliis
1358 4802 1392 4862 ot
1403 4796 1533 4883 populis
1547 4794 1724 4888 civitatum,
1741 4798 1923 4858 castrorum

274 4912 304 4970 at
333 4906 480 4971 locorum
511 4925 570 4992 per
599 4903 814 4991 Campaniam
845 4908 879 4968 et
909 4902 1105 4968 Maritimam
1135 4901 1331 4967 constitutis.
1378 4898 1432 4963 nd
1462 4899 1577 4964 mitem
1605 4904 1667 4962 etc.
1696 4916 1816 4982 usque:
1849 4893 1923 4958 filiis

272 5007 404 5074 evidens
420 5007 545 5073 utilitas
561 5006 781 5095 procuraturl:
805 5006 1055 5072 universitatem
1073 5014 1136 5072 etc.
1153 5026 1271 5091 usque:
1292 5003 1437 5090 perfidus
1453 5002 1630 5068 ecclesiam
1642 4999 1707 5066 Dei
1719 4997 1924 5085 perturbavit

273 5110 395 5175 iniuriis
419 5116 482 5175 ete.
506 5131 625 5197 usqne:
651 5110 817 5198 specialis.

373 5234 654 5241 —a—-.---—-——-
701 5235 833 5241 η’»-
853 5235 943 5240 --..-.-.
963 5236 1030 5240 —.
1081 5236 1120 5240 -.
1575 5227 1735 5234 ---.---
1765 5226 1816 5233 -ι

374 5303 398 5367 ⁸)
419 5303 458 5355 Ad
476 5303 563 5355 mitem
581 5331 614 5340 -
633 5304 767 5356 radmmus
784 5319 816 5355 ec
828 5303 914 5371 Boyu.
1012 5300 1038 5369 b)
1058 5309 1201 5355 vestrorum
1215 5300 1309 5368 Bayu,
1331 5299 1400 5366 quod
1417 5297 1454 5348 ita
1471 5296 1629 5348 correximus
1646 5312 1677 5346 ec
1694 5312 1720 5346 n.
1734 5300 1792 5355 176,·
1813 5295 1842 5346 iu
1860 5294 1920 5361 Bcp.

275 5407 291 5440 v
307 5398 405 5441 mnam
422 5390 471 5459 legi
486 5399 625 5458 gestamur,
647 5398 808 5459 peecatorum
827 5397 970 5442 vastrorum
983 5389 1045 5441 Soc.
1138 5387 1161 5453 ⁰)
1180 5388 1218 5438 ita
1231 5387 1309 5450 Soe.‚·
1329 5385 1409 5437 nostri
1432 5383 1510 5434 huius
1524 5380 1581 5446 (sic)
1596 5380 1640 5441 P.,·
1663 5381 1742 5432 huius
1760 5380 1840 5432 nostri
1855 5379 1923 5430 vau.

275 5470 300 5539 u
317 5513 345 5528 ..
362 5476 437 5539 sae
453 5476 521 5530 aas
535 5477 603 5528 vce.
696 5478 720 5541 e)
741 5472 792 5544 [n]
805 5476 850 5538 12.,·
867 5458 1068 5538 ..scafam
1082 5475 1150 5527 vae.
1247 5471 1267 5539 f)
1285 5472 1406 5540 paenas
1419 5468 1450 5520 n.
1550 5469 1576 5532 s)
1595 5484 1660 5535 qun
1672 5466 1704 5518 n.
1800 5464 1826 5532 ιι)
1844 5466 1924 5527 vau,-

275 5560 397 5615 nostriP.
479 5560 499 5627 ¹)
515 5562 560 5615 adi
576 5563 604 5614 ia
616 5563 719 5631 priena-
736 5564 804 5628 filiis,
822 5564 901 5615 decus
919 5571 1106 5632 consequenter
1123 5562 1267 5630 aequiritur
1284 5568 1310 5611 at
1326 5557 1424 5610 utilitas
1441 5556 1591 5621 adaugetur.

377 5676 684 5767 „mammete
1681 5763 1719 5820 β

1664 5767 1679 5820 1
