4790 6340
934 409 1134 466 artaretur
1153 412 1342 468 salandrae.
1378 415 1452 470 1248.
1876 421 1933 482 351

289 580 440 664 speciali,
473 581 652 646 iuramento
688 605 747 648 scu
772 585 837 647 alia
870 586 1024 650 firmitate
1049 589 1193 668 vallatis,
1227 587 1343 674 quibus
1377 591 1512 674 prelatis
1545 589 1581 655 F.
1611 597 1644 654 et
1669 589 1705 653 C.
1734 612 1936 677 quocumque

290 683 385 747 modo
410 684 463 748 vel
487 707 529 749 cx
553 706 756 771 quacumque
780 709 879 751 eausa
906 690 1082 755 teneamini
1106 691 1158 756 vel
1183 693 1332 756 existatis
1356 692 1505 776 obligati,
1534 694 1726 758 auctoritato
1757 695 1937 778 apostolica

289 785 441 852 donimus
466 790 697 855 absolvendos.
742 791 832 856 Nulli
855 813 933 878 ergo
957 801 1019 860 ete.
1042 803 1153 861 nostre
1177 797 1391 862 absolutionis
1415 805 1477 864 etc.

394 908 469 974 Dat.
493 909 656 997 Lugduni,
680 911 732 976 III
755 911 832 976 Idus
854 913 1036 995 Februarii,
1059 937 1143 982 anno
1158 916 1231 983 V⁰¹.

1073 1420 1160 1494 497.

397 1531 615 1625 Innocentius
648 1557 705 1622 IV
730 1581 818 1640 pape
851 1559 1028 1647 [Ioluenru]
1060 1562 1198 1642 episcopa
1231 1561 1434 1626 Lausancasi
1467 1563 1610 1638 rrrarulat,
1645 1567 1680 1625 at
1713 1563 1873 1628 comitibus
1903 1563 1939 1626 de

292 1661 417 1741 Kibarp
439 1665 548 1726 contre
569 1662 748 1726 Beruenses
769 1663 910 1744 aliosque
931 1663 1061 1730 diocesis
1082 1683 1171 1742 sanc,
1200 1667 1255 1746 prii
1279 1665 1485 1750 Osctaaiano]
1515 1667 1649 1730 Sanctae
1672 1665 1801 1731 Mariae
1825 1669 1858 1730 in
1880 1666 1940 1730 Via

292 1764 376 1828 lata
397 1764 527 1828 vliacouo
548 1766 721 1843 cardinali,
744 1767 930 1846 ‹apiostolicae
951 1767 1034 1832 sedis
1059 1770 1171 1850 lepato,
1194 1773 1223 1832 ct
1245 1770 1397 1833 militibus
1418 1771 1485 1834 cius
1512 1773 1593 1833 aiam
1619 1769 1815 1850 impedierint
1837 1774 1940 1832 trans-

291 1866 388 1930 eundi
409 1873 437 1932 ct
453 1870 647 1948 persecutori
670 1871 813 1934 ecclcsiae
834 1871 1035 1951 adhaereant,
1058 1875 1200 1956 assotians
1221 1875 1391 1955 requisitus
1410 1875 1521 1958 fucrit,
1539 1877 1681 1953 potaretur
1703 1875 1839 1937 cassislat.

396 1989 459 2042 lun.
480 1988 528 2042 JV
542 1989 605 2058 Rip.
630 1991 682 2045 Vol.
704 1991 798 2058 laea·
819 1993 878 2047 Ina.
897 1993 926 2062 V,
945 2003 997 2049 ars.
1571 1981 1663 2054 1248,
1678 1977 1779 2042 'Faba
1804 1982 1854 2040 12.

396 2075 494 2144 Hesper
511 2082 583 2132 itera

798 2207 1096 2299 ..episeopo
1124 2208 1437 2282 Lausanensi.

398 2351 435 2416 ln
460 2360 586 2418 tantum
609 2355 673 2418 iam
697 2357 843 2420 excrevit
858 2354 1068 2442 plurimorum
1086 2360 1336 2441 presumptuose
1357 2356 1524 2420 temeritas
1548 2357 1803 2442 superbientium
1828 2365 1941 2421 eontra

294 2456 464 2520 ecclesiam
489 2464 625 2522 matrem
650 2481 758 2532 suam,
789 2460 888 2523 immo
913 2459 1022 2524 verius
1046 2464 1157 2522 contra
1180 2457 1304 2538 Deum,
1327 2467 1364 2522 ut
1386 2459 1515 2522 cornino
1539 2460 1654 2545 spiritu
1677 2460 1881 2524 discretionis
1906 2468 1940 2524 et

296 2559 427 2624 rationis
452 2569 602 2626 carentes
627 2563 716 2628 velut
738 2562 892 2626 sruinralia
922 2561 1024 2626 brutis
1054 2562 1166 2647 peiora
1194 2569 1388 2648 pereurrant
1417 2582 1553 2647 propere
1583 2563 1826 2636 etincnmbant
1849 2563 1941 2628 avide

230 2719 234 2728 ,
296 2663 329 2726 ia
352 2669 488 2742 nostras,
513 2667 654 2730 ecelesia
678 2665 823 2731 Romane
848 2672 1017 2730 eteorum
1041 2665 1217 2730 creatoris*
1236 2665 1371 2730 iniurias
1395 2671 1427 2729 et
1451 2665 1608 2740 offensam
1632 2687 1767 2750 quorum
1791 2666 1942 2752 superbie

293 2767 388 2848 colla,
412 2789 453 2831 ne
477 2769 573 2833 nimis
596 2770 761 2833 insaniant
783 2776 840 2834 aut
863 2790 975 2834 eorum
1000 2768 1165 2854 protervia
1188 2789 1248 2853 per
1276 2767 1416 2854 amplius
1447 2768 1645 2847 invalescat,
1675 2769 1836 2834 humiliari
1864 2790 1941 2836 con-

295 2871 394 2951 venit,
418 2871 554 2957 expedit
577 2879 610 2937 et
633 2872 768 2938 domari.
815 2873 897 2937 Cum
920 2873 1033 2958 igitur,
1063 2872 1146 2936 sicut
1174 2872 1285 2937 dilecti
1314 2872 1371 2936 filii
1403 2872 1531 2938 nobiles
1560 2873 1619 2938 viri
1642 2873 1687 2938 H.
1711 2874 1820 2938 senior
1843 2881 1876 2936 et
1898 2873 1941 2938 H.

295 2973 400 3037 iunior
432 2976 568 3041 comites
606 2977 648 3041 de
684 2976 819 3062 Kyburc
858 2977 953 3041 nobis
988 2996 1154 3061 exponere
1194 2982 1404 3057 curaverunt,
1438 2976 1479 3041 da
1508 2975 1619 3042 Berna
1652 2985 1686 3040 et
1712 2977 1768 3041 alii
1797 2978 1943 3041 nonnulli

295 3078 442 3143 homiues
477 3086 533 3146 tue
572 3081 729 3160 diocesis,
762 3087 874 3146 orecte
912 3080 1039 3145 cervice
1072 3086 1184 3143 eontra
1212 3079 1319 3145 Deum
1358 3087 1392 3145 et
1430 3081 1604 3146 ecclesiam
1638 3082 1708 3144 eius
1741 3080 1944 3166 persecutori

296 3183 490 3248 assistentes
519 3206 576 3270 pro
600 3185 722 3249 viribus
752 3193 784 3249 et
807 3183 991 3270 potentcr²,
1014 3183 1133 3248 dilecto
1157 3184 1222 3247 filio
1251 3192 1362 3249 nostro
1387 3185 1426 3249 Ο.
1451 3185 1569 3249 Sancte
1593 3183 1697 3248 Mario
1725 3185 1758 3248 in
1773 3184 1839 3248 Via
1860 3184 1944 3248 Lata

296 3285 433 3350 diacono
469 3288 642 3365 cardinali,
679 3288 857 3375 apostolice
893 3287 982 3353 sedis
1017 3288 1141 3373 legato,
1174 3309 1212 3352 ac
1246 3287 1402 3352 militibus
1431 3287 1685 3374 procedentibus
1708 3288 1741 3351 in
1765 3287 1943 3352 subsidium

297 3389 434 3454 ecclesie
466 3389 657 3457 devotorum
680 3394 765 3456 viam
792 3392 1021 3478 impediverint
1049 3391 1271 3470 transeundi³,
1301 3392 1386 3476 quod
1412 3397 1504 3455 tanto
1530 3391 1662 3475 gravius
1686 3397 1737 3455 est
1759 3389 1942 3470 ferendum,

296 3500 417 3576 quanto
440 3495 602 3562 rebellare
628 3505 739 3562 eontra
767 3501 892 3582 patrem
921 3501 954 3559 et
981 3501 1118 3577 matrem
1146 3493 1300 3580 grandior
1323 3500 1374 3558 est
1396 3493 1537 3558 offensa:
1566 3515 1636 3574 nos,
1660 3494 1808 3558 volentes
1831 3514 1944 3558 corum

296 3595 478 3681 iniquitatis
502 3600 630 3685 rumpib
654 3601 818 3664 vinculum
842 3605 875 3664 et
898 3599 1094 3684 proterviam
1118 3596 1324 3684 dampnando
1344 3597 1538 3662 temeritatis
1555 3597 1727 3684 compesci,
1742 3596 1944 3676 mandamus,

298 3702 451 3785 quatinus
473 3703 628 3788 predictis
651 3703 832 3783 comitibus,
856 3703 911 3788 qui
937 3725 979 3767 ex
1003 3703 1108 3766 animo
1132 3703 1271 3768 ecclesie
1296 3701 1461 3786 negotium
1485 3707 1748 3786 assumpserunt,
1772 3708 1941 3764 eteorum

298 3804 430 3884 nuntiis,
454 3806 603 3889 quotiens
626 3807 667 3871 ab
691 3808 737 3872 eis
761 3808 862 3871 fueris
885 3806 1075 3892 requisitus,
1106 3813 1220 3870 eontra
1242 3805 1428 3871 Beruenses
1451 3804 1614 3892 predictos
1639 3813 1672 3870 et
1694 3805 1775 3870 alios
1800 3805 1940 3870 ecclesie

297 3907 444 3972 inimicos
468 3910 625 3974 assistens
657 3911 689 3974 in
718 3910 845 3996 potenti
866 3907 999 3974 brachio
1024 3915 1057 3973 ct
1080 3915 1233 3986 extenso,
1257 3910 1289 3973 in
1313 3929 1426 3973 omnes
1450 3909 1539 3988 illos,
1563 3909 1618 3993 qui
1641 3907 1736 3973 dietis
1759 3905 1939 3972 Beruensi-

298 4010 360 4074 bus
398 4019 431 4076 et
464 4013 537 4077 aliis
573 4014 881 4078 communicaverint
912 4011 1066 4092 emendo,
1090 4013 1261 4078 vendendo
1285 4012 1338 4077 vel
1361 4011 1465 4076 modis
1489 4011 1562 4075 aliis
1585 4011 1860 4096 quibuscumque,
1885 4029 1943 4074 ex-

299 4116 600 4182 communicationis
618 4119 816 4184 scntentiam
831 4118 1039 4205 promulgare
1062 4123 1096 4181 et
1119 4137 1229 4180 eorum
1253 4123 1358 4179 terras
1386 4115 1608 4180 eeclesiastico
1630 4114 1801 4179 interdicto
1824 4135 1944 4200 suppo-

221 4247 248 4285 so
300 4241 377 4284 nere
400 4242 465 4285 non
487 4229 675 4309 postponas,
698 4227 734 4287 ut
757 4222 894 4303 discant,
918 4241 1014 4306 quarn
1037 4222 1153 4286 durum
1178 4220 1220 4284 sit
1243 4225 1355 4285 eontra
1379 4221 1545 4284 stimulum
1569 4219 1740 4284 calcitrare
1764 4226 1798 4283 ot
1820 4219 1944 4281 fatuum

299 4325 424 4411 erigere
449 4347 568 4392 cornua
590 4335 704 4392 eontra
726 4333 863 4413 patrem.

402 4446 478 4513 Dat.
502 4446 664 4534 Lugduni,
688 4446 723 4511 II
745 4447 824 4511 Idus
846 4445 1028 4526 Februarii,
1053 4466 1138 4510 anno
1155 4444 1211 4511 V0.

402 4609 537 4616 ——a-
556 4607 818 4616 ...—--...,-—.-...
843 4607 848 4612 .
872 4605 1077 4612 ——-.--.—-
1095 4603 1167 4610 -.--.
1253 4599 1803 4608 ..———-.--—-·—-——.-—.---—-—...
1815 4599 1839 4604 —

403 4711 427 4773 ⁸)
445 4711 552 4762 creatori
570 4709 601 4761 n.
706 4707 732 4774 b)
750 4711 826 4786 rupti¹
837 4709 869 4760 a.

404 4825 431 4896 1)
451 4825 509 4880 Sub
526 4826 613 4881 eodem
631 4827 672 4881 die
689 4827 776 4881 abbati
795 4825 891 4882 Sancti
910 4824 985 4880 Galli
1001 4821 1154 4888 nmndurit,
1173 4822 1204 4873 nt
1221 4820 1323 4874 eornites
1339 4839 1357 4874 a
1371 4819 1528 4889 praeniissis
1545 4817 1667 4874 mnnibns
1680 4818 1791 4887 pavitare
1808 4817 1946 4885 ubsolritm,

221 4928 246 4968 aa
301 4911 459 4982 remorandae
477 4913 570 4969 riderit
587 4915 714 4984 sepelire,
728 4915 831 4984 plublice
847 4913 1002 4979 unmiaret3
1025 4911 1127 4980 Berper
1143 4915 1212 4963 3619.
1328 4909 1357 4974 2)
1379 4905 1416 4973 Cp
1435 4923 1462 4962 n.
1481 4915 1538 4960 494.
1655 4905 1682 4974 3)
1700 4905 1776 4959 Haec
1794 4904 1869 4958 raba
1887 4920 1946 4958 acin

299 5015 336 5066 ep.
359 5016 386 5053 n.
405 5007 453 5055 rm
474 5007 652 5069 conmanentes
673 5002 815 5056 conicimus
835 5002 949 5072 legatam
969 5015 1019 5067 per
1040 5003 1136 5051 temam
1154 4993 1284 5064 Apuanis
1300 4993 1402 5047 densim
1420 4991 1453 5046 de
1472 4989 1646 5060 Frdciniaeo,
1663 4991 1779 5045 eoelesim
1795 4989 1881 5044 deuoti
1899 4989 1945 5060 [es.

299 5105 326 5140 n.
346 5089 419 5156 344J,
438 5092 564 5156 aperies
585 5087 766 5142 maidioneles
786 5088 860 5140 lamis
877 5085 992 5140 Lanuui
1014 5085 1044 5138 in
1069 5083 1160 5136 callem
1179 5079 1307 5136 eralnni
1325 5081 1351 5147 d·
1366 5080 1516 5148 masculam
1538 5095 1598 5146 esse,
1621 5077 1666 5130 ulti
1685 5078 1831 5130 Bauervses
1847 5077 1946 5144 aliiqrvc

299 5189 358 5226 enar
381 5173 552 5243 impetierint,
573 5175 683 5242 indeque
704 5190 783 5242 nuper
803 5180 917 5227 rientem
935 5171 1027 5226 Serrai
1044 5167 1198 5225 Bcrnlrardi
1215 5185 1341 5236 nrnpnurn
1362 5167 1392 5220 in
1411 5167 1502 5220 nullm
1520 5165 1711 5234 Acarnanum
1728 5164 1893 5218 descendisse.
1914 5193 1946 5203 -

301 5261 447 5315 Berrrerrms
469 5277 572 5330 areaque
592 5263 706 5331 leputnm
724 5261 868 5315 manasse
890 5277 967 5330 papa
994 5265 1051 5312 tum
1073 5257 1177 5312 denam
1194 5255 1325 5309 arediev'sse
1351 5253 1462 5308 videtur.
1494 5281 1526 5292 -
1555 5251 1611 5306 aa
1631 5251 1714 5304 Mart.
1733 5257 1749 5305 5
1767 5249 1946 5320 [Heariami]

222 5359 248 5398 ro
301 5347 447 5416 epriseopnm
476 5347 656 5402 Salienensem
682 5348 763 5416 [Sion
789 5348 819 5400 in
843 5347 908 5401 ealle
931 5345 1060 5401 erodani
1077 5344 1120 5414 [l]
1142 5343 1254 5412 reposit,
1280 5347 1310 5394 at
1334 5341 1370 5395 ad
1386 5340 1581 5408 enarrationem
1600 5337 1701 5392 ceradis
1718 5337 1749 5390 de
1767 5337 1882 5403 Krburc,
1900 5335 1948 5404 qui

299 5451 359 5488 crim
375 5435 504 5488 ll'illelmo
526 5451 582 5503 repe
600 5434 783 5488 Renmuornm
798 5439 893 5488 contra
913 5431 1068 5488 Omanadum
1088 5430 1176 5498 filiurn
1196 5427 1328 5482 Frideriei
1347 5425 1481 5496 nummum
1505 5423 1670 5492 imperatoris
1695 5423 1803 5492 eiruqne
1823 5439 1948 5490 scarceces

298 5520 422 5575 lwstvlilcr
442 5537 615 5589 processurus
642 5525 716 5588 essa,
744 5521 790 5574 lios
814 5520 865 5574 Dei
888 5526 911 5574 a
935 5519 1053 5574 aeduine
1069 5517 1190 5571 inimicos
1203 5521 1330 5584 paluster
1347 5520 1371 5567 et
1384 5519 1504 5582 polenta
1521 5515 1704 5580 emprpnaret5
1729 5509 1862 5576 Parrhasi,
1883 5509 1947 5576 ch.

301 5615 392 5672 128565
414 5625 542 5677 praecep.
567 5608 598 5660 in·
621 5607 685 5675 Περ.
710 5624 764 5661 riou
787 5611 865 5660 eund,
903 5605 970 5660 Ovem
991 5607 1124 5674 episeopus
1147 5605 1189 5658 ille
1210 5603 1239 5656 in
1258 5607 1355 5655 terram
1372 5601 1473 5654 comilis
1491 5615 1551 5654 mear
1569 5597 1681 5651 cmmoda
1699 5597 1784 5650 renire
1799 5595 1876 5661 facilc
1892 5610 1948 5647 rien

295 5701 388 5766 pessel,
407 5697 476 5750 benc
492 5711 529 5764 ep.
548 5701 571 5747 ct
589 5695 672 5763 ipsam
684 5699 776 5747 cantra
790 5695 936 5747 rannerus
947 5699 970 5746 et
982 5693 1063 5746 socios
1080 5708 1169 5746 aarum
1180 5689 1303 5758 scriptam
1318 5687 1468 5755 sarciamus,
1481 5687 1528 5756 pii
1539 5684 1626 5738 anrriti
1641 5689 1664 5736 et
1678 5683 1753 5752 padi
1770 5683 1827 5736 ciris
1844 5700 1862 5734 a
1879 5686 1948 5750 terpn
