4328 6232
833 331 1034 388 EPIS'I'OLAE
1052 330 1243 388 SRLEOTAE.
1280 330 1355 386 1243.
1903 337 1923 400 9

266 503 408 569 iaimreos
430 503 617 569 orthodoxae
630 504 706 586 fidei
720 509 894 586 conuertat;
917 507 1056 586 trondem
1080 511 1115 572 ot
1134 507 1200 572 nisi
1213 504 1438 572 monitionibus
1452 525 1557 570 coram
1572 525 1604 570 se
1619 505 1758 585 inclinet,
1778 508 1926 587 pruinas

266 606 309 671 od
329 607 431 671 adom
452 607 656 688 apostolicam
678 608 816 673 redeant.
1566 612 1660 688 1243,
1683 609 1767 693 Aug.
1783 616 1836 674 26.

368 726 433 780 Ima
448 727 498 780 IV
512 727 576 797 Ray.
592 727 649 783 Vol.
663 727 744 794 1,n,·
760 728 820 782 Lib.
835 731 860 796 1,
879 738 919 784 89.
955 730 1097 801 Ragnatdi
1114 731 1257 798 sementen,
1276 731 1349 784 Anio.
1366 731 1423 784 cort
1435 747 1461 784 a,
1476 736 1546 796 1243,
1564 733 1581 794 §
1593 736 1690 784 16—21
1710 730 1847 799 teramum,
1865 747 1924 785 curn

269 811 384 881 Repertis
400 814 514 868 contulit
531 813 560 870 V.
575 813 615 868 Ol.
628 814 662 867 h
675 813 755 868 Mon.
1368 838 1374 845 ·

370 900 501 970 Pottbost,
520 901 583 972 Rae.
597 909 686 968 111173
705 902 805 972 Berger
816 909 859 957 89.

471 1155 479 1173 .
509 1156 518 1173 .
546 1101 901 1193 archiepiscopo
934 1101 1310 1194 Rothomagensi
1342 1106 1386 1176 et
1413 1157 1422 1175 .
1452 1157 1461 1175 .
1491 1099 1718 1192 episcopo

403 1221 637 1312 quondam
679 1221 931 1296 Mutinensi
973 1227 1015 1294 et
1051 1279 1097 1294 ..
1135 1221 1293 1296 abbati
1331 1221 1495 1295 Sancti
1533 1215 1782 1308 Facundi¹‚

758 1344 938 1416 nuntiis
971 1343 1238 1434 apostolice
1274 1337 1438 1417 sedis².

371 1490 516 1555 Litteras
540 1497 668 1556 vestras
692 1492 833 1577 benigne
858 1494 1041 1579 recepimus
1065 1501 1227 1559 eteorum
1248 1500 1397 1559 tenorem
1413 1494 1511 1580 pleno
1529 1492 1721 1578 collegimus
1739 1489 1922 1555 intellectu.

267 1592 350 1658 Sane
374 1596 460 1659 inter
483 1600 603 1676 cetera,
626 1615 688 1680 que
712 1596 782 1681 ipse
806 1596 915 1662 littere
932 1598 1152 1678 continebant,
1176 1599 1374 1683 accepimus,
1398 1597 1485 1684 quod
1501 1598 1654 1683 princeps
1671 1616 1770 1682 super
1786 1594 1921 1679 quibus-

266 1697 338 1761 dam
362 1697 403 1763 de
427 1698 522 1764 nobis
550 1701 760 1785 conqueritur
783 1707 816 1764 et
839 1702 948 1787 aliqua
977 1702 1204 1766 nichilominus
1234 1724 1254 1766 a
1283 1702 1378 1766 nobis
1410 1703 1570 1765 instanter
1602 1699 1762 1787 exposcit.
1807 1697 1921 1776 Porro,

267 1802 354 1867 sirei
370 1804 492 1868 veritas
516 1810 550 1868 et
573 1804 730 1889 temporis
747 1804 886 1889 qualitas
904 1805 1094 1891 diligentius
1112 1805 1333 1886 attendantur,
1358 1826 1419 1870 neo
1444 1826 1502 1870 sue
1526 1806 1559 1869 in
1583 1805 1645 1868 hac
1669 1809 1761 1890 parte
1786 1800 1920 1888 querele

266 1926 324 1970 nec
352 1907 503 1992 petitioni
537 1907 629 1971 locus
660 1905 700 1970 ad
735 1928 871 1993 presens
901 1929 974 1973 esse
1002 1910 1145 1984 videtum
1180 1931 1254 1974 nam
1285 1930 1358 1974 oum
1381 1909 1530 1974 Romana
1561 1907 1702 1974 eeclesia
1731 1912 1920 1971 cunctorum

265 2009 408 2074 fidelium
432 2031 552 2095 gerens
568 2024 679 2074 curam
695 2009 885 2096 frequenter
901 2012 942 2076 ad
957 2012 1103 2078 diversas
1120 2013 1233 2077 mundi
1249 2021 1361 2100 partes
1378 2013 1507 2098 legatos
1524 2012 1653 2097 dirigat,
1677 2031 1719 2075 ne
1742 2013 1921 2096 postponat

266 2111 433 2188 absentes,
464 2134 602 2199 quorum
625 2120 757 2179 tenetur
779 2135 955 2201 procurare
978 2119 1135 2194 salutem,
1169 2125 1204 2183 et
1226 2119 1259 2183 in
1281 2115 1514 2183 Lombardiam
1537 2116 1615 2181 olim
1638 2136 1698 2202 pro
1721 2113 1809 2178 illius
1833 2118 1919 2176 terre

265 2215 403 2281 utilitate
428 2217 591 2281 communi
614 2216 783 2302 legatum³
806 2218 938 2283 duxerit
960 2218 1205 2302 destinandum,
1234 2220 1385 2306 idemque
1408 2220 1577 2307 princeps,
1600 2225 1774 2305 postquam
1797 2215 1918 2279 luimus

265 2318 304 2383 ad
327 2320 455 2407 apicem
480 2321 597 2385 summi
620 2322 825 2407 apostolatus
856 2325 1032 2411 assumpti,
1066 2326 1220 2411 reliquias
1250 2324 1437 2411 patrimonii
1467 2323 1614 2390 eiusdem
1645 2321 1800 2400 ecclesie,
1834 2316 1919 2405 quod

264 2429 410 2509 tempore
441 2423 546 2489 felicis
576 2425 812 2490 recordationis
843 2424 1023 2515 G[regorii]
1055 2450 1140 2515 pape
1171 2428 1413 2515 predecessoris
1448 2429 1550 2492 nostri
1580 2429 1650 2493 fere
1681 2423 1853 2511 occupavit
1887 2422 1919 2486 in

265 2534 382 2607 totum,
410 2549 476 2592 non
500 2530 677 2593 cessaverit
699 2530 924 2616 multipliciter
946 2532 1154 2619 impugnare,
1184 2531 1371 2618 quinpotius
1394 2532 1467 2596 illas
1492 2530 1680 2596 afflictionis
1703 2550 1804 2613 planu
1827 2527 1919 2593 attri-

266 2631 347 2695 verit
369 2631 547 2717 gravioris:
571 2653 631 2697 nec
648 2632 748 2717 digne
767 2632 808 2696 ab
826 2654 865 2697 eo
883 2634 1006 2719 petitur
1021 2635 1205 2721 predictum
1226 2635 1372 2700 revocari
1387 2636 1543 2721 legatum,
1567 2655 1629 2700 nec
1652 2639 1743 2699 esset
1767 2633 1797 2698 ei
1822 2653 1920 2718 super

265 2735 324 2800 hoo
353 2757 373 2800 a
400 2736 511 2812 nobis,
546 2737 644 2801 rebus
672 2737 718 2801 sic
746 2737 983 2818 existentibus,
1019 2739 1237 2803 exauditionis
1268 2739 1463 2804 tribuendus
1491 2739 1636 2819 auditus,
1670 2737 1816 2802 maxime
1845 2735 1920 2821 quia

263 2839 457 2904 Lombardis
474 2839 530 2904 diu
548 2861 738 2926 guerrarum
755 2841 972 2905 commotione
994 2842 1134 2906 turbatis
1159 2849 1270 2929 optate
1296 2864 1373 2931 spes
1398 2842 1633 2908 consolationis
1650 2864 1693 2907 ex
1708 2840 1809 2926 legati
1833 2839 1918 2904 eius-

265 2942 337 3008 dem
365 2942 538 3008 tolleretur
567 2944 717 3009 absentia
748 2951 781 3009 et
811 2944 920 3009 aditus
951 2945 992 3009 ad
1024 2946 1148 3010 maiora
1180 2967 1292 3011 eorum
1324 2946 1514 3011 discrimina
1544 2945 1755 3032 preberetur,
1791 2949 1825 3008 et
1853 2962 1918 3005 non

264 3044 385 3131 absque
410 3053 488 3110 nota
510 3046 707 3134 proditionis
730 3047 872 3113 ccclesia
896 3049 943 3113 sic
966 3050 1055 3136 ipsos
1078 3049 1263 3137 desereret,
1294 3051 1327 3115 ni
1356 3050 1447 3137 prius
1478 3050 1702 3115 remissionem
1731 3047 1772 3113 ab
1801 3046 1918 3111 eodem

265 3151 410 3236 principe
435 3148 622 3216 obtinerent
638 3151 692 3216 vel
708 3173 782 3216 cum
798 3152 869 3238 ipso
894 3159 1026 3239 treugas
1048 3154 1167 3218 inirent
1191 3174 1290 3240 super
1311 3154 1448 3232 iniuriis,
1472 3174 1553 3239 quas
1577 3175 1635 3219 eos
1660 3152 1722 3217 sibi
1745 3151 1917 3217 occasione

263 3252 339 3318 dicit
355 3253 501 3319 eiusdem
518 3254 658 3321 ecclesie
674 3256 856 3340 irrogasse;
879 3257 997 3322 neceb
1015 3258 1118 3344 ipsius
1136 3258 1275 3323 ecclesie
1293 3257 1441 3322 Romane
1460 3256 1693 3334 cardinalibus,
1712 3278 1752 3321 ea
1768 3262 1917 3334 vacante,

262 3356 321 3422 fuit
337 3358 367 3422 ei
384 3357 503 3443 prefati
519 3360 685 3424 revocatio
703 3360 863 3446 promissa
879 3359 990 3446 legati,
1015 3362 1072 3426 sed
1090 3383 1163 3426 curn
1179 3361 1220 3426 de
1236 3361 1418 3426 venerabili
1433 3361 1535 3425 fratre
1557 3367 1666 3426 nostro
1682 3413 1688 3426 .
1703 3360 1918 3427 ‚Penestrino

264 3462 442 3549 episcopo⁴
471 3462 611 3548 aliisque
643 3463 823 3529 liberandis
854 3466 992 3552 captivis
1024 3465 1202 3531 haberetur
1233 3472 1392 3530 tractatus
1416 3471 1449 3529 et
1471 3464 1512 3530 ab
1536 3464 1659 3530 eisdem
1683 3462 1917 3543 cardinalibus,

264 3572 298 3630 ut
320 3566 467 3652 legatum
490 3574 683 3632 revocarent
707 3568 858 3646 eundem,
883 3591 926 3634 ex
949 3576 1042 3655 parte
1056 3570 1214 3657 principis
1232 3575 1401 3656 peteretur
1416 3569 1530 3656 ipsius,
1554 3567 1785 3655 aquibusdam
1803 3587 1916 3632 eorum

265 3690 457 3756 responsum
481 3671 599 3750 extitit,
623 3671 711 3756 quod
734 3673 909 3758 petitiones
934 3673 1014 3753 eius,
1039 3681 1195 3759 quantum
1214 3695 1286 3739 cum
1303 3672 1376 3738 Deo
1393 3679 1542 3759 possent,
1566 3693 1639 3738 oum
1663 3671 1797 3737 adesset
1820 3691 1915 3757 opor-

263 3774 385 3837 tunitas
408 3775 573 3860 temporis,
596 3774 826 3862 adimplerent.

369 3875 511 3941 Multum
540 3884 650 3944 autem
679 3879 888 3965 gaudendum
918 3888 969 3946 est
1001 3882 1155 3969 principi,
1189 3882 1275 3968 quod
1304 3881 1426 3947 dictum
1449 3880 1679 3946 Penestrinum
1702 3886 1736 3944 et
1759 3879 1916 3965 quosdam

264 3980 346 4045 alios
370 3981 515 4046 restituit
537 3981 681 4047 libertati
691 3984 713 4061 ⁵,
746 3990 780 4049 et
808 3983 985 4048 dolendum
1017 3986 1114 4065 satis,
1146 3985 1231 4071 quod
1263 3983 1405 4070 reliquos
1433 3984 1541 4048 adhuc
1569 3982 1696 4048 detinet
1723 3982 1917 4069 captivatos,

266 4105 335 4148 cum
359 4106 402 4149 ex
424 4085 554 4149 illorum
576 4086 786 4151 restitutione
816 4088 905 4152 salus
937 4109 976 4153 ac
1005 4089 1109 4153 honor
1138 4096 1171 4153 et
1193 4089 1329 4154 istorum
1352 4089 1542 4154 detentione
1567 4087 1761 4152 contrarium
1787 4086 1818 4151 ei
1841 4107 1916 4172 pro-

265 4188 393 4253 venisse
416 4195 579 4253 noscatur.
615 4188 756 4255 Provide
780 4211 909 4276 quoque
931 4192 1068 4258 deberet
1091 4193 1273 4274 attendere,
1296 4215 1338 4258 an
1361 4192 1546 4271 eeclesiam,
1571 4210 1668 4276 qnam
1693 4191 1805 4276 sepius
1821 4196 1919 4253 vocat

266 4299 415 4372 matrem,
450 4298 641 4358 revereatur
674 4299 710 4356 ut
742 4296 894 4359 convenit
928 4302 962 4360 et
995 4297 1065 4361 eius
1099 4303 1136 4361 ut
1164 4296 1259 4362 decet
1288 4296 1403 4362 fideles
1431 4295 1582 4360 honoret.
1627 4292 1799 4367 Quomodo
1828 4292 1916 4357 enim

265 4397 370 4462 verbis
395 4403 532 4463 matrem
557 4397 647 4462 illam
671 4397 797 4477 asserit,
822 4398 850 4462 si
873 4420 908 4463 se
933 4399 1035 4485 ipsius
1052 4399 1153 4464 filium
1171 4399 1327 4486 operibus
1343 4397 1524 4464 diffitetur?
1560 4396 1629 4461 Aut
1652 4395 1813 4483 quomodo
1837 4416 1917 4480 erga

266 4519 337 4563 eam
367 4500 573 4566 devotionem
604 4501 692 4566 dioto
722 4501 903 4587 pretendit,
934 4505 960 4566 si
992 4525 1027 4569 se
1057 4505 1119 4569 sibi
1148 4504 1233 4568 facto
1262 4503 1397 4569 exhibet
1423 4502 1635 4567 indevotum?
1681 4499 1916 4584 Salinguerre⁶

267 4623 342 4667 vero
366 4603 528 4682 liberatio,
552 4626 732 4691 superque
748 4626 833 4669 nunc
849 4607 952 4692 primo
969 4608 1071 4693 ipsius
1088 4609 1243 4695 principis
1261 4606 1486 4671 intelleximus
1502 4605 1715 4684 voluntatem,
1739 4603 1915 4683 incongrue

266 4706 448 4791 postulatur
470 4729 490 4770 a
512 4707 622 4787 nobis,
657 4730 730 4772 cum
753 4731 814 4773 nec
835 4710 1039 4777 detineamus
1064 4713 1155 4777 illum
1179 4735 1238 4778 nec
1263 4712 1403 4777 detineri
1426 4711 1634 4796 aliquatenus
1657 4708 1831 4778 tacianum
1861 4707 1916 4792 qui

266 4809 293 4874 si
314 4831 374 4897 per
395 4831 456 4875 nos
479 4812 577 4875 etiam
601 4818 780 4894 teneretur,
805 4835 877 4878 cum
901 4816 1066 4881 civitatem
1086 4816 1280 4896 Ferrariam,
1305 4815 1393 4880 sedis
1416 4813 1597 4900 apostolice
1620 4812 1808 4898 specialem,
1832 4811 1917 4875 sicut

266 4935 306 4979 ex
329 4913 478 4979 eiusdem
502 4914 657 5002 principis
682 4922 714 4980 et
736 4916 1009 5004 predecessorum
1033 4940 1166 4984 suorum
1189 4919 1368 5006 privilegiis
1392 4925 1503 5005 potest
1523 4915 1646 5003 liquido
1663 4936 1832 5002 apparere,
1857 4934 1915 5000 pro

265 5038 326 5103 qua
356 5017 444 5082 idem
468 5016 501 5083 S.
525 5019 686 5084 vassallus
717 5027 788 5085 erat
817 5021 905 5086 sedis
936 5021 1053 5109 ipsius,
1087 5030 1201 5088 contra
1223 5023 1405 5087 Romanam
1428 5021 1603 5087 ecelesiam
1633 5018 1804 5084 concitarit
1827 5024 1861 5083 et
1884 5018 1915 5081 in

266 5121 445 5186 rebellione
470 5128 584 5208 captus
609 5123 757 5188 extiterit
785 5124 926 5188 civitatis
954 5125 1117 5208 eiusdem,
1149 5148 1214 5191 non
1243 5148 1285 5192 ex
1314 5126 1378 5191 hoc
1408 5126 1559 5212 princeps
1590 5125 1661 5210 ipse
1688 5123 1774 5186 iusta
1802 5125 1917 5208 posset

265 5226 490 5291 ammiratione
514 5227 649 5291 moveri.
687 5225 937 5309 Verumtamen,
962 5229 990 5292 si
1014 5230 1142 5295 ostendi
1165 5231 1286 5317 poterit
1308 5250 1418 5295 coram
1441 5228 1545 5308 nobis,
1569 5224 1656 5313 quod
1678 5225 1804 5290 ratione
1827 5225 1916 5311 pacti

366 5484 391 5549 1)
410 5483 454 5537 De
468 5499 498 5538 eo
510 5484 542 5551 os.
554 5489 571 5538 t.
585 5484 610 5552 Ι,
629 5502 657 5538 n.
672 5491 809 5541 too-762.
889 5487 916 5550 2)
934 5485 975 5552 Of.
984 5502 1013 5554 p.
1027 5494 1048 5554 7,
1067 5491 1122 5541 etot.
1136 5496 1158 5541 1.
1236 5489 1264 5555 3)
1285 5486 1444 5556 &matam
1460 5486 1492 5540 dc
1512 5486 1689 5555 Montelonqo,
1706 5485 1742 5551 cs.
1754 5485 1807 5551 al,
1823 5491 1917 5552 pato.

264 5570 290 5635 4)
310 5569 414 5625 arcebo.
490 5571 518 5639 5)
536 5579 649 5640 o.1243,
670 5571 1008 5640 Mat.;13onao-n‘teer‚
1030 5574 1048 5629 l.
1060 5589 1080 5627 c.
1097 5575 1193 5630 3362b.
1267 5576 1295 5641 6)
1314 5573 1369 5628 no
1385 5578 1447 5642 post
1470 5571 1627 5627 dodiaoaom
1644 5571 1790 5626 Ferrarius
1807 5588 1832 5624 a.
1846 5577 1918 5637 1240,

265 5654 357 5711 leat
372 5663 469 5724 coptus
487 5657 607 5712 Veratius
623 5658 719 5713 damus
733 5659 839 5727 sanan
856 5658 1092 5730 Belum-Fiden,
1110 5662 1126 5714 l.
1138 5677 1160 5716 o.
1172 5667 1273 5717 3118a.

366 5750 432 5806 Rea.
445 5751 527 5808 Pom.
539 5753 574 5808 Π,
1694 5752 1712 5806 2
