<?xml version="1.0" encoding="UTF-8"?>
<!DOCTYPE html PUBLIC "-//W3C//DTD XHTML 1.0 Transitional//EN"
    "http://www.w3.org/TR/xhtml1/DTD/xhtml1-transitional.dtd">
<html xmlns="http://www.w3.org/1999/xhtml" xml:lang="en" lang="en">
 <head>
  <title>
</title>
<meta http-equiv="Content-Type" content="text/html;charset=utf-8" />
  <meta name='ocr-system' content='tesseract 3.04.00' />
  <meta name='ocr-capabilities' content='ocr_page ocr_carea ocr_par ocr_line ocrx_word'/>
</head>
<body>
  <div class='ocr_page' id='page_1' title='image "./monumentagerman00popegoog_0303.png"; bbox 0 0 4328 6232; ppageno 0'>
   <div class='ocr_carea' id='block_1_1' title="bbox 265 353 1366 427">
    <p class='ocr_par' dir='ltr' id='par_1_1' title="bbox 265 353 1366 427">
     <span class='ocr_line' id='line_1_1' title="bbox 265 353 1366 427; baseline -0.016 -1"><span class='ocrx_word' id='word_1_1' title='bbox 265 363 328 427; x_wconf 77' lang='lat'>278</span> <span class='ocrx_word' id='word_1_2' title='bbox 822 355 870 411; x_wconf 82' lang='lat' dir='ltr'>EX</span> <span class='ocrx_word' id='word_1_3' title='bbox 889 353 1108 411; x_wconf 80' lang='lat' dir='ltr'>INNOOENTII</span> <span class='ocrx_word' id='word_1_4' title='bbox 1125 354 1165 410; x_wconf 86' lang='lat' dir='ltr'>IV</span> <span class='ocrx_word' id='word_1_5' title='bbox 1184 353 1366 410; x_wconf 76' lang='lat' dir='ltr'>uuolsruo</span> 
     </span>
    </p>
   </div>
   <div class='ocr_carea' id='block_1_2' title="bbox 265 525 1926 1341">
    <p class='ocr_par' dir='ltr' id='par_1_2' title="bbox 265 525 1926 1341">
     <span class='ocr_line' id='line_1_2' title="bbox 265 525 1924 620; baseline -0.005 -22"><span class='ocrx_word' id='word_1_6' title='bbox 265 535 340 598; x_wconf 90' lang='lat' dir='ltr'>tulit</span> <span class='ocrx_word' id='word_1_7' title='bbox 363 533 591 620; x_wconf 82' lang='lat' dir='ltr'>suspensionis</span> <span class='ocrx_word' id='word_1_8' title='bbox 615 533 810 596; x_wconf 71' lang='lat' dir='ltr'>sententiam</span> <span class='ocrx_word' id='word_1_9' title='bbox 835 532 869 595; x_wconf 93' lang='lat' dir='ltr'>in</span> <span class='ocrx_word' id='word_1_10' title='bbox 893 530 1050 606; x_wconf 89' lang='lat' dir='ltr'>euudem;</span> <span class='ocrx_word' id='word_1_11' title='bbox 1074 550 1173 617; x_wconf 91' lang='lat' dir='ltr'>super</span> <span class='ocrx_word' id='word_1_12' title='bbox 1196 530 1289 596; x_wconf 90' lang='lat' dir='ltr'>cuius</span> <span class='ocrx_word' id='word_1_13' title='bbox 1313 528 1545 594; x_wconf 79' lang='lat' dir='ltr'>observatione</span> <span class='ocrx_word' id='word_1_14' title='bbox 1577 527 1743 592; x_wconf 83' lang='lat' dir='ltr'>sententie</span> <span class='ocrx_word' id='word_1_15' title='bbox 1775 525 1924 613; x_wconf 84' lang='lat' dir='ltr'>prelatus</span> 
     </span>
     <span class='ocr_line' id='line_1_3' title="bbox 266 629 1925 721; baseline -0.004 -20"><span class='ocrx_word' id='word_1_16' title='bbox 266 639 392 701; x_wconf 88' lang='lat' dir='ltr'>electus</span> <span class='ocrx_word' id='word_1_17' title='bbox 416 635 458 700; x_wconf 85' lang='lat' dir='ltr'>ab</span> <span class='ocrx_word' id='word_1_18' title='bbox 482 636 665 721; x_wconf 89' lang='lat' dir='ltr'>apostolica</span> <span class='ocrx_word' id='word_1_19' title='bbox 692 634 771 700; x_wconf 90' lang='lat' dir='ltr'>sede</span> <span class='ocrx_word' id='word_1_20' title='bbox 799 635 926 699; x_wconf 88' lang='lat' dir='ltr'>litteras</span> <span class='ocrx_word' id='word_1_21' title='bbox 949 635 1146 719; x_wconf 79' lang='lat' dir='ltr'>impetrans,</span> <span class='ocrx_word' id='word_1_22' title='bbox 1177 633 1300 697; x_wconf 91' lang='lat' dir='ltr'>dilecto</span> <span class='ocrx_word' id='word_1_23' title='bbox 1331 632 1398 696; x_wconf 89' lang='lat' dir='ltr'>filio</span> <span class='ocrx_word' id='word_1_24' title='bbox 1421 629 1597 696; x_wconf 84' lang='lat' dir='ltr'>Gottiirido</span> <span class='ocrx_word' id='word_1_25' title='bbox 1627 631 1865 718; x_wconf 84' lang='lat' dir='ltr'>penitentiario</span> <span class='ocrx_word' id='word_1_26' title='bbox 1892 637 1925 693; x_wconf 87' lang='lat' dir='ltr'>et</span> 
     </span>
     <span class='ocr_line' id='line_1_4' title="bbox 266 732 1924 826; baseline -0.005 -22"><span class='ocrx_word' id='word_1_27' title='bbox 266 739 437 826; x_wconf 91' lang='lat' dir='ltr'>capellano</span> <span class='ocrx_word' id='word_1_28' title='bbox 461 746 591 819; x_wconf 92' lang='lat' dir='ltr'>nostro,</span> <span class='ocrx_word' id='word_1_29' title='bbox 623 760 720 824; x_wconf 92' lang='lat' dir='ltr'>quem</span> <span class='ocrx_word' id='word_1_30' title='bbox 752 737 792 802; x_wconf 89' lang='lat' dir='ltr'>ad</span> <span class='ocrx_word' id='word_1_31' title='bbox 816 744 927 824; x_wconf 86' lang='lat' dir='ltr'>partes</span> <span class='ocrx_word' id='word_1_32' title='bbox 956 738 1030 800; x_wconf 91' lang='lat' dir='ltr'>illas</span> <span class='ocrx_word' id='word_1_33' title='bbox 1054 735 1329 814; x_wconf 80' lang='lat' dir='ltr'>transmisimus¹,</span> <span class='ocrx_word' id='word_1_34' title='bbox 1361 734 1432 800; x_wconf 88' lang='lat' dir='ltr'>dari</span> <span class='ocrx_word' id='word_1_35' title='bbox 1457 734 1598 798; x_wconf 88' lang='lat' dir='ltr'>obtinuit</span> <span class='ocrx_word' id='word_1_36' title='bbox 1621 734 1654 797; x_wconf 93' lang='lat' dir='ltr'>in</span> <span class='ocrx_word' id='word_1_37' title='bbox 1676 732 1861 811; x_wconf 86' lang='lat' dir='ltr'>mandatis,</span> <span class='ocrx_word' id='word_1_38' title='bbox 1889 739 1924 796; x_wconf 84' lang='lat' dir='ltr'>ut</span> 
     </span>
     <span class='ocr_line' id='line_1_5' title="bbox 266 836 1925 928; baseline -0.005 -20"><span class='ocrx_word' id='word_1_39' title='bbox 266 842 408 909; x_wconf 90' lang='lat' dir='ltr'>eundem</span> <span class='ocrx_word' id='word_1_40' title='bbox 426 842 617 927; x_wconf 88' lang='lat' dir='ltr'>episcopum</span> <span class='ocrx_word' id='word_1_41' title='bbox 639 843 763 906; x_wconf 82' lang='lat' dir='ltr'>iaceret</span> <span class='ocrx_word' id='word_1_42' title='bbox 785 863 844 928; x_wconf 88' lang='lat' dir='ltr'>per</span> <span class='ocrx_word' id='word_1_43' title='bbox 859 841 1022 928; x_wconf 85' lang='lat' dir='ltr'>prelatum</span> <span class='ocrx_word' id='word_1_44' title='bbox 1039 861 1177 924; x_wconf 91' lang='lat' dir='ltr'>regnum</span> <span class='ocrx_word' id='word_1_45' title='bbox 1196 858 1392 926; x_wconf 90' lang='lat' dir='ltr'>suspensum</span> <span class='ocrx_word' id='word_1_46' title='bbox 1410 837 1541 925; x_wconf 92' lang='lat' dir='ltr'>publice</span> <span class='ocrx_word' id='word_1_47' title='bbox 1558 837 1711 901; x_wconf 89' lang='lat' dir='ltr'>nuntiari.</span> <span class='ocrx_word' id='word_1_48' title='bbox 1757 836 1925 910; x_wconf 76' lang='lat' dir='ltr'>Quocirca</span> 
     </span>
     <span class='ocr_line' id='line_1_6' title="bbox 266 941 1924 1030; baseline -0.005 -20"><span class='ocrx_word' id='word_1_49' title='bbox 266 946 470 1024; x_wconf 87' lang='lat' dir='ltr'>mandamus,</span> <span class='ocrx_word' id='word_1_50' title='bbox 494 946 645 1030; x_wconf 82' lang='lat' dir='ltr'>quatinus</span> <span class='ocrx_word' id='word_1_51' title='bbox 671 946 867 1009; x_wconf 88' lang='lat' dir='ltr'>seutentiam</span> <span class='ocrx_word' id='word_1_52' title='bbox 891 945 994 1029; x_wconf 88' lang='lat' dir='ltr'>ipsam</span> <span class='ocrx_word' id='word_1_53' title='bbox 1017 943 1102 1007; x_wconf 86' lang='lat' dir='ltr'>inira</span> <span class='ocrx_word' id='word_1_54' title='bbox 1125 948 1199 1006; x_wconf 89' lang='lat' dir='ltr'>octo</span> <span class='ocrx_word' id='word_1_55' title='bbox 1223 942 1294 1006; x_wconf 89' lang='lat' dir='ltr'>dies</span> <span class='ocrx_word' id='word_1_56' title='bbox 1317 948 1391 1028; x_wconf 90' lang='lat' dir='ltr'>post</span> <span class='ocrx_word' id='word_1_57' title='bbox 1413 941 1639 1027; x_wconf 78' lang='lat' dir='ltr'>receptionem</span> <span class='ocrx_word' id='word_1_58' title='bbox 1661 941 1869 1026; x_wconf 90' lang='lat' dir='ltr'>presentium</span> <span class='ocrx_word' id='word_1_59' title='bbox 1885 978 1924 988; x_wconf 94' lang='lat'><em>-</em></span> 
     </span>
     <span class='ocr_line' id='line_1_7' title="bbox 267 1045 1926 1137; baseline -0.004 -23"><span class='ocrx_word' id='word_1_60' title='bbox 267 1052 436 1137; x_wconf 88' lang='lat' dir='ltr'>premissis</span> <span class='ocrx_word' id='word_1_61' title='bbox 459 1072 525 1115; x_wconf 95' lang='lat' dir='ltr'>uon</span> <span class='ocrx_word' id='word_1_62' title='bbox 550 1049 754 1114; x_wconf 84' lang='lat' dir='ltr'>obstantibus</span> <span class='ocrx_word' id='word_1_63' title='bbox 778 1086 816 1096; x_wconf 93' lang='lat'>·-</span> <span class='ocrx_word' id='word_1_64' title='bbox 842 1049 912 1113; x_wconf 90' lang='lat' dir='ltr'>siue</span> <span class='ocrx_word' id='word_1_65' title='bbox 936 1047 1129 1112; x_wconf 85' lang='lat' dir='ltr'>difficultate</span> <span class='ocrx_word' id='word_1_66' title='bbox 1152 1047 1300 1135; x_wconf 87' lang='lat' dir='ltr'>qualibet</span> <span class='ocrx_word' id='word_1_67' title='bbox 1323 1045 1457 1110; x_wconf 89' lang='lat' dir='ltr'>studeas</span> <span class='ocrx_word' id='word_1_68' title='bbox 1486 1045 1653 1124; x_wconf 80' lang='lat' dir='ltr'>relaxare,</span> <span class='ocrx_word' id='word_1_69' title='bbox 1680 1045 1827 1109; x_wconf 84' lang='lat' dir='ltr'>maxime</span> <span class='ocrx_word' id='word_1_70' title='bbox 1852 1065 1926 1107; x_wconf 88' lang='lat' dir='ltr'>curn</span> 
     </span>
     <span class='ocr_line' id='line_1_8' title="bbox 266 1149 1715 1242; baseline -0.003 -25"><span class='ocrx_word' id='word_1_71' title='bbox 266 1155 413 1242; x_wconf 85' lang='lat' dir='ltr'>prefatus</span> <span class='ocrx_word' id='word_1_72' title='bbox 437 1155 563 1218; x_wconf 88' lang='lat' dir='ltr'>electus</span> <span class='ocrx_word' id='word_1_73' title='bbox 589 1155 797 1240; x_wconf 81' lang='lat' dir='ltr'>episcopatus</span> <span class='ocrx_word' id='word_1_74' title='bbox 820 1150 958 1239; x_wconf 84' lang='lat' dir='ltr'>predicti</span> <span class='ocrx_word' id='word_1_75' title='bbox 981 1151 1190 1237; x_wconf 85' lang='lat' dir='ltr'>possessione</span> <span class='ocrx_word' id='word_1_76' title='bbox 1214 1150 1356 1236; x_wconf 86' lang='lat' dir='ltr'>gaudeat</span> <span class='ocrx_word' id='word_1_77' title='bbox 1378 1149 1515 1236; x_wconf 89' lang='lat' dir='ltr'>pacifice</span> <span class='ocrx_word' id='word_1_78' title='bbox 1539 1156 1573 1213; x_wconf 89' lang='lat' dir='ltr'>et</span> <span class='ocrx_word' id='word_1_79' title='bbox 1596 1149 1715 1234; x_wconf 87' lang='lat' dir='ltr'>quiete.</span> 
     </span>
     <span class='ocr_line' id='line_1_9' title="bbox 376 1255 1119 1341; baseline -0.005 -21"><span class='ocrx_word' id='word_1_80' title='bbox 376 1257 452 1321; x_wconf 88' lang='lat' dir='ltr'>Dat.</span> <span class='ocrx_word' id='word_1_81' title='bbox 476 1256 640 1341; x_wconf 82' lang='lat' dir='ltr'>Lugduni,</span> <span class='ocrx_word' id='word_1_82' title='bbox 664 1255 739 1320; x_wconf 87' lang='lat' dir='ltr'>Kal.</span> <span class='ocrx_word' id='word_1_83' title='bbox 763 1255 860 1337; x_wconf 89' lang='lat' dir='ltr'>Iunii,</span> <span class='ocrx_word' id='word_1_84' title='bbox 884 1275 968 1318; x_wconf 89' lang='lat' dir='ltr'>auno</span> <span class='ocrx_word' id='word_1_85' title='bbox 992 1260 1119 1339; x_wconf 88' lang='lat' dir='ltr'>quarto.</span> 
     </span>
    </p>
   </div>
   <div class='ocr_carea' id='block_1_3' title="bbox 1054 1622 1139 1695">
    <p class='ocr_par' dir='ltr' id='par_1_3' title="bbox 1054 1622 1139 1695">
     <span class='ocr_line' id='line_1_10' title="bbox 1054 1622 1139 1695; baseline 0 0"><span class='ocrx_word' id='word_1_86' title='bbox 1054 1622 1139 1695; x_wconf 83' lang='lat'>377.</span> 
     </span>
    </p>
   </div>
   <div class='ocr_carea' id='block_1_4' title="bbox 264 1720 1927 1933">
    <p class='ocr_par' dir='ltr' id='par_1_4' title="bbox 264 1720 1927 1933">
     <span class='ocr_line' id='line_1_11' title="bbox 372 1720 1927 1828; baseline -0.005 -14"><span class='ocrx_word' id='word_1_87' title='bbox 372 1720 591 1814; x_wconf 74' lang='lat' dir='ltr'>Innocentius</span> <span class='ocrx_word' id='word_1_88' title='bbox 613 1745 668 1812; x_wconf 88' lang='lat' dir='ltr'>IV</span> <span class='ocrx_word' id='word_1_89' title='bbox 688 1765 777 1827; x_wconf 80' lang='lat' dir='ltr'>popa</span> <span class='ocrx_word' id='word_1_90' title='bbox 808 1746 1032 1811; x_wconf 74' lang='lat' dir='ltr'>momsterium</span> <span class='ocrx_word' id='word_1_91' title='bbox 1066 1744 1253 1810; x_wconf 79' lang='lat' dir='ltr'>monialium</span> <span class='ocrx_word' id='word_1_92' title='bbox 1285 1746 1413 1809; x_wconf 80' lang='lat' dir='ltr'>sanctae</span> <span class='ocrx_word' id='word_1_93' title='bbox 1444 1741 1578 1826; x_wconf 75' lang='lat' dir='ltr'>Apaetis</span> <span class='ocrx_word' id='word_1_94' title='bbox 1605 1742 1854 1828; x_wconf 79' lang='lat' dir='ltr'>Arpcatincasis</span> <span class='ocrx_word' id='word_1_95' title='bbox 1884 1743 1927 1807; x_wconf 83' lang='lat' dir='ltr'>od</span> 
     </span>
     <span class='ocr_line' id='line_1_12' title="bbox 264 1846 1925 1933; baseline -0.002 -20"><span class='ocrx_word' id='word_1_96' title='bbox 264 1871 373 1931; x_wconf 77' lang='lat' dir='ltr'>preces</span> <span class='ocrx_word' id='word_1_97' title='bbox 387 1852 530 1915; x_wconf 82' lang='lat' dir='ltr'>Amicioc</span> <span class='ocrx_word' id='word_1_98' title='bbox 545 1851 689 1914; x_wconf 80' lang='lat' dir='ltr'>dominae</span> <span class='ocrx_word' id='word_1_99' title='bbox 711 1850 748 1914; x_wconf 86' lang='lat' dir='ltr'>olo</span> <span class='ocrx_word' id='word_1_100' title='bbox 763 1849 942 1933; x_wconf 78' lang='lat' dir='ltr'>Iocipnioco</span> <span class='ocrx_word' id='word_1_101' title='bbox 964 1855 993 1916; x_wconf 87' lang='lat' dir='ltr'>et</span> <span class='ocrx_word' id='word_1_102' title='bbox 1014 1850 1186 1917; x_wconf 75' lang='lat' dir='ltr'>Grmlobcri</span> <span class='ocrx_word' id='word_1_103' title='bbox 1201 1849 1272 1913; x_wconf 80' lang='lat' dir='ltr'>acti</span> <span class='ocrx_word' id='word_1_104' title='bbox 1287 1850 1364 1930; x_wconf 81' lang='lat' dir='ltr'>cias,</span> <span class='ocrx_word' id='word_1_105' title='bbox 1376 1846 1559 1933; x_wconf 73' lang='lat' dir='ltr'>familiaris</span> <span class='ocrx_word' id='word_1_106' title='bbox 1577 1848 1638 1926; x_wconf 80' lang='lat' dir='ltr'>sui,</span> <span class='ocrx_word' id='word_1_107' title='bbox 1661 1847 1770 1912; x_wconf 79' lang='lat' dir='ltr'>ordini</span> <span class='ocrx_word' id='word_1_108' title='bbox 1779 1847 1925 1933; x_wconf 81' lang='lat' dir='ltr'>fratrum</span> 
     </span>
    </p>
   </div>
   <div class='ocr_carea' id='block_1_5' title="bbox 268 1952 1839 2211">
    <p class='ocr_par' dir='ltr' id='par_1_5' title="bbox 268 1952 1839 2211">
     <span class='ocr_line' id='line_1_13' title="bbox 268 1952 1839 2034; baseline 0.001 -18"><span class='ocrx_word' id='word_1_109' title='bbox 268 1952 527 2018; x_wconf 76' lang='lat' dir='ltr'>Procdimtorum</span> <span class='ocrx_word' id='word_1_110' title='bbox 549 1954 739 2034; x_wconf 81' lang='lat' dir='ltr'>incorporat.</span> <span class='ocrx_word' id='word_1_111' title='bbox 1588 1953 1683 2030; x_wconf 81' lang='lat'><strong><em>1247,</em></strong></span> <span class='ocrx_word' id='word_1_112' title='bbox 1705 1952 1782 2016; x_wconf 80' lang='lat' dir='ltr'>Iun.</span> <span class='ocrx_word' id='word_1_113' title='bbox 1807 1956 1839 2018; x_wconf 90' lang='lat'>1.</span> 
     </span>
     <span class='ocr_line' id='line_1_14' title="bbox 373 2051 1786 2124; baseline -0.001 -16"><span class='ocrx_word' id='word_1_114' title='bbox 373 2056 499 2110; x_wconf 61' lang='lat' dir='ltr'>122an</span> <span class='ocrx_word' id='word_1_115' title='bbox 514 2056 578 2124; x_wconf 64' lang='lat' dir='ltr'>seq.</span> <span class='ocrx_word' id='word_1_116' title='bbox 598 2055 650 2110; x_wconf 78' lang='grc' dir='ltr'><em>νοι.</em></span> <span class='ocrx_word' id='word_1_117' title='bbox 674 2055 695 2123; x_wconf 85' lang='lat' dir='ltr'>r,</span> <span class='ocrx_word' id='word_1_118' title='bbox 714 2062 781 2118; x_wconf 70' lang='lat' dir='ltr'>roa·</span> <span class='ocrx_word' id='word_1_119' title='bbox 798 2053 857 2109; x_wconf 76' lang='lat' dir='ltr'>no.</span> <span class='ocrx_word' id='word_1_120' title='bbox 877 2053 927 2122; x_wconf 74' lang='lat' dir='ltr'>JV,</span> <span class='ocrx_word' id='word_1_121' title='bbox 950 2061 1000 2110; x_wconf 78' lang='lat' dir='ltr'>mr.</span> <span class='ocrx_word' id='word_1_122' title='bbox 1036 2052 1188 2124; x_wconf 62' lang='lat' dir='ltr'>mamam</span> <span class='ocrx_word' id='word_1_123' title='bbox 1205 2069 1238 2107; x_wconf 69' lang='lat' dir='ltr'>a</span> <span class='ocrx_word' id='word_1_124' title='bbox 1256 2054 1373 2122; x_wconf 60' lang='lat' dir='ltr'>nacto</span> <span class='ocrx_word' id='word_1_125' title='bbox 1389 2052 1525 2121; x_wconf 66' lang='lat' dir='ltr'>accipet</span> <span class='ocrx_word' id='word_1_126' title='bbox 1547 2052 1578 2109; x_wconf 81' lang='lat' dir='ltr'>V.</span> <span class='ocrx_word' id='word_1_127' title='bbox 1592 2051 1631 2107; x_wconf 80' lang='grc' dir='ltr'>σι.</span> <span class='ocrx_word' id='word_1_128' title='bbox 1649 2055 1683 2108; x_wconf 72' lang='lat' dir='ltr'>a</span> <span class='ocrx_word' id='word_1_129' title='bbox 1705 2053 1786 2107; x_wconf 71' lang='lat' dir='ltr'>maa.</span> 
     </span>
     <span class='ocr_line' id='line_1_15' title="bbox 372 2142 562 2211; baseline 0 -16"><span class='ocrx_word' id='word_1_130' title='bbox 372 2142 471 2211; x_wconf 68' lang='lat' dir='ltr'>Reme</span> <span class='ocrx_word' id='word_1_131' title='bbox 488 2149 562 2197; x_wconf 76' lang='lat' dir='ltr'>arsa.</span> 
     </span>
    </p>
   </div>
   <div class='ocr_carea' id='block_1_6' title="bbox 271 2267 1927 3092">
    <p class='ocr_par' dir='ltr' id='par_1_6' title="bbox 272 2267 1925 2362">
     <span class='ocr_line' id='line_1_16' title="bbox 272 2267 1925 2362; baseline -0.001 -21"><span class='ocrx_word' id='word_1_132' title='bbox 272 2268 550 2359; x_wconf 87' lang='lat' dir='ltr'>..priorisse</span> <span class='ocrx_word' id='word_1_133' title='bbox 571 2274 613 2343; x_wconf 89' lang='lat' dir='ltr'>et</span> <span class='ocrx_word' id='word_1_134' title='bbox 632 2270 872 2343; x_wconf 84' lang='lat' dir='ltr'>conventui</span> <span class='ocrx_word' id='word_1_135' title='bbox 892 2269 1161 2343; x_wconf 85' lang='lat' dir='ltr'>monasterii</span> <span class='ocrx_word' id='word_1_136' title='bbox 1180 2275 1334 2343; x_wconf 86' lang='lat' dir='ltr'>sancte</span> <span class='ocrx_word' id='word_1_137' title='bbox 1349 2267 1925 2362; x_wconf 81' lang='lat' dir='ltr'>AgnetisArgentinensis.</span> 
     </span>
    </p>

    <p class='ocr_par' dir='ltr' id='par_1_7' title="bbox 271 2382 1927 3092">
     <span class='ocr_line' id='line_1_17' title="bbox 379 2382 1924 2472; baseline 0.001 -24"><span class='ocrx_word' id='word_1_138' title='bbox 379 2382 472 2464; x_wconf 82' lang='lat' dir='ltr'>Cum,</span> <span class='ocrx_word' id='word_1_139' title='bbox 496 2386 582 2449; x_wconf 90' lang='lat' dir='ltr'>siout</span> <span class='ocrx_word' id='word_1_140' title='bbox 606 2391 764 2470; x_wconf 86' lang='lat' dir='ltr'>exparte</span> <span class='ocrx_word' id='word_1_141' title='bbox 788 2390 899 2449; x_wconf 90' lang='lat' dir='ltr'>vestra</span> <span class='ocrx_word' id='word_1_142' title='bbox 921 2385 983 2449; x_wconf 84' lang='lat' dir='ltr'>fuit</span> <span class='ocrx_word' id='word_1_143' title='bbox 1006 2385 1210 2472; x_wconf 89' lang='lat' dir='ltr'>propositum</span> <span class='ocrx_word' id='word_1_144' title='bbox 1235 2406 1344 2449; x_wconf 79' lang='lat' dir='ltr'>corani</span> <span class='ocrx_word' id='word_1_145' title='bbox 1368 2384 1474 2463; x_wconf 93' lang='lat' dir='ltr'>nobis,</span> <span class='ocrx_word' id='word_1_146' title='bbox 1498 2405 1555 2448; x_wconf 85' lang='lat' dir='ltr'>vos</span> <span class='ocrx_word' id='word_1_147' title='bbox 1578 2384 1704 2448; x_wconf 89' lang='lat' dir='ltr'>incluse</span> <span class='ocrx_word' id='word_1_148' title='bbox 1728 2403 1869 2470; x_wconf 89' lang='lat' dir='ltr'>corpore</span> <span class='ocrx_word' id='word_1_149' title='bbox 1891 2389 1924 2449; x_wconf 91' lang='lat' dir='ltr'>in</span> 
     </span>
     <span class='ocr_line' id='line_1_18' title="bbox 272 2486 1926 2567; baseline 0 -16"><span class='ocrx_word' id='word_1_150' title='bbox 272 2487 388 2551; x_wconf 90' lang='lat' dir='ltr'>castris</span> <span class='ocrx_word' id='word_1_151' title='bbox 418 2487 666 2564; x_wconf 82' lang='lat' dir='ltr'>claustralibus,</span> <span class='ocrx_word' id='word_1_152' title='bbox 707 2495 816 2551; x_wconf 91' lang='lat' dir='ltr'>mente</span> <span class='ocrx_word' id='word_1_153' title='bbox 853 2496 962 2552; x_wconf 88' lang='lat' dir='ltr'>tamen</span> <span class='ocrx_word' id='word_1_154' title='bbox 997 2487 1102 2553; x_wconf 90' lang='lat' dir='ltr'>libera</span> <span class='ocrx_word' id='word_1_155' title='bbox 1138 2487 1256 2553; x_wconf 84' lang='lat' dir='ltr'>devote</span> <span class='ocrx_word' id='word_1_156' title='bbox 1285 2486 1427 2552; x_wconf 90' lang='lat' dir='ltr'>Domino</span> <span class='ocrx_word' id='word_1_157' title='bbox 1458 2488 1673 2567; x_wconf 86' lang='lat' dir='ltr'>famulantes,</span> <span class='ocrx_word' id='word_1_158' title='bbox 1703 2486 1926 2552; x_wconf 86' lang='lat' dir='ltr'>institutiones</span> 
     </span>
     <span class='ocr_line' id='line_1_19' title="bbox 271 2589 1927 2671; baseline 0.001 -17"><span class='ocrx_word' id='word_1_159' title='bbox 271 2589 392 2654; x_wconf 93' lang='lat' dir='ltr'>ordinis</span> <span class='ocrx_word' id='word_1_160' title='bbox 426 2590 562 2654; x_wconf 84' lang='lat' dir='ltr'>fratrum</span> <span class='ocrx_word' id='word_1_161' title='bbox 597 2589 842 2655; x_wconf 88' lang='lat' dir='ltr'>Predicatorum</span> <span class='ocrx_word' id='word_1_162' title='bbox 878 2592 1036 2656; x_wconf 88' lang='lat' dir='ltr'>hactenus</span> <span class='ocrx_word' id='word_1_163' title='bbox 1075 2591 1284 2655; x_wconf 89' lang='lat' dir='ltr'>laudabiliter</span> <span class='ocrx_word' id='word_1_164' title='bbox 1318 2590 1477 2656; x_wconf 86' lang='lat' dir='ltr'>duxeritis</span> <span class='ocrx_word' id='word_1_165' title='bbox 1510 2589 1750 2669; x_wconf 84' lang='lat' dir='ltr'>observandas,</span> <span class='ocrx_word' id='word_1_166' title='bbox 1779 2611 1856 2671; x_wconf 89' lang='lat' dir='ltr'>uos,</span> <span class='ocrx_word' id='word_1_167' title='bbox 1887 2589 1927 2655; x_wconf 86' lang='lat' dir='ltr'>ad</span> 
     </span>
     <span class='ocr_line' id='line_1_20' title="bbox 271 2692 1927 2779; baseline 0.002 -25"><span class='ocrx_word' id='word_1_168' title='bbox 271 2693 542 2779; x_wconf 87' lang='lat' dir='ltr'>supplicationem</span> <span class='ocrx_word' id='word_1_169' title='bbox 566 2693 757 2758; x_wconf 88' lang='lat' dir='ltr'>dilectorum</span> <span class='ocrx_word' id='word_1_170' title='bbox 782 2696 815 2758; x_wconf 94' lang='lat' dir='ltr'>in</span> <span class='ocrx_word' id='word_1_171' title='bbox 833 2693 961 2758; x_wconf 85' lang='lat' dir='ltr'>Obristo</span> <span class='ocrx_word' id='word_1_172' title='bbox 985 2695 1126 2759; x_wconf 88' lang='lat' dir='ltr'>liliorum</span> <span class='ocrx_word' id='word_1_173' title='bbox 1150 2695 1270 2759; x_wconf 93' lang='lat' dir='ltr'>nobilis</span> <span class='ocrx_word' id='word_1_174' title='bbox 1287 2695 1435 2759; x_wconf 90' lang='lat' dir='ltr'>mulieris</span> <span class='ocrx_word' id='word_1_175' title='bbox 1449 2693 1579 2758; x_wconf 78' lang='lat' dir='ltr'>Amicie</span> <span class='ocrx_word' id='word_1_176' title='bbox 1603 2693 1734 2758; x_wconf 91' lang='lat' dir='ltr'>domine</span> <span class='ocrx_word' id='word_1_177' title='bbox 1758 2692 1800 2757; x_wconf 92' lang='lat' dir='ltr'>de</span> <span class='ocrx_word' id='word_1_178' title='bbox 1816 2693 1927 2779; x_wconf 84' lang='lat' dir='ltr'>Iorig·</span> 
     </span>
     <span class='ocr_line' id='line_1_21' title="bbox 271 2797 1927 2885; baseline 0.001 -25"><span class='ocrx_word' id='word_1_179' title='bbox 271 2798 388 2862; x_wconf 79' lang='lat' dir='ltr'>niaco²</span> <span class='ocrx_word' id='word_1_180' title='bbox 412 2805 445 2862; x_wconf 91' lang='lat' dir='ltr'>et</span> <span class='ocrx_word' id='word_1_181' title='bbox 469 2797 646 2863; x_wconf 84' lang='lat' dir='ltr'>Gualohcri</span> <span class='ocrx_word' id='word_1_182' title='bbox 676 2799 743 2862; x_wconf 90' lang='lat' dir='ltr'>nati</span> <span class='ocrx_word' id='word_1_183' title='bbox 774 2799 879 2882; x_wconf 63' lang='lat' dir='ltr'>eiusi,</span> <span class='ocrx_word' id='word_1_184' title='bbox 909 2799 1075 2864; x_wconf 77' lang='lat' dir='ltr'>familiaris</span> <span class='ocrx_word' id='word_1_185' title='bbox 1099 2800 1215 2877; x_wconf 89' lang='lat' dir='ltr'>nostri,</span> <span class='ocrx_word' id='word_1_186' title='bbox 1246 2799 1431 2864; x_wconf 84' lang='lat' dir='ltr'>devotionis</span> <span class='ocrx_word' id='word_1_187' title='bbox 1459 2805 1568 2863; x_wconf 84' lang='lat' dir='ltr'>vestre</span> <span class='ocrx_word' id='word_1_188' title='bbox 1591 2797 1745 2885; x_wconf 89' lang='lat' dir='ltr'>precibus</span> <span class='ocrx_word' id='word_1_189' title='bbox 1769 2798 1927 2870; x_wconf 81' lang='lat' dir='ltr'>inclinati,</span> 
     </span>
     <span class='ocr_line' id='line_1_22' title="bbox 271 2902 1926 2990; baseline 0 -26"><span class='ocrx_word' id='word_1_190' title='bbox 271 2921 330 2964; x_wconf 80' lang='lat' dir='ltr'>vos</span> <span class='ocrx_word' id='word_1_191' title='bbox 359 2908 393 2965; x_wconf 90' lang='lat' dir='ltr'>et</span> <span class='ocrx_word' id='word_1_192' title='bbox 421 2902 656 2966; x_wconf 89' lang='lat' dir='ltr'>monasterium</span> <span class='ocrx_word' id='word_1_193' title='bbox 685 2908 826 2966; x_wconf 89' lang='lat' dir='ltr'>vestrum</span> <span class='ocrx_word' id='word_1_194' title='bbox 854 2905 1100 2989; x_wconf 62' lang='lat' dir='ltr'>incorporantes</span> <span class='ocrx_word' id='word_1_195' title='bbox 1130 2904 1235 2968; x_wconf 90' lang='lat' dir='ltr'>ordini</span> <span class='ocrx_word' id='word_1_196' title='bbox 1264 2903 1469 2989; x_wconf 87' lang='lat' dir='ltr'>supradicto,</span> <span class='ocrx_word' id='word_1_197' title='bbox 1498 2903 1698 2990; x_wconf 88' lang='lat' dir='ltr'>presentium</span> <span class='ocrx_word' id='word_1_198' title='bbox 1729 2902 1926 2965; x_wconf 87' lang='lat' dir='ltr'>auctoritate</span> 
     </span>
     <span class='ocr_line' id='line_1_23' title="bbox 272 3003 1927 3092; baseline 0.002 -26"><span class='ocrx_word' id='word_1_199' title='bbox 272 3004 456 3080; x_wconf 88' lang='lat' dir='ltr'>statuimus,</span> <span class='ocrx_word' id='word_1_200' title='bbox 480 3011 517 3067; x_wconf 90' lang='lat' dir='ltr'>ut</span> <span class='ocrx_word' id='word_1_201' title='bbox 533 3004 593 3068; x_wconf 90' lang='lat' dir='ltr'>sub</span> <span class='ocrx_word' id='word_1_202' title='bbox 611 3004 800 3088; x_wconf 87' lang='lat' dir='ltr'>magisterio</span> <span class='ocrx_word' id='word_1_203' title='bbox 818 3013 851 3070; x_wconf 90' lang='lat' dir='ltr'>ct</span> <span class='ocrx_word' id='word_1_204' title='bbox 866 3006 1015 3071; x_wconf 91' lang='lat' dir='ltr'>doctrina</span> <span class='ocrx_word' id='word_1_205' title='bbox 1038 3056 1071 3071; x_wconf 88' lang='lat'>..</span> <span class='ocrx_word' id='word_1_206' title='bbox 1095 3008 1241 3092; x_wconf 87' lang='lat' dir='ltr'>magistri</span> <span class='ocrx_word' id='word_1_207' title='bbox 1266 3013 1300 3072; x_wconf 90' lang='lat' dir='ltr'>ct</span> <span class='ocrx_word' id='word_1_208' title='bbox 1324 3055 1356 3073; x_wconf 89' lang='lat'>..</span> <span class='ocrx_word' id='word_1_209' title='bbox 1380 3007 1498 3092; x_wconf 91' lang='lat' dir='ltr'>prioris</span> <span class='ocrx_word' id='word_1_210' title='bbox 1518 3005 1725 3092; x_wconf 87' lang='lat' dir='ltr'>provincialis</span> <span class='ocrx_word' id='word_1_211' title='bbox 1741 3003 1927 3069; x_wconf 84' lang='lat' dir='ltr'>Tbcutonie</span> 
     </span>
    </p>
   </div>
   <div class='ocr_carea' id='block_1_7' title="bbox 272 3106 1929 3609">
    <p class='ocr_par' dir='ltr' id='par_1_8' title="bbox 272 3106 1929 3609">
     <span class='ocr_line' id='line_1_24' title="bbox 272 3106 1928 3196; baseline 0 -25"><span class='ocrx_word' id='word_1_212' title='bbox 272 3107 348 3171; x_wconf 88' lang='lat' dir='ltr'>dicti</span> <span class='ocrx_word' id='word_1_213' title='bbox 374 3106 512 3180; x_wconf 77' lang='lat' dir='ltr'>ordinis,</span> <span class='ocrx_word' id='word_1_214' title='bbox 536 3108 590 3193; x_wconf 93' lang='lat' dir='ltr'>qui</span> <span class='ocrx_word' id='word_1_215' title='bbox 613 3130 671 3195; x_wconf 89' lang='lat' dir='ltr'>pro</span> <span class='ocrx_word' id='word_1_216' title='bbox 696 3116 842 3195; x_wconf 90' lang='lat' dir='ltr'>tempore</span> <span class='ocrx_word' id='word_1_217' title='bbox 866 3111 1002 3196; x_wconf 85' lang='lat' dir='ltr'>luerint,</span> <span class='ocrx_word' id='word_1_218' title='bbox 1033 3111 1074 3175; x_wconf 91' lang='lat' dir='ltr'>de</span> <span class='ocrx_word' id='word_1_219' title='bbox 1099 3116 1207 3175; x_wconf 90' lang='lat' dir='ltr'>cetero</span> <span class='ocrx_word' id='word_1_220' title='bbox 1231 3111 1406 3190; x_wconf 89' lang='lat' dir='ltr'>maneatis,</span> <span class='ocrx_word' id='word_1_221' title='bbox 1432 3110 1497 3174; x_wconf 91' lang='lat' dir='ltr'>illis</span> <span class='ocrx_word' id='word_1_222' title='bbox 1525 3108 1706 3194; x_wconf 88' lang='lat' dir='ltr'>gaudentes</span> <span class='ocrx_word' id='word_1_223' title='bbox 1734 3108 1928 3194; x_wconf 79' lang='lat' dir='ltr'>privilegiis.</span> 
     </span>
     <span class='ocr_line' id='line_1_25' title="bbox 273 3210 1929 3299; baseline 0.001 -26"><span class='ocrx_word' id='word_1_224' title='bbox 273 3231 336 3294; x_wconf 91' lang='lat' dir='ltr'>quo</span> <span class='ocrx_word' id='word_1_225' title='bbox 366 3210 470 3274; x_wconf 89' lang='lat' dir='ltr'>ordini</span> <span class='ocrx_word' id='word_1_226' title='bbox 499 3210 646 3297; x_wconf 90' lang='lat' dir='ltr'>predicto</span> <span class='ocrx_word' id='word_1_227' title='bbox 676 3212 718 3275; x_wconf 90' lang='lat' dir='ltr'>ab</span> <span class='ocrx_word' id='word_1_228' title='bbox 746 3212 928 3298; x_wconf 88' lang='lat' dir='ltr'>apostolica</span> <span class='ocrx_word' id='word_1_229' title='bbox 958 3212 1037 3278; x_wconf 92' lang='lat' dir='ltr'>scde</span> <span class='ocrx_word' id='word_1_230' title='bbox 1068 3234 1229 3278; x_wconf 89' lang='lat' dir='ltr'>concessa</span> <span class='ocrx_word' id='word_1_231' title='bbox 1256 3220 1331 3277; x_wconf 86' lang='lat' dir='ltr'>suut</span> <span class='ocrx_word' id='word_1_232' title='bbox 1359 3213 1412 3278; x_wconf 85' lang='lat' dir='ltr'>vel</span> <span class='ocrx_word' id='word_1_233' title='bbox 1439 3213 1472 3277; x_wconf 96' lang='lat' dir='ltr'>in</span> <span class='ocrx_word' id='word_1_234' title='bbox 1501 3216 1667 3299; x_wconf 89' lang='lat' dir='ltr'>posterum</span> <span class='ocrx_word' id='word_1_235' title='bbox 1694 3210 1929 3287; x_wconf 85' lang='lat' dir='ltr'>concedentur,</span> 
     </span>
     <span class='ocr_line' id='line_1_26' title="bbox 272 3313 1929 3402; baseline 0.002 -27"><span class='ocrx_word' id='word_1_236' title='bbox 272 3313 400 3398; x_wconf 90' lang='lat' dir='ltr'>ipsique</span> <span class='ocrx_word' id='word_1_237' title='bbox 424 3314 583 3399; x_wconf 88' lang='lat' dir='ltr'>magister</span> <span class='ocrx_word' id='word_1_238' title='bbox 606 3322 638 3378; x_wconf 91' lang='lat' dir='ltr'>et</span> <span class='ocrx_word' id='word_1_239' title='bbox 661 3315 750 3400; x_wconf 92' lang='lat' dir='ltr'>prior</span> <span class='ocrx_word' id='word_1_240' title='bbox 776 3351 815 3363; x_wconf 93' lang='lat'>-·</span> <span class='ocrx_word' id='word_1_241' title='bbox 840 3317 1002 3381; x_wconf 86' lang='lat' dir='ltr'>contraria</span> <span class='ocrx_word' id='word_1_242' title='bbox 1025 3317 1259 3381; x_wconf 89' lang='lat' dir='ltr'>constitutione</span> <span class='ocrx_word' id='word_1_243' title='bbox 1288 3317 1389 3402; x_wconf 90' lang='lat' dir='ltr'>ipsius</span> <span class='ocrx_word' id='word_1_244' title='bbox 1421 3315 1543 3381; x_wconf 86' lang='lat' dir='ltr'>ordinis</span> <span class='ocrx_word' id='word_1_245' title='bbox 1572 3316 1624 3380; x_wconf 89' lang='lat' dir='ltr'>vel</span> <span class='ocrx_word' id='word_1_246' title='bbox 1657 3313 1867 3400; x_wconf 86' lang='lat' dir='ltr'>indulgentia</span> <span class='ocrx_word' id='word_1_247' title='bbox 1888 3314 1929 3379; x_wconf 85' lang='lat' dir='ltr'>ab</span> 
     </span>
     <span class='ocr_line' id='line_1_27' title="bbox 272 3417 1929 3505; baseline 0.002 -26"><span class='ocrx_word' id='word_1_248' title='bbox 272 3418 454 3502; x_wconf 90' lang='lat' dir='ltr'>apostolica</span> <span class='ocrx_word' id='word_1_249' title='bbox 479 3417 558 3482; x_wconf 90' lang='lat' dir='ltr'>sede</span> <span class='ocrx_word' id='word_1_250' title='bbox 582 3417 716 3482; x_wconf 90' lang='lat' dir='ltr'>obtenta</span> <span class='ocrx_word' id='word_1_251' title='bbox 739 3440 797 3484; x_wconf 89' lang='lat' dir='ltr'>seu</span> <span class='ocrx_word' id='word_1_252' title='bbox 823 3420 1002 3485; x_wconf 87' lang='lat' dir='ltr'>obtinenda</span> <span class='ocrx_word' id='word_1_253' title='bbox 1025 3441 1231 3505; x_wconf 88' lang='lat' dir='ltr'>nequaquam</span> <span class='ocrx_word' id='word_1_254' title='bbox 1254 3420 1519 3484; x_wconf 87' lang='lat' dir='ltr'>obstantibus-</span> <span class='ocrx_word' id='word_1_255' title='bbox 1537 3420 1719 3483; x_wconf 88' lang='lat' dir='ltr'>animarum</span> <span class='ocrx_word' id='word_1_256' title='bbox 1743 3427 1929 3483; x_wconf 85' lang='lat' dir='ltr'>vestrarum</span> 
     </span>
     <span class='ocr_line' id='line_1_28' title="bbox 274 3520 1929 3609; baseline 0.002 -27"><span class='ocrx_word' id='word_1_257' title='bbox 274 3520 528 3585; x_wconf 89' lang='lat' dir='ltr'>sollicitudinem</span> <span class='ocrx_word' id='word_1_258' title='bbox 551 3528 705 3605; x_wconf 88' lang='lat' dir='ltr'>gerentes</span> <span class='ocrx_word' id='word_1_259' title='bbox 729 3529 762 3585; x_wconf 91' lang='lat' dir='ltr'>et</span> <span class='ocrx_word' id='word_1_260' title='bbox 785 3543 894 3586; x_wconf 90' lang='lat' dir='ltr'>curam</span> <span class='ocrx_word' id='word_1_261' title='bbox 919 3529 981 3589; x_wconf 89' lang='lat' dir='ltr'>etc.</span> <span class='ocrx_word' id='word_1_262' title='bbox 1012 3531 1048 3587; x_wconf 91' lang='lat' dir='ltr'>ut</span> <span class='ocrx_word' id='word_1_263' title='bbox 1078 3544 1178 3609; x_wconf 88' lang='lat' dir='ltr'>supra</span> <span class='ocrx_word' id='word_1_264' title='bbox 1205 3524 1238 3586; x_wconf 92' lang='lat' dir='ltr'>in</span> <span class='ocrx_word' id='word_1_265' title='bbox 1262 3523 1372 3586; x_wconf 88' lang='lat' dir='ltr'>littera</span> <span class='ocrx_word' id='word_1_266' title='bbox 1395 3523 1483 3586; x_wconf 90' lang='lat' dir='ltr'>tertii</span> <span class='ocrx_word' id='word_1_267' title='bbox 1502 3522 1659 3608; x_wconf 78' lang='lat' dir='ltr'>capituli⁴</span> <span class='ocrx_word' id='word_1_268' title='bbox 1683 3541 1810 3606; x_wconf 89' lang='lat' dir='ltr'>usque:</span> <span class='ocrx_word' id='word_1_269' title='bbox 1835 3528 1929 3607; x_wconf 88' lang='lat' dir='ltr'>prout</span> 
     </span>
    </p>
   </div>
   <div class='ocr_carea' id='block_1_8' title="bbox 272 3623 1928 3810">
    <p class='ocr_par' dir='ltr' id='par_1_9' title="bbox 272 3623 1928 3810">
     <span class='ocr_line' id='line_1_29' title="bbox 272 3623 1928 3713; baseline 0.001 -27"><span class='ocrx_word' id='word_1_270' title='bbox 272 3623 415 3687; x_wconf 88' lang='lat' dir='ltr'>viderint</span> <span class='ocrx_word' id='word_1_271' title='bbox 436 3623 603 3708; x_wconf 87' lang='lat' dir='ltr'>expedire.</span> <span class='ocrx_word' id='word_1_272' title='bbox 635 3623 725 3688; x_wconf 90' lang='lat' dir='ltr'>Nulli</span> <span class='ocrx_word' id='word_1_273' title='bbox 739 3647 819 3710; x_wconf 93' lang='lat' dir='ltr'>crgo</span> <span class='ocrx_word' id='word_1_274' title='bbox 833 3634 896 3691; x_wconf 88' lang='lat' dir='ltr'>cte.</span> <span class='ocrx_word' id='word_1_275' title='bbox 913 3633 1024 3691; x_wconf 91' lang='lat' dir='ltr'>nostre</span> <span class='ocrx_word' id='word_1_276' title='bbox 1042 3627 1317 3713; x_wconf 89' lang='lat' dir='ltr'>incorporationis</span> <span class='ocrx_word' id='word_1_277' title='bbox 1334 3633 1367 3690; x_wconf 91' lang='lat' dir='ltr'>et</span> <span class='ocrx_word' id='word_1_278' title='bbox 1383 3625 1622 3691; x_wconf 89' lang='lat' dir='ltr'>constitutionis</span> <span class='ocrx_word' id='word_1_279' title='bbox 1635 3629 1698 3690; x_wconf 91' lang='lat' dir='ltr'>etc.</span> <span class='ocrx_word' id='word_1_280' title='bbox 1731 3624 1767 3689; x_wconf 86' lang='lat' dir='ltr'>si</span> <span class='ocrx_word' id='word_1_281' title='bbox 1780 3626 1856 3710; x_wconf 90' lang='lat' dir='ltr'>quis</span> <span class='ocrx_word' id='word_1_282' title='bbox 1868 3632 1928 3689; x_wconf 88' lang='lat' dir='ltr'>etc.</span> 
     </span>
     <span class='ocr_line' id='line_1_30' title="bbox 383 3726 1102 3810; baseline 0.007 -21"><span class='ocrx_word' id='word_1_283' title='bbox 383 3726 460 3791; x_wconf 87' lang='lat' dir='ltr'>Dat.</span> <span class='ocrx_word' id='word_1_284' title='bbox 484 3726 646 3810; x_wconf 89' lang='lat' dir='ltr'>Lugduni,</span> <span class='ocrx_word' id='word_1_285' title='bbox 670 3726 746 3791; x_wconf 89' lang='lat' dir='ltr'>Kal.</span> <span class='ocrx_word' id='word_1_286' title='bbox 771 3726 867 3810; x_wconf 90' lang='lat' dir='ltr'>Iunii,</span> <span class='ocrx_word' id='word_1_287' title='bbox 891 3750 975 3793; x_wconf 89' lang='lat' dir='ltr'>anno</span> <span class='ocrx_word' id='word_1_288' title='bbox 998 3728 1102 3794; x_wconf 60' lang='lat' dir='ltr'>nlla</span> 
     </span>
    </p>
   </div>
   <div class='ocr_carea' id='block_1_9' title="bbox 1059 4099 1146 4175">
    <p class='ocr_par' dir='ltr' id='par_1_10' title="bbox 1059 4099 1146 4175">
     <span class='ocr_line' id='line_1_31' title="bbox 1059 4099 1146 4175; baseline 0.023 -2"><span class='ocrx_word' id='word_1_289' title='bbox 1059 4099 1146 4175; x_wconf 82' lang='lat'>378.</span> 
     </span>
    </p>
   </div>
   <div class='ocr_carea' id='block_1_10' title="bbox 271 4192 1932 4516">
    <p class='ocr_par' dir='ltr' id='par_1_11' title="bbox 271 4192 1932 4516">
     <span class='ocr_line' id='line_1_32' title="bbox 376 4192 1932 4306; baseline 0.001 -20"><span class='ocrx_word' id='word_1_290' title='bbox 376 4192 595 4286; x_wconf 77' lang='lat' dir='ltr'>Inommtius</span> <span class='ocrx_word' id='word_1_291' title='bbox 610 4217 666 4285; x_wconf 88' lang='lat' dir='ltr'>IV</span> <span class='ocrx_word' id='word_1_292' title='bbox 690 4241 779 4306; x_wconf 77' lang='lat' dir='ltr'>popo</span> <span class='ocrx_word' id='word_1_293' title='bbox 804 4220 904 4303; x_wconf 74' lang='lat' dir='ltr'>fratri</span> <span class='ocrx_word' id='word_1_294' title='bbox 930 4220 1056 4290; x_wconf 85' lang='lat' dir='ltr'>Blanco</span> <span class='ocrx_word' id='word_1_295' title='bbox 1083 4225 1120 4290; x_wconf 84' lang='lat' dir='ltr'>dc</span> <span class='ocrx_word' id='word_1_296' title='bbox 1148 4224 1258 4290; x_wconf 81' lang='lat' dir='ltr'>ordine</span> <span class='ocrx_word' id='word_1_297' title='bbox 1285 4222 1452 4290; x_wconf 75' lang='lat' dir='ltr'>Minorem</span> <span class='ocrx_word' id='word_1_298' title='bbox 1486 4223 1600 4289; x_wconf 81' lang='lat' dir='ltr'>nuntio</span> <span class='ocrx_word' id='word_1_299' title='bbox 1633 4241 1690 4289; x_wconf 73' lang='lat' dir='ltr'>orto</span> <span class='ocrx_word' id='word_1_300' title='bbox 1720 4223 1870 4302; x_wconf 58' lang='lat' dir='ltr'>manda,</span> <span class='ocrx_word' id='word_1_301' title='bbox 1896 4226 1932 4288; x_wconf 78' lang='lat' dir='ltr'>at</span> 
     </span>
     <span class='ocr_line' id='line_1_33' title="bbox 271 4323 1931 4411; baseline 0.002 -22"><span class='ocrx_word' id='word_1_302' title='bbox 271 4323 393 4409; x_wconf 74' lang='lat' dir='ltr'>[Zoin]</span> <span class='ocrx_word' id='word_1_303' title='bbox 421 4325 559 4406; x_wconf 80' lang='lat' dir='ltr'>episcopo</span> <span class='ocrx_word' id='word_1_304' title='bbox 597 4327 626 4387; x_wconf 87' lang='lat' dir='ltr'>ct</span> <span class='ocrx_word' id='word_1_305' title='bbox 657 4325 737 4388; x_wconf 85' lang='lat' dir='ltr'>clero</span> <span class='ocrx_word' id='word_1_306' title='bbox 772 4327 910 4391; x_wconf 68' lang='lat' dir='ltr'>maitotis</span> <span class='ocrx_word' id='word_1_307' title='bbox 942 4331 971 4390; x_wconf 89' lang='lat' dir='ltr'>ct</span> <span class='ocrx_word' id='word_1_308' title='bbox 1004 4327 1134 4393; x_wconf 83' lang='lat' dir='ltr'>diocesis</span> <span class='ocrx_word' id='word_1_309' title='bbox 1163 4329 1395 4396; x_wconf 80' lang='lat' dir='ltr'>Aocaioocnsis</span> <span class='ocrx_word' id='word_1_310' title='bbox 1431 4349 1499 4394; x_wconf 86' lang='lat' dir='ltr'>cnm</span> <span class='ocrx_word' id='word_1_311' title='bbox 1534 4328 1742 4411; x_wconf 72' lang='lat' dir='ltr'>quantitates</span> <span class='ocrx_word' id='word_1_312' title='bbox 1775 4329 1931 4410; x_wconf 73' lang='lat' dir='ltr'>pemaioc</span> 
     </span>
     <span class='ocr_line' id='line_1_34' title="bbox 271 4425 1782 4516; baseline 0.005 -26"><span class='ocrx_word' id='word_1_313' title='bbox 271 4425 456 4504; x_wconf 82' lang='lat' dir='ltr'>moderetur,</span> <span class='ocrx_word' id='word_1_314' title='bbox 478 4447 573 4508; x_wconf 78' lang='lat' dir='ltr'>quam</span> <span class='ocrx_word' id='word_1_315' title='bbox 590 4447 652 4507; x_wconf 79' lang='lat' dir='ltr'>pro</span> <span class='ocrx_word' id='word_1_316' title='bbox 674 4430 747 4491; x_wconf 84' lang='lat' dir='ltr'>roto</span> <span class='ocrx_word' id='word_1_317' title='bbox 770 4427 918 4493; x_wconf 84' lang='lat' dir='ltr'>bonorum</span> <span class='ocrx_word' id='word_1_318' title='bbox 939 4448 1067 4495; x_wconf 82' lang='lat' dir='ltr'>suorum</span> <span class='ocrx_word' id='word_1_319' title='bbox 1088 4431 1316 4516; x_wconf 81' lang='lat' dir='ltr'>episcopatibus</span> <span class='ocrx_word' id='word_1_320' title='bbox 1338 4432 1566 4516; x_wconf 80' lang='lat' dir='ltr'>circumpositis</span> <span class='ocrx_word' id='word_1_321' title='bbox 1586 4432 1782 4514; x_wconf 73' lang='lat' dir='ltr'>imposuerit.</span> 
     </span>
    </p>
   </div>
   <div class='ocr_carea' id='block_1_11' title="bbox 1602 4535 1845 4613">
    <p class='ocr_par' dir='ltr' id='par_1_12' title="bbox 1602 4535 1845 4613">
     <span class='ocr_line' id='line_1_35' title="bbox 1602 4535 1845 4613; baseline 0.021 -15"><span class='ocrx_word' id='word_1_322' title='bbox 1602 4537 1697 4613; x_wconf 80' lang='lat'><strong><em>1247,</em></strong></span> <span class='ocrx_word' id='word_1_323' title='bbox 1720 4535 1797 4600; x_wconf 78' lang='lat' dir='ltr'>Iun.</span> <span class='ocrx_word' id='word_1_324' title='bbox 1814 4538 1845 4603; x_wconf 84' lang='lat'>1.</span> 
     </span>
    </p>
   </div>
   <div class='ocr_carea' id='block_1_12' title="bbox 377 4630 1934 4707">
    <p class='ocr_par' dir='ltr' id='par_1_13' title="bbox 377 4630 1934 4707">
     <span class='ocr_line' id='line_1_36' title="bbox 377 4630 1934 4707; baseline 0.005 -23"><span class='ocrx_word' id='word_1_325' title='bbox 377 4632 441 4685; x_wconf 76' lang='lat' dir='ltr'>Ian.</span> <span class='ocrx_word' id='word_1_326' title='bbox 455 4630 506 4684; x_wconf 89' lang='lat' dir='ltr'>IV</span> <span class='ocrx_word' id='word_1_327' title='bbox 522 4631 584 4700; x_wconf 75' lang='lat' dir='ltr'>Ray.</span> <span class='ocrx_word' id='word_1_328' title='bbox 609 4631 662 4685; x_wconf 87' lang='lat' dir='ltr'>Vol.</span> <span class='ocrx_word' id='word_1_329' title='bbox 677 4632 702 4700; x_wconf 87' lang='lat' dir='ltr'>I,</span> <span class='ocrx_word' id='word_1_330' title='bbox 720 4638 784 4699; x_wconf 77' lang='lat' dir='ltr'>42t;</span> <span class='ocrx_word' id='word_1_331' title='bbox 807 4632 867 4688; x_wconf 74' lang='lat' dir='ltr'>lat.</span> <span class='ocrx_word' id='word_1_332' title='bbox 886 4632 937 4702; x_wconf 87' lang='lat' dir='ltr'>IV,</span> <span class='ocrx_word' id='word_1_333' title='bbox 961 4650 1015 4689; x_wconf 80' lang='lat' dir='ltr'>cur.</span> <span class='ocrx_word' id='word_1_334' title='bbox 1035 4644 1089 4691; x_wconf 84' lang='lat'>110.</span> <span class='ocrx_word' id='word_1_335' title='bbox 1130 4637 1176 4691; x_wconf 73' lang='lat' dir='ltr'>Aa</span> <span class='ocrx_word' id='word_1_336' title='bbox 1203 4637 1304 4692; x_wconf 78' lang='lat' dir='ltr'>Pcrtzii</span> <span class='ocrx_word' id='word_1_337' title='bbox 1326 4639 1458 4707; x_wconf 69' lang='lat' dir='ltr'>campus</span> <span class='ocrx_word' id='word_1_338' title='bbox 1481 4636 1649 4692; x_wconf 71' lang='lat' dir='ltr'>ardubur&#39;m</span> <span class='ocrx_word' id='word_1_339' title='bbox 1666 4643 1774 4707; x_wconf 73' lang='lat' dir='ltr'>prodet·</span> <span class='ocrx_word' id='word_1_340' title='bbox 1793 4636 1836 4706; x_wconf 74' lang='lat' dir='ltr'>id,</span> <span class='ocrx_word' id='word_1_341' title='bbox 1861 4634 1934 4706; x_wconf 64' lang='lat' dir='ltr'>quod</span> 
     </span>
    </p>
   </div>
   <div class='ocr_carea' id='block_1_13' title="bbox 273 4717 1934 4872">
    <p class='ocr_par' dir='ltr' id='par_1_14' title="bbox 273 4717 1934 4872">
     <span class='ocr_line' id='line_1_37' title="bbox 273 4717 1934 4794; baseline 0.004 -24"><span class='ocrx_word' id='word_1_342' title='bbox 273 4717 369 4785; x_wconf 73' lang='lat' dir='ltr'>Bcrper</span> <span class='ocrx_word' id='word_1_343' title='bbox 386 4717 477 4783; x_wconf 82' lang='lat' dir='ltr'>edidit,</span> <span class='ocrx_word' id='word_1_344' title='bbox 496 4717 630 4787; x_wconf 64' lang='lat' dir='ltr'>marma,</span> <span class='ocrx_word' id='word_1_345' title='bbox 649 4719 721 4772; x_wconf 70' lang='lat' dir='ltr'>Bata.</span> <span class='ocrx_word' id='word_1_346' title='bbox 736 4718 877 4774; x_wconf 80' lang='lat' dir='ltr'>Francisc.</span> <span class='ocrx_word' id='word_1_347' title='bbox 896 4725 913 4774; x_wconf 87' lang='lat' dir='ltr'>t.</span> <span class='ocrx_word' id='word_1_348' title='bbox 928 4721 953 4790; x_wconf 86' lang='lat' dir='ltr'>I,</span> <span class='ocrx_word' id='word_1_349' title='bbox 962 4737 991 4789; x_wconf 78' lang='lat' dir='ltr'>p.</span> <span class='ocrx_word' id='word_1_350' title='bbox 1004 4730 1060 4791; x_wconf 85' lang='grc'><strong><em>419,</em></strong></span> <span class='ocrx_word' id='word_1_351' title='bbox 1078 4742 1104 4777; x_wconf 80' lang='lat' dir='ltr'>a.</span> <span class='ocrx_word' id='word_1_352' title='bbox 1119 4732 1176 4792; x_wconf 79' lang='lat'>140,</span> <span class='ocrx_word' id='word_1_353' title='bbox 1193 4726 1240 4793; x_wconf 70' lang='lat' dir='ltr'>qai</span> <span class='ocrx_word' id='word_1_354' title='bbox 1258 4725 1392 4794; x_wconf 64' lang='grc' dir='ltr'>ῳίαοιαιη</span> <span class='ocrx_word' id='word_1_355' title='bbox 1409 4725 1459 4779; x_wconf 76' lang='lat' dir='ltr'>aa</span> <span class='ocrx_word' id='word_1_356' title='bbox 1470 4731 1581 4793; x_wconf 78' lang='lat' dir='ltr'>o.1246,</span> <span class='ocrx_word' id='word_1_357' title='bbox 1600 4723 1653 4777; x_wconf 79' lang='lat' dir='ltr'>lul.</span> <span class='ocrx_word' id='word_1_358' title='bbox 1667 4731 1681 4777; x_wconf 91' lang='grc'><strong><em>1</em></strong></span> <span class='ocrx_word' id='word_1_359' title='bbox 1696 4724 1769 4790; x_wconf 77' lang='lat' dir='ltr'>salso</span> <span class='ocrx_word' id='word_1_360' title='bbox 1781 4725 1934 4792; x_wconf 57' lang='lat' dir='ltr'>poposci.</span> 
     </span>
     <span class='ocr_line' id='line_1_38' title="bbox 378 4803 903 4872; baseline 0 -14"><span class='ocrx_word' id='word_1_361' title='bbox 378 4803 510 4871; x_wconf 79' lang='lat' dir='ltr'>Pottbcst,</span> <span class='ocrx_word' id='word_1_362' title='bbox 530 4803 594 4872; x_wconf 71' lang='lat' dir='ltr'>Ray.</span> <span class='ocrx_word' id='word_1_363' title='bbox 609 4811 699 4870; x_wconf 75' lang='lat'><em>121955</em></span> <span class='ocrx_word' id='word_1_364' title='bbox 716 4804 815 4872; x_wconf 72' lang='lat' dir='ltr'>Beroea</span> <span class='ocrx_word' id='word_1_365' title='bbox 830 4811 903 4860; x_wconf 78' lang='lat'>3026.</span> 
     </span>
    </p>
   </div>
   <div class='ocr_carea' id='block_1_14' title="bbox 379 4911 1504 4927">
    <p class='ocr_par' dir='ltr' id='par_1_15' title="bbox 379 4911 1504 4927">
     <span class='ocr_line' id='line_1_39' title="bbox 379 4911 1504 4927; baseline 0.012 -13"><span class='ocrx_word' id='word_1_366' title='bbox 379 4911 502 4918; x_wconf 73' lang='grc'>-..--</span> <span class='ocrx_word' id='word_1_367' title='bbox 508 4911 598 4917; x_wconf 85' lang='grc'>-.-</span> <span class='ocrx_word' id='word_1_368' title='bbox 808 4913 1073 4923; x_wconf 70' lang='lat'><em>————-.—</em></span> <span class='ocrx_word' id='word_1_369' title='bbox 1272 4920 1504 4927; x_wconf 73' lang='lat'>--—-—-</span> 
     </span>
    </p>
   </div>
   <div class='ocr_carea' id='block_1_15' title="bbox 269 4976 1946 5739">
    <p class='ocr_par' dir='ltr' id='par_1_16' title="bbox 269 4976 1946 5739">
     <span class='ocr_line' id='line_1_40' title="bbox 378 4976 1934 5056; baseline 0.004 -26"><span class='ocrx_word' id='word_1_370' title='bbox 378 4979 405 5044; x_wconf 96' lang='lat' dir='ltr'>l)</span> <span class='ocrx_word' id='word_1_371' title='bbox 425 4976 483 5031; x_wconf 73' lang='lat' dir='ltr'>Suo</span> <span class='ocrx_word' id='word_1_372' title='bbox 499 4994 524 5032; x_wconf 84' lang='lat' dir='ltr'>a.</span> <span class='ocrx_word' id='word_1_373' title='bbox 539 4984 609 5044; x_wconf 81' lang='grc'><strong><em>1246,</em></strong></span> <span class='ocrx_word' id='word_1_374' title='bbox 627 4976 694 5031; x_wconf 81' lang='lat' dir='ltr'>Nor.</span> <span class='ocrx_word' id='word_1_375' title='bbox 710 4983 744 5031; x_wconf 90' lang='grc'>24</span> <span class='ocrx_word' id='word_1_376' title='bbox 758 4993 835 5046; x_wconf 73' lang='lat' dir='ltr'>papa</span> <span class='ocrx_word' id='word_1_377' title='bbox 853 4978 889 5032; x_wconf 90' lang='lat' dir='ltr'><em>W</em></span> <span class='ocrx_word' id='word_1_378' title='bbox 891 4979 1011 5048; x_wconf 70' lang='lat' dir='ltr'>hadmtm,</span> <span class='ocrx_word' id='word_1_379' title='bbox 1028 4982 1085 5047; x_wconf 69' lang='lat' dir='ltr'>filio</span> <span class='ocrx_word' id='word_1_380' title='bbox 1102 4983 1176 5051; x_wconf 73' lang='lat' dir='ltr'>repis,</span> <span class='ocrx_word' id='word_1_381' title='bbox 1196 4983 1359 5054; x_wconf 66' lang='lat' dir='ltr'>[sturmioni</span> <span class='ocrx_word' id='word_1_382' title='bbox 1374 4984 1538 5056; x_wconf 73' lang='lat' dir='ltr'>Moramch,</span> <span class='ocrx_word' id='word_1_383' title='bbox 1549 4985 1691 5055; x_wconf 62' lang='lat' dir='ltr'>capsam</span> <span class='ocrx_word' id='word_1_384' title='bbox 1707 4999 1734 5037; x_wconf 77' lang='lat' dir='ltr'>ac</span> <span class='ocrx_word' id='word_1_385' title='bbox 1752 4982 1934 5050; x_wconf 66' lang='lat' dir='ltr'>Godcffflun</span> 
     </span>
     <span class='ocr_line' id='line_1_41' title="bbox 273 5062 1936 5139; baseline 0.005 -24"><span class='ocrx_word' id='word_1_386' title='bbox 273 5062 375 5116; x_wconf 72' lang='lat' dir='ltr'>ordinas</span> <span class='ocrx_word' id='word_1_387' title='bbox 385 5063 505 5129; x_wconf 71' lang='lat' dir='ltr'>[rutrum</span> <span class='ocrx_word' id='word_1_388' title='bbox 516 5062 743 5130; x_wconf 64' lang='lat' dir='ltr'>Raeticotorum,</span> <span class='ocrx_word' id='word_1_389' title='bbox 759 5079 816 5132; x_wconf 81' lang='lat' dir='ltr'>cop.</span> <span class='ocrx_word' id='word_1_390' title='bbox 835 5069 857 5117; x_wconf 83' lang='lat' dir='ltr'>et</span> <span class='ocrx_word' id='word_1_391' title='bbox 865 5081 942 5132; x_wconf 81' lang='lat' dir='ltr'>poca.</span> <span class='ocrx_word' id='word_1_392' title='bbox 952 5083 1039 5135; x_wconf 75' lang='lat' dir='ltr'>msam,</span> <span class='ocrx_word' id='word_1_393' title='bbox 1059 5068 1096 5121; x_wconf 77' lang='lat' dir='ltr'>cut</span> <span class='ocrx_word' id='word_1_394' title='bbox 1103 5075 1197 5137; x_wconf 64' lang='lat' dir='ltr'>prostes</span> <span class='ocrx_word' id='word_1_395' title='bbox 1209 5071 1266 5123; x_wconf 82' lang='lat' dir='ltr'>cius</span> <span class='ocrx_word' id='word_1_396' title='bbox 1273 5087 1326 5139; x_wconf 76' lang='lat' dir='ltr'>pro</span> <span class='ocrx_word' id='word_1_397' title='bbox 1337 5071 1496 5138; x_wconf 68' lang='lat' dir='ltr'>maibmlom</span> <span class='ocrx_word' id='word_1_398' title='bbox 1513 5071 1629 5125; x_wconf 71' lang='lat' dir='ltr'>mclmioc</span> <span class='ocrx_word' id='word_1_399' title='bbox 1641 5071 1781 5126; x_wconf 75' lang='lat' dir='ltr'>Romnae</span> <span class='ocrx_word' id='word_1_400' title='bbox 1797 5076 1821 5124; x_wconf 83' lang='lat' dir='ltr'>ct</span> <span class='ocrx_word' id='word_1_401' title='bbox 1837 5070 1936 5124; x_wconf 80' lang='lat' dir='ltr'>Terrae</span> 
     </span>
     <span class='ocr_line' id='line_1_42' title="bbox 272 5148 1936 5225; baseline 0.005 -23"><span class='ocrx_word' id='word_1_402' title='bbox 272 5148 386 5202; x_wconf 65' lang='lat' dir='ltr'>&amp;adm</span> <span class='ocrx_word' id='word_1_403' title='bbox 406 5148 518 5218; x_wconf 77' lang='lat' dir='ltr'>ncpotiis</span> <span class='ocrx_word' id='word_1_404' title='bbox 535 5148 680 5216; x_wconf 70' lang='lat' dir='ltr'>dcaiacrc,</span> <span class='ocrx_word' id='word_1_405' title='bbox 698 5149 771 5216; x_wconf 76' lang='lat' dir='ltr'>ciquc</span> <span class='ocrx_word' id='word_1_406' title='bbox 788 5149 974 5216; x_wconf 76' lang='lat' dir='ltr'>rnomtomrot,</span> <span class='ocrx_word' id='word_1_407' title='bbox 992 5158 1023 5206; x_wconf 82' lang='lat' dir='ltr'>at</span> <span class='ocrx_word' id='word_1_408' title='bbox 1047 5154 1072 5207; x_wconf 85' lang='lat' dir='ltr'>ci</span> <span class='ocrx_word' id='word_1_409' title='bbox 1095 5170 1176 5223; x_wconf 79' lang='lat' dir='ltr'>super</span> <span class='ocrx_word' id='word_1_410' title='bbox 1195 5155 1288 5209; x_wconf 69' lang='grc' dir='ltr'>εἰαῐαη</span> <span class='ocrx_word' id='word_1_411' title='bbox 1310 5158 1419 5225; x_wconf 67' lang='lat' dir='ltr'>nepotas</span> <span class='ocrx_word' id='word_1_412' title='bbox 1436 5162 1597 5225; x_wconf 61' lang='lat' dir='ltr'>manum</span> <span class='ocrx_word' id='word_1_413' title='bbox 1613 5156 1747 5210; x_wconf 68' lang='lat' dir='ltr'>auxilium</span> <span class='ocrx_word' id='word_1_414' title='bbox 1769 5162 1795 5210; x_wconf 83' lang='lat' dir='ltr'>ct</span> <span class='ocrx_word' id='word_1_415' title='bbox 1816 5158 1936 5224; x_wconf 70' lang='lat' dir='ltr'>samm</span> 
     </span>
     <span class='ocr_line' id='line_1_43' title="bbox 273 5234 1939 5315; baseline 0.007 -28"><span class='ocrx_word' id='word_1_416' title='bbox 273 5235 412 5296; x_wconf 64' lang='lat' dir='ltr'>tribueret·</span> <span class='ocrx_word' id='word_1_417' title='bbox 434 5235 569 5302; x_wconf 76' lang='lat' dir='ltr'>Potttost,</span> <span class='ocrx_word' id='word_1_418' title='bbox 590 5234 652 5303; x_wconf 64' lang='lat' dir='ltr'>aa.</span> <span class='ocrx_word' id='word_1_419' title='bbox 673 5241 766 5304; x_wconf 85' lang='grc'><strong><em>12363,</em></strong></span> <span class='ocrx_word' id='word_1_420' title='bbox 786 5253 855 5304; x_wconf 79' lang='lat' dir='ltr'>quae</span> <span class='ocrx_word' id='word_1_421' title='bbox 872 5253 909 5304; x_wconf 80' lang='lat' dir='ltr'>ep.</span> <span class='ocrx_word' id='word_1_422' title='bbox 928 5239 959 5291; x_wconf 80' lang='lat' dir='ltr'>in</span> <span class='ocrx_word' id='word_1_423' title='bbox 978 5239 1041 5308; x_wconf 66' lang='lat' dir='ltr'>Res.</span> <span class='ocrx_word' id='word_1_424' title='bbox 1061 5257 1116 5294; x_wconf 82' lang='lat' dir='ltr'>non</span> <span class='ocrx_word' id='word_1_425' title='bbox 1134 5247 1211 5296; x_wconf 67' lang='lat' dir='ltr'>artat.</span> <span class='ocrx_word' id='word_1_426' title='bbox 1250 5242 1378 5312; x_wconf 69' lang='lat' dir='ltr'>Rmcrpo</span> <span class='ocrx_word' id='word_1_427' title='bbox 1395 5259 1451 5297; x_wconf 76' lang='lat' dir='ltr'>noa</span> <span class='ocrx_word' id='word_1_428' title='bbox 1468 5248 1531 5297; x_wconf 72' lang='lat' dir='ltr'>crate</span> <span class='ocrx_word' id='word_1_429' title='bbox 1542 5243 1650 5297; x_wconf 72' lang='lat' dir='ltr'>initium</span> <span class='ocrx_word' id='word_1_430' title='bbox 1662 5260 1687 5297; x_wconf 83' lang='lat' dir='ltr'>a.</span> <span class='ocrx_word' id='word_1_431' title='bbox 1701 5249 1767 5298; x_wconf 78' lang='grc'><strong><em>1247</em></strong></span> <span class='ocrx_word' id='word_1_432' title='bbox 1781 5259 1843 5298; x_wconf 70' lang='lat' dir='ltr'>m</span> <span class='ocrx_word' id='word_1_433' title='bbox 1856 5263 1939 5315; x_wconf 78' lang='lat' dir='ltr'>popa</span> 
     </span>
     <span class='ocr_line' id='line_1_44' title="bbox 269 5321 1946 5410; baseline 0.007 -36"><span class='ocrx_word' id='word_1_434' title='bbox 269 5322 348 5410; x_wconf 69' lang='lat' dir='ltr'>plm</span> <span class='ocrx_word' id='word_1_435' title='bbox 363 5322 548 5376; x_wconf 63' lang='lat' dir='ltr'>reconciliatus</span> <span class='ocrx_word' id='word_1_436' title='bbox 565 5321 650 5389; x_wconf 68' lang='lat' dir='ltr'>sumre</span> <span class='ocrx_word' id='word_1_437' title='bbox 667 5321 775 5376; x_wconf 72' lang='lat' dir='ltr'>riddur.</span> <span class='ocrx_word' id='word_1_438' title='bbox 814 5324 936 5378; x_wconf 66' lang='lat' dir='ltr'>Pmmcra</span> <span class='ocrx_word' id='word_1_439' title='bbox 947 5328 1103 5394; x_wconf 73' lang='lat' dir='ltr'>proticisci</span> <span class='ocrx_word' id='word_1_440' title='bbox 1120 5347 1139 5380; x_wconf 86' lang='lat' dir='ltr'>a</span> <span class='ocrx_word' id='word_1_441' title='bbox 1152 5345 1227 5398; x_wconf 80' lang='lat' dir='ltr'>popo</span> <span class='ocrx_word' id='word_1_442' title='bbox 1245 5330 1389 5398; x_wconf 72' lang='lat' dir='ltr'>impensam</span> <span class='ocrx_word' id='word_1_443' title='bbox 1406 5332 1437 5384; x_wconf 79' lang='lat' dir='ltr'>in</span> <span class='ocrx_word' id='word_1_444' title='bbox 1454 5347 1493 5400; x_wconf 82' lang='lat' dir='ltr'>cp.</span> <span class='ocrx_word' id='word_1_445' title='bbox 1511 5336 1627 5398; x_wconf 60' lang='grc'><strong><em>(11247,</em></strong></span> <span class='ocrx_word' id='word_1_446' title='bbox 1646 5329 1717 5383; x_wconf 71' lang='lat' dir='ltr'>Mat.</span> <span class='ocrx_word' id='word_1_447' title='bbox 1737 5337 1753 5384; x_wconf 74' lang='lat'><em>7</em></span> <span class='ocrx_word' id='word_1_448' title='bbox 1772 5333 1946 5400; x_wconf 62' lang='lat' dir='ltr'>minus,-</span> 
     </span>
     <span class='ocr_line' id='line_1_45' title="bbox 269 5408 1942 5489; baseline 0.009 -29"><span class='ocrx_word' id='word_1_449' title='bbox 269 5424 298 5474; x_wconf 79' lang='lat' dir='ltr'>p.</span> <span class='ocrx_word' id='word_1_450' title='bbox 311 5413 365 5475; x_wconf 79' lang='grc'><strong><em>259,</em></strong></span> <span class='ocrx_word' id='word_1_451' title='bbox 384 5408 430 5462; x_wconf 80' lang='lat' dir='ltr'>lio.</span> <span class='ocrx_word' id='word_1_452' title='bbox 443 5417 474 5474; x_wconf 86' lang='grc'>4,·</span> <span class='ocrx_word' id='word_1_453' title='bbox 491 5409 702 5475; x_wconf 58' lang='lat' dir='ltr'>ctetiamocrba</span> <span class='ocrx_word' id='word_1_454' title='bbox 719 5425 755 5478; x_wconf 77' lang='lat' dir='ltr'>cp.</span> <span class='ocrx_word' id='word_1_455' title='bbox 773 5416 864 5465; x_wconf 65' lang='lat' dir='ltr'>ctat.</span> <span class='ocrx_word' id='word_1_456' title='bbox 938 5414 1076 5484; x_wconf 72' lang='lat' dir='ltr'>‘llloiyay</span> <span class='ocrx_word' id='word_1_457' title='bbox 1092 5432 1178 5471; x_wconf 81' lang='lat' dir='ltr'>emer.</span> <span class='ocrx_word' id='word_1_458' title='bbox 1197 5417 1245 5472; x_wconf 78' lang='lat' dir='ltr'>cir.</span> <span class='ocrx_word' id='word_1_459' title='bbox 1265 5417 1339 5471; x_wconf 69' lang='lat' dir='ltr'>Scias.</span> <span class='ocrx_word' id='word_1_460' title='bbox 1409 5418 1436 5482; x_wconf 81' lang='lat'>3)</span> <span class='ocrx_word' id='word_1_461' title='bbox 1456 5417 1500 5471; x_wconf 82' lang='lat' dir='ltr'>Dc</span> <span class='ocrx_word' id='word_1_462' title='bbox 1515 5417 1565 5472; x_wconf 83' lang='lat' dir='ltr'>boc</span> <span class='ocrx_word' id='word_1_463' title='bbox 1582 5416 1616 5485; x_wconf 67' lang='grc' dir='ltr'>σί.</span> <span class='ocrx_word' id='word_1_464' title='bbox 1633 5416 1713 5471; x_wconf 66' lang='grc' dir='ltr'>ἀίω</span> <span class='ocrx_word' id='word_1_465' title='bbox 1736 5416 1841 5489; x_wconf 71' lang='lat' dir='ltr'>Remu·</span> <span class='ocrx_word' id='word_1_466' title='bbox 1860 5424 1942 5487; x_wconf 72' lang='lat'>2223,</span> 
     </span>
     <span class='ocr_line' id='line_1_46' title="bbox 275 5492 1940 5573; baseline 0.01 -26"><span class='ocrx_word' id='word_1_467' title='bbox 275 5492 409 5561; x_wconf 84' lang='lat' dir='ltr'>Potttcst,</span> <span class='ocrx_word' id='word_1_468' title='bbox 429 5494 492 5573; x_wconf 68' lang='lat' dir='ltr'>lisy.</span> <span class='ocrx_word' id='word_1_469' title='bbox 506 5503 593 5551; x_wconf 78' lang='lat'>12216.</span> <span class='ocrx_word' id='word_1_470' title='bbox 663 5497 691 5564; x_wconf 82' lang='grc'>4)</span> <span class='ocrx_word' id='word_1_471' title='bbox 711 5496 812 5566; x_wconf 74' lang='lat' dir='ltr'>Berpcr</span> <span class='ocrx_word' id='word_1_472' title='bbox 824 5503 904 5561; x_wconf 66' lang='lat'>199&amp;</span> <span class='ocrx_word' id='word_1_473' title='bbox 918 5498 1049 5568; x_wconf 79' lang='lat' dir='ltr'>Potttoat,</span> <span class='ocrx_word' id='word_1_474' title='bbox 1064 5500 1128 5570; x_wconf 71' lang='lat' dir='ltr'>ltro.</span> <span class='ocrx_word' id='word_1_475' title='bbox 1144 5508 1234 5570; x_wconf 83' lang='grc'><strong><em>12208,</em></strong></span> <span class='ocrx_word' id='word_1_476' title='bbox 1252 5519 1322 5571; x_wconf 76' lang='lat' dir='ltr'>quae</span> <span class='ocrx_word' id='word_1_477' title='bbox 1338 5517 1377 5572; x_wconf 82' lang='lat' dir='ltr'>ep.</span> <span class='ocrx_word' id='word_1_478' title='bbox 1385 5503 1517 5572; x_wconf 65' lang='lat' dir='ltr'>pleri-rw</span> <span class='ocrx_word' id='word_1_479' title='bbox 1528 5503 1594 5558; x_wconf 81' lang='lat' dir='ltr'>locis</span> <span class='ocrx_word' id='word_1_480' title='bbox 1608 5518 1707 5559; x_wconf 63' lang='lat' dir='ltr'>cuna</span> <span class='ocrx_word' id='word_1_481' title='bbox 1719 5504 1940 5563; x_wconf 61' lang='lat' dir='ltr'>rtem</span> 
     </span>
     <span class='ocr_line' id='line_1_47' title="bbox 272 5579 1940 5663; baseline 0.011 -31"><span class='ocrx_word' id='word_1_482' title='bbox 272 5579 1139 5656; x_wconf 70' lang='lat' dir='ltr'>b)E‹rdeinrticpcpoino9ictmnetprioremprooiaciolcm</span> <span class='ocrx_word' id='word_1_483' title='bbox 1165 5588 1940 5663; x_wconf 55' lang='lat' dir='ltr'>emmimstadammdckw</span> 
     </span>
     <span class='ocr_line' id='line_1_48' title="bbox 273 5666 934 5739; baseline 0.012 -19"><span class='ocrx_word' id='word_1_484' title='bbox 273 5666 393 5720; x_wconf 81' lang='lat' dir='ltr'>certiores</span> <span class='ocrx_word' id='word_1_485' title='bbox 407 5667 482 5735; x_wconf 71' lang='lat' dir='ltr'>fecit,</span> <span class='ocrx_word' id='word_1_486' title='bbox 500 5669 599 5739; x_wconf 69' lang='lat' dir='ltr'>mma</span> <span class='ocrx_word' id='word_1_487' title='bbox 615 5677 698 5738; x_wconf 79' lang='grc' dir='ltr'>279οῑ</span> <span class='ocrx_word' id='word_1_488' title='bbox 714 5669 749 5737; x_wconf 73' lang='grc' dir='ltr'>σι’.</span> <span class='ocrx_word' id='word_1_489' title='bbox 767 5672 848 5727; x_wconf 69' lang='lat' dir='ltr'>dmm</span> <span class='ocrx_word' id='word_1_490' title='bbox 865 5679 934 5730; x_wconf 68' lang='lat'>3155.</span> 
     </span>
    </p>
   </div>
   <div class='ocr_carea' id='block_1_16' title="bbox 0 0 2177 6228">
    <p class='ocr_par' dir='ltr' id='par_1_17' title="bbox 0 0 2177 6228">
     <span class='ocr_line' id='line_1_49' title="bbox 0 0 2177 6228; baseline 0 0"><span class='ocrx_word' id='word_1_491' title='bbox 0 0 2177 6228; x_wconf 95' lang='lat' dir='ltr'> </span> 
     </span>
    </p>
   </div>
  </div>
 </body>
</html>
