4328 6232
271 347 334 410 272
831 341 880 397 EX
898 341 1117 398 Innocuurll
1134 343 1173 399 1v
1191 342 1372 400 auersum

271 523 380 583 autern
403 517 538 603 dignum
559 518 617 598 sit,
647 523 684 582 ut
706 516 795 581 bona
817 516 1059 582 transferantur
1085 541 1106 584 a
1127 518 1276 606 reprobis
1299 524 1333 585 et
1354 517 1396 584 ad
1418 539 1499 582 usus
1522 515 1734 581 laudabilium
1759 520 1930 581 transeant

269 642 500 706 personarum,
517 622 734 699 mandamus,
759 621 926 707 quatinus,
956 622 984 686 si
1006 622 1097 686 vobis
1121 623 1168 688 ita
1191 644 1265 689 esse
1289 622 1483 701 eonstiterit,
1506 619 1670 707 predictos
1694 617 1874 684 canonicos
1895 627 1929 685 et

269 732 413 791 rectores
443 726 592 790 omnibus
621 725 804 804 benefieiis,
835 745 898 811 que
925 725 966 790 ab
997 726 1114 792 eadem
1140 728 1238 814 plebe
1263 726 1429 805 obtinent,
1453 725 1486 789 in
1510 729 1707 811 perpetuum
1731 723 1927 788 auctoritate

270 836 381 895 nostra
397 832 574 917 privantes,
590 831 663 916 ipsa
679 831 829 917 personis
846 830 976 896 idoneis
992 832 1133 898 ecclesie
1151 831 1298 896 Romane
1318 830 1459 908 devotis,
1482 850 1543 914 per
1557 849 1640 914 quas
1655 826 1763 893 eidem
1780 826 1873 911 plebi
1894 833 1927 892 et

270 935 405 1021 capellis
420 936 524 1022 possit
539 935 674 1001 comode
688 936 859 1018 deserviri,
871 937 1068 1002 auctoritate
1081 936 1229 1023 predicta
1241 936 1367 1002 libero·
1389 935 1576 1015 conferatis,
1590 932 1853 999 contradictores
1864 937 1926 998 cte.

377 1057 455 1122 Dat.
478 1057 642 1146 Lugduni,
665 1057 729 1124 XV
752 1058 826 1124 Kal.
849 1058 946 1141 Iunii,
970 1080 1055 1125 anne
1077 1058 1159 1128 ΙΙΙΙ.
1236 1138 1238 1142 k

894 1305 1306 1315 ——--—————

1055 1517 1141 1589 369.

375 1609 593 1704 Irrrrcccatius
612 1639 668 1703 IV
683 1660 774 1722 papa
794 1637 925 1723 [Petro]
947 1639 1086 1719 episeopo
1112 1639 1294 1704 Morinensi
1315 1639 1438 1715 scribit,
1459 1637 1602 1703 scabinos
1628 1642 1658 1702 et
1687 1638 1923 1700 universitatem

266 1738 361 1803 uittae
391 1740 543 1823 Yprensis
564 1764 584 1806 a
606 1763 638 1806 se
657 1744 819 1824 petivisse,
841 1747 877 1805 ut
903 1764 973 1807 curn
999 1743 1034 1805 ia
1056 1743 1135 1807 ailla
1160 1764 1235 1822 sua,
1264 1744 1297 1807 ia
1322 1764 1385 1824 qua
1404 1743 1473 1826 fere
1494 1742 1628 1806 decorata
1650 1741 1744 1804 arilia
1766 1739 1924 1803 leunsinem

266 1847 501 1921 cerrrrrrereatrrr,
523 1848 672 1925 quattuor
694 1850 819 1910 tantum
840 1847 984 1911 eeclesiae
993 1846 1213 1926 parrochiales
1235 1847 1383 1924 existant,
1405 1866 1511 1909 eoram
1525 1864 1676 1908 naucerus
1690 1847 1924 1926 nugacitatem

267 1946 407 2024 umrrdat,
430 1952 465 2010 at
485 1947 523 2012 de
544 1947 602 2013 hae
623 1970 657 2013 rc
679 1953 707 2013 et
728 1949 766 2013 dc
788 1949 975 2031 qrrihasdam
997 1948 1074 2013 aliis
1093 1949 1333 2032 gravammibus
1355 1948 1508 2030 inquirat.
1575 1950 1669 2025 1247,
1683 1946 1769 2013 Mai.
1784 1951 1838 2012 22.

370 2064 435 2119 nn.
451 2065 501 2119 ιν
514 2066 576 2135 aa.
592 2066 649 2122 vor.
663 2067 688 2135 1,
705 2074 771 2135 aaa·
794 2067 854 2122 aa.
868 2068 921 2137 lv,
941 2076 995 2123 ιιι.
1045 2067 1143 2122 rasae
1168 2068 1302 2136 acum
1331 2067 1491 2122 marm
1519 2082 1580 2121 aa
1606 2065 1759 2136 ernam,
1787 2045 1950 2121 Annae

270 2151 374 2220 Yprors,
389 2170 419 2220 p.
437 2160 478 2219 49,
496 2153 544 2221 qai
562 2154 742 2208 autenticam
759 2153 790 2207 in
807 2154 912 2209 arduiso
936 2155 1051 2224 Ypranst
1067 2160 1249 2210 amaseam
1263 2154 1403 2224 proposuit
1420 2153 1485 2224 [AJ.

370 2239 501 2307 Paeana,
522 2240 585 2310 Rae.
606 2248 697 2308 esea·
715 2241 815 2311 Beryer
830 2248 902 2296 erra

804 2460 843 2477 ..
871 2405 1095 2497 episcopo
1128 2404 1391 2478 Morinensi.

372 2549 540 2637 Experto
563 2553 755 2618 dilectorum
778 2555 915 2619 filiorum
939 2555 1146 2620 scabinorum
1169 2561 1201 2619 et
1227 2553 1451 2618 universitatis
1475 2553 1551 2616 ville
1575 2552 1737 2638 Yprensis
1761 2551 1825 2615 luit
1847 2572 1919 2637 pro·

265 2655 407 2739 positum
437 2676 545 2719 eoram
574 2657 686 2734 nobis,
726 2658 812 2743 quod
840 2680 914 2722 eum
942 2660 975 2723 in
1002 2660 1080 2724 villa
1109 2660 1196 2744 ipsa,
1224 2659 1258 2722 in
1289 2678 1353 2743 qua
1384 2656 1452 2720 lere
1475 2655 1616 2720 ducenta
1638 2654 1730 2718 milia
1753 2653 1922 2718 hominurn

265 2764 507 2822 commorantur
519 2761 539 2838 ¹,
563 2768 704 2846 quatuor
726 2762 949 2846 parrochiales
966 2762 1102 2827 ecclesie
1127 2760 1352 2827 tantummodo
1376 2761 1442 2824 sint
1465 2765 1597 2839 statute,
1621 2778 1761 2844 quarum
1777 2756 1923 2821 canonici

266 2861 432 2944 regulares
455 2883 564 2927 euram
589 2863 737 2928 obtinent
761 2865 952 2941 animarum,
976 2867 1064 2929 etin
1086 2861 1693 2950 qualibetipsarumsoluscanonieus
1718 2860 1923 2925 consueverit

265 2971 474 3049 pernoctare,
504 2988 542 3030 ac
569 2989 628 3052 per
650 2967 710 3032 hoc
733 2968 831 3032 iidem
862 2969 895 3032 in
919 2969 1142 3055 spiritualibus
1171 2989 1235 3032 uon
1266 2967 1429 3031 modicum
1465 2966 1647 3031 sustineant
1679 2963 1922 3041 detrimentum,

266 3067 420 3152 petebant
444 3068 476 3132 in
494 3069 609 3134 eadem
633 3071 711 3136 villa
733 3078 801 3136 tam
816 3072 1029 3136 ecclesiarum
1045 3093 1141 3158 quarn
1158 3071 1346 3135 clericerum
1372 3090 1541 3134 numerum
1557 3068 1774 3156 augmentari.
1815 3066 1922 3154 Super

265 3169 459 3255 quibusdam
474 3173 574 3237 etiam
590 3175 834 3258 gravaminibus
857 3175 925 3239 sedi
942 3177 1121 3261 apostolice
1139 3183 1215 3240 snut
1232 3175 1414 3260 conquesti,
1431 3173 1585 3239 videlicet
1607 3171 1693 3258 quod
1717 3219 1725 3234 .
1744 3223 1752 3239 .
1776 3171 1923 3237 decanus

264 3274 512 3341 christianitatis
538 3284 571 3342 et
598 3285 743 3343 rectores
773 3280 987 3344 ecclesiarum
1011 3280 1072 3344 loci
1095 3278 1239 3344 ciusdem
1264 3279 1460 3343 Morinensis
1483 3277 1640 3358 diocesis,
1664 3296 1728 3363 quc
1752 3297 1815 3340 sua
1838 3283 1922 3355 sunt,

264 3398 328 3441 non
356 3398 419 3463 que
444 3379 521 3444 Iesu
546 3379 667 3445 Ohristi
696 3390 888 3467 querentes,
922 3385 950 3447 si
974 3384 1143 3468 contingat
1173 3383 1270 3447 simul
1301 3388 1334 3447 ct
1364 3382 1469 3447 semel
1496 3379 1617 3446 debere
1644 3381 1759 3466 plures
1791 3379 1922 3465 nuptias

263 3482 431 3562 celebrari,
455 3488 491 3547 ut
513 3485 623 3570 plures
647 3485 832 3551 oblationes
848 3493 1065 3573 extorqueant
1088 3487 1128 3552 ab
1152 3486 1287 3566 eisdem,
1310 3486 1372 3551 sub
1394 3485 1493 3550 nnius
1516 3485 1614 3549 misse
1637 3482 1862 3549 celebratione
1884 3504 1923 3547 ac

262 3605 328 3648 uno
351 3584 405 3651 die
429 3585 461 3650 id
484 3588 556 3652 lieri
579 3610 644 3653 nou
659 3591 862 3674 permittunt,
887 3599 920 3657 et
943 3592 971 3656 si
986 3592 1086 3676 aliqui
1103 3590 1305 3656 diversamm
1322 3591 1568 3677 parrochiarum
1585 3587 1687 3675 ipsius
1711 3586 1789 3651 ville
1806 3586 1918 3651 matri-

263 3688 449 3753 monialiter
478 3691 602 3756 vellent
632 3691 834 3758 adinvicem
858 3695 1021 3780 copulari,
1045 3715 1210 3780 nunquam
1234 3694 1346 3759 sinunt
1369 3692 1557 3758 huiusmodi
1576 3690 1823 3756 matrimonium
1846 3712 1922 3754 con·

263 3792 395 3869 sumari,
420 3792 481 3856 nisi
505 3794 661 3881 acceptab
686 3796 776 3882 prius
800 3818 819 3860 a
842 3798 987 3882 quelibet
1003 3798 1264 3863 contrahentium
1286 3798 1490 3863 oblationum
1513 3797 1645 3861 nomine
1668 3801 1760 3860 certa
1783 3794 1923 3880 pecunie

263 3897 456 3981 quantitate.
500 3896 595 3970 Quod
620 3901 647 3964 si
671 3906 737 3965 tres
755 3901 825 3966 dics
842 3901 976 3966 feriatos
993 3901 1232 3986 subsequenter
1248 3903 1380 3967 evenire
1396 3901 1565 3985 contingat
1587 3906 1620 3964 et
1643 3898 1758 3985 nuptie
1776 3896 1925 3962 debeant

262 3998 439 4078 celebrari,
476 4001 651 4086 prohibent
681 4006 842 4069 malitiose
871 4006 978 4070 banna
1007 4007 1039 4069 in
1071 4005 1196 4070 eisdem
1220 4005 1516 4092 sollempnitatibus
1547 4003 1650 4085 fieri²,
1680 4002 1745 4067 nisi
1774 4022 1835 4088 pro
1864 4021 1922 4065 sue

262 4100 353 4166 libito
371 4105 557 4183 veluntatis,
581 4107 614 4169 in
630 4108 805 4171 eomndem
822 4109 989 4173 hominum
1007 4109 1221 4195 preiudieium
1242 4116 1274 4173 et
1290 4130 1476 4194 gravamen.
1522 4107 1625 4172 [idem
1642 4126 1770 4192 quoquo
1787 4104 1920 4169 modurn

261 4206 397 4272 avaritie
430 4228 495 4273 non
528 4217 704 4294 ponentes,
737 4212 765 4276 si
793 4213 904 4296 plures
937 4212 1085 4277 homines
1120 4213 1215 4277 simul
1249 4213 1283 4277 in
1315 4212 1430 4278 eadem
1464 4212 1541 4277 villa
1570 4209 1746 4283 decedant,
1776 4207 1923 4293 ipserum

262 4331 397 4397 corpora
426 4334 489 4377 non
524 4315 716 4400 permittunt
749 4337 792 4379 ex
823 4336 924 4400 prava
952 4315 1112 4401 quadam⁰
1147 4317 1398 4397 consuetudine,
1426 4323 1463 4380 ut
1491 4337 1551 4402 pro
1580 4315 1725 4402 quelibet
1754 4314 1923 4387 offeratur,

263 4414 323 4478 sub
348 4415 443 4479 unius
472 4417 573 4482 misse
596 4419 814 4483 celebratione
846 4419 929 4484 tradi
954 4421 1179 4486 eeclesiastico
1202 4421 1385 4508 sepulture,
1413 4421 1446 4485 in
1473 4421 1655 4485 animarum
1677 4438 1812 4482 suarum
1836 4416 1923 4503 peri-

261 4518 370 4581 eulum
393 4525 426 4582 ct
448 4520 636 4585 scandalum
662 4523 884 4608 plurimorum.
930 4523 1088 4588 Pretcrea
1110 4523 1185 4588 dicti
1213 4524 1363 4588 homines
1386 4523 1536 4590 adhiberi
1559 4520 1752 4609 quibusdam
1775 4521 1922 4607 ipsorum

262 4623 509 4687 necessitatibus
548 4624 728 4690 remedium
767 4625 993 4712 postulabant,
1026 4628 1103 4713 qnia
1138 4649 1209 4692 cunr
1255 4627 1443 4693 molendina
1486 4627 1562 4692 ville
1595 4626 1755 4714 Yprensis
1798 4628 1921 4692 molere

262 4736 427 4813 nequeant
451 4730 520 4793 sine
537 4736 647 4810 vento,
671 4753 733 4818 que
757 4732 784 4795 si
800 4733 899 4796 etiarn
917 4731 1031 4797 diebus
1047 4732 1183 4816 singulis
1200 4739 1332 4797 ventum
1349 4732 1507 4797 haberent
1523 4731 1701 4818 propitium
1724 4728 1768 4795 ad
1793 4731 1921 4796 molen-

261 4830 354 4909 dum,
384 4832 440 4896 vix
464 4833 653 4898 sufficerent
674 4834 873 4899 multitudini
907 4835 1073 4900 hominum
1098 4835 1286 4916 eorundem,
1311 4837 1373 4901 eibi
1398 4836 1533 4900 concedi
1555 4836 1720 4922 petebant,
1744 4842 1782 4898 ut
1805 4834 1921 4900 liceret

263 4934 311 4998 eis
335 4936 475 5015 molere,
506 4936 774 5023 quandocumque
804 4945 922 5003 ventus
953 4946 1049 5025 aptus
1074 4940 1200 5004 venerit
1223 4937 1264 5004 ad
1288 4939 1486 5003 molendum.
1532 4938 1678 5013 Quodsi
1703 4938 1805 5003 etiarn
1828 4938 1920 5025 ipsos

263 5038 467 5122 contingeret
495 5059 554 5123 pro
584 5061 649 5103 une
680 5039 861 5126 codemque
889 5041 1009 5106 delicto
1040 5044 1386 5108 excommunicationis
1410 5045 1574 5109 sententia
1605 5040 1772 5124 innodari,
1804 5043 1925 5109 volunt

262 5140 303 5204 ad
321 5141 515 5205 solutionem
540 5141 636 5206 unius
660 5142 799 5207 amende
815 5144 1049 5225 tantummodo,
1073 5145 1099 5208 si
1124 5146 1264 5210 emenda
1287 5149 1426 5233 prestari
1442 5147 1573 5226 debeat,
1596 5146 1749 5232 obligari.
1780 5146 1835 5212 Ad
1858 5146 1920 5213 hee

364 5406 388 5465 ⁸)
406 5404 560 5455 auctoritate
577 5402 659 5455 libera
676 5402 710 5454 B.
814 5400 839 5468 b)
859 5412 960 5472 recepta
979 5404 1011 5455 A.
1116 5405 1139 5471 c)
1159 5424 1219 5473 qua.
1237 5425 1275 5475 pr.
1296 5409 1328 5460 A.

364 5535 391 5601 1)
411 5535 568 5603 Repu-iram
588 5536 1092 5604 eminatioaaarirailitarsatrarria
1112 5558 1152 5610 ep.
1175 5549 1279 5599 ra384.
1400 5540 1913 5617 tlfflmfflmnhub

260 5619 405 5688 ‘basam
423 5621 462 5675 ed.
481 5622 515 5677 L.
535 5621 625 5677 Fame
641 5629 659 5678 t
678 5624 745 5694 hp.
762 5630 817 5692 aut,
836 5624 883 5679 cel.
902 5632 923 5678 1.
