4328 6232
343 349 364 411 2
894 347 943 402 Ex
961 347 1179 403 Iunocsu'rn
1199 346 1237 400 lV
1256 345 1436 401 REGISTRO

202 535 328 587 sessis.
344 521 450 584 carnis
473 519 586 585 debito
608 522 756 585 censuali
779 520 821 584 ad
844 541 997 605 superos,
1020 529 1056 585 ut
1079 518 1257 599 credimus,
1280 524 1316 583 ut
1340 521 1481 584 introeat
1503 521 1536 583 in
1559 521 1724 605 potentias
1747 519 1896 593 Domini,
1920 539 1997 584 evo·

344 624 448 701 cato‘,
474 645 512 687 ac
536 624 618 704 eius,
640 629 677 686 ut
699 624 798 687 moris
822 631 882 697 est,
906 623 1056 709 exequiis
1079 625 1112 686 in
1135 625 1276 688 crastino
1300 623 1487 703 celebratis,
1510 631 1585 710 post
1601 624 1804 688 vacationem
1826 622 1997 699 diutinam,

344 748 407 812 que
439 729 581 812 peccatis
617 726 826 812 exigentibus
864 734 996 813 propter
1032 727 1191 791 malitiam
1232 728 1389 813 temporis
1423 728 1614 803 intervenit,
1648 726 1767 791 iratres
1798 725 1840 791 ad
1869 715 1998 792 trintum

344 831 541 915 subrogandi
572 831 713 915 pastoris
744 830 886 894 officium
912 831 1062 915 Anagnia
1092 832 1325 895 convenientes
1357 831 1388 894 in
1418 852 1534 907 unum,
1566 830 1697 894 tandem
1721 830 1862 917 Spiritus
1892 832 1998 895 sancti

344 935 450 1020 gratia
473 936 625 999 invocata
648 935 680 997 in
704 956 765 998 nos
788 934 994 1020 providentie
1019 956 1076 998 sue
1101 935 1213 998 oculos
1237 934 1434 1011 iniecerunt,
1464 933 1681 998 imbecillibus
1705 934 1849 998 humeris
1872 934 1997 999 fascem
2067 977 2072 989 ·

345 1038 426 1102 tanti
452 1040 560 1102 oneris
591 1040 758 1124 imponere
782 1038 988 1104 decernendo
999 1039 1023 1102 ².
1068 1039 1135 1103 Nos
1166 1046 1292 1110 autem,
1327 1047 1438 1103 nostre
1472 1039 1668 1103 infirmitatis
1701 1046 1735 1103 et
1766 1039 1998 1104 insufficientis

346 1141 484 1219 conscii,
517 1141 730 1206 vehementer
759 1143 952 1228 expavimus
984 1143 1043 1206 hoc
1075 1142 1201 1222 andito,
1226 1143 1313 1226 ‘quia
1336 1163 1428 1206 mens
1460 1142 1547 1227 cepit
1570 1143 1737 1226 refugere,
1769 1163 1825 1206 cor
1847 1150 1998 1219 tremere,

345 1244 473 1331 pondus
501 1242 706 1330 importabile
734 1245 933 1325 recusando,
965 1257 998 1311 et
1026 1246 1067 1309 ad
1101 1245 1307 1311 renitendum
1339 1246 1470 1309 omnino
1501 1244 1662 1331 disposuit
1691 1248 1769 1310 totis
1800 1247 2000 1311 affectibus·

347 1370 383 1414 se
407 1370 545 1414 armare.
577 1348 702 1412 Verum
726 1369 767 1413 ne
791 1348 917 1413 diutina
940 1349 1112 1415 reluctatio
1135 1350 1167 1414 in
1190 1350 1253 1413 hoc
1276 1350 1484 1435 tempestatis
1504 1349 1642 1412 articulo
1659 1349 1782 1434 aliquid
1798 1349 1997 1415 discriminis

345 1459 486 1540 pareret,
511 1472 583 1518 curn
606 1453 816 1518 temerarium
833 1452 1000 1517 videretur
1021 1453 1128 1517 divine
1152 1453 1358 1539 dispositioni
1372 1453 1504 1538 penitus
1520 1452 1665 1533 obviare,
1688 1452 1731 1516 ad
1753 1453 1843 1517 illum
1868 1461 1997 1519 nostros

203 1572 241 1615 ss,
252 1577 286 1624 so,
298 1577 331 1617 ss.
346 1557 458 1622 oculos
480 1557 680 1631 attollentes,
703 1557 758 1642 qui
781 1555 838 1621 dat
853 1557 942 1621 lasso
959 1558 1112 1621 virtutem
1129 1564 1162 1621 et
1177 1556 1315 1642 largitur
1329 1576 1467 1621 munera
1483 1557 1515 1621 in
1532 1578 1568 1621 se
1585 1553 1796 1642 sperantibus
1813 1555 1999 1636 affluenter,

345 1661 464 1744 quique
488 1667 633 1724 nostrum
657 1661 866 1726 considerans
891 1663 1134 1748 imperiectum,
1159 1684 1231 1725 cum
1256 1663 1298 1726 sit
1321 1661 1518 1726 sufficientia
1542 1662 1702 1739 omnium,
1734 1661 1999 1725 insufficientiam

346 1769 492 1827 nostram
516 1764 682 1849 supplebit
702 1786 761 1828 sne
778 1764 978 1829 abnndantia
994 1765 1166 1849 largitatis,
1189 1764 1297 1829 dando
1313 1765 1452 1850 gloriam
1469 1765 1591 1830 nomini
1608 1785 1667 1828 suo
1684 1785 1817 1849 magno,
1838 1765 2000 1828 vocationi

346 1866 455 1931 divine
489 1868 714 1931 consensimus
749 1876 782 1933 et
812 1869 936 1934 debiles
976 1870 1128 1934 humeros
1161 1869 1201 1933 de
1234 1891 1376 1956 superna
1411 1871 1529 1934 virtute
1569 1869 1681 1933 confisi
1715 1868 1924 1933 submisimus
1957 1867 1998 1932 ad

345 1969 541 2058 portandum
565 1971 646 2034 tanti
670 1971 822 2058 ponderis
845 1973 1041 2058 gravitatem
1054 1973 1077 2038 ³.

453 2072 523 2137 Vos
548 2075 676 2161 itaque,
705 2074 836 2152 iratres,
870 2076 923 2160 qui
947 2077 1028 2141 cstis
1053 2077 1094 2141 ad
1117 2076 1298 2141 custodiam
1323 2077 1433 2162 gregis
1457 2076 1620 2140 Dominici
1649 2075 1812 2162 deputati,
1846 2096 2001 2161 rogamus

190 2192 273 2235 cresc
285 2200 303 2244 ι,
314 2196 332 2235 s.
349 2178 505 2242 attentius
535 2186 568 2242 et
601 2177 768 2243 hortamur
799 2180 831 2243 in
865 2179 1020 2260 Domino,
1050 2229 1218 2244 ......
1247 2179 1397 2244 omnemb
1430 2201 1541 2244 curam
1575 2189 1609 2244 et
1637 2178 1888 2244 sollicitudinem
1923 2180 2001 2243 sub-

346 2280 525 2345 inferentes
549 2281 591 2345 ad
610 2281 816 2346 serviendum
840 2281 938 2367 digne
956 2282 1028 2348 Deo
1053 2305 1111 2369 per
1135 2283 1243 2347 omnia
1266 2290 1299 2346 et
1322 2282 1523 2368 implendum
1547 2284 1693 2368 legitime
1717 2284 1883 2370 pastorale
1904 2284 2001 2348 mini-

346 2384 493 2463 sterium,
518 2385 603 2469 quod
627 2385 823 2472 sumpsistis,
847 2387 1030 2451 ministrare
1054 2388 1087 2451 in
1110 2386 1173 2452 fide
1196 2387 1377 2467 virtutem⁰,
1401 2385 1506 2450 forma
1529 2386 1608 2451 facti
1630 2388 1740 2472 gregis
1765 2409 1808 2454 ex
1823 2388 1942 2466 animo,
1966 2394 2003 2450 ut

347 2508 420 2550 cum
450 2508 529 2552 oves
558 2509 615 2573 per
646 2509 773 2553 sacrum
804 2490 997 2573 profluvium
1028 2492 1094 2553 oris
1117 2491 1219 2554 vestri
1243 2512 1342 2575 aquas
1367 2489 1568 2555 haurierintd
1591 2490 1623 2553 in
1647 2491 1768 2575 gaudio
1790 2490 1832 2556 de
1855 2489 1999 2555 tontibus
2052 2503 2078 2542 ‘2⁰

191 2603 333 2653 fien·³⁰·³¹·
349 2591 528 2656 Salvatoris
545 2592 749 2677 viderintque
766 2594 876 2677 virgas
899 2602 1065 2680 pastorum
1090 2594 1245 2658 detractis
1269 2594 1444 2658 corticibus
1461 2594 1615 2658 vanitatis
1638 2601 1672 2658 et
1695 2595 1869 2680 voluptatis
1892 2594 2002 2658 divino

350 2694 492 2759 candore
516 2697 670 2774 nitentes,
693 2698 726 2760 in
750 2698 1025 2784 contemplatione
1049 2699 1193 2782 ipsarum
1210 2699 1402 2763 affectiones
1420 2698 1559 2762 mundas
1576 2699 1760 2785 concipiant
1774 2705 1808 2763 et
1822 2698 2002 2763 unicoloris

347 2798 434 2863 letus
457 2799 586 2885 pariant
609 2801 823 2877 masculinos,
848 2800 944 2886 digne
968 2801 1099 2865 Christo
1123 2801 1266 2880 domino,
1299 2809 1466 2887 pastorum
1490 2801 1643 2887 principi,
1668 2800 1882 2865 offerendos0.
1926 2800 2002 2864 Non

348 2903 484 2967 cessetis
515 2909 624 2967 autem
648 2924 707 2988 pro
731 2903 826 2968 nobis
850 2925 910 2989 per
932 2927 989 2969 vos
1013 2912 1205 2990 vestrosque
1234 2905 1400 2970 subiectos
1428 2905 1577 2970 assiduas
1605 2926 1721 2991 preces
1751 2904 1934 2985 effundere,
1966 2911 2003 2969 ut

349 3027 408 3070 sua
431 3007 605 3071 clementia
629 3005 670 3070 de
694 3008 773 3071 celis
798 3009 906 3074 mittat
929 3009 1022 3073 nobis
1042 3009 1234 3095 sapientiam
1259 3010 1455 3074 assistricem
1480 3010 1521 3074 ad
1545 3008 1726 3095 regendum
1749 3008 1884 3095 populos
1906 3006 2001 3071 nobis
2055 3020 2067 3058 ‘2

348 3109 548 3187 commissos,
574 3131 637 3195 que
654 3131 713 3174 nos
731 3110 848 3177 doceat
864 3133 938 3177 cum
953 3112 1095 3177 Domino
1112 3113 1252 3177 sollicite
1276 3112 1445 3178 ambulare
1468 3112 1507 3177 ac
1530 3111 1562 3176 id
1586 3133 1687 3196 agere
1710 3131 1819 3175 coram
1841 3130 1892 3190 ec,
1916 3108 2002 3195 quod

348 3235 433 3278 nunc
456 3212 519 3278 sibi
544 3221 578 3278 et
602 3215 688 3279 omni
711 3223 858 3303 tempore
882 3218 925 3280 sit
947 3224 1130 3302 acceptum,
1154 3224 1190 3279 ut
1212 3216 1253 3281 de
1276 3237 1336 3280 sua
1350 3216 1552 3302 plenitudine
1567 3216 1765 3300 accipientes
1781 3212 1885 3298 gratie
1901 3213 2002 3297 largi·

347 3324 463 3397 tatem,
496 3317 628 3403 dignam
651 3317 793 3383 Domino
816 3319 974 3383 rationem
998 3318 1039 3383 de
1064 3328 1219 3406 suscepto
1249 3320 1427 3383 ministerio
1454 3318 1592 3384 reddere
1614 3319 1794 3382 valeamus.
1839 3314 2002 3400 Flagitate

347 3422 482 3507 insuper
505 3419 697 3505 quotidiana
719 3423 885 3503 instantia,
912 3429 949 3486 ut
971 3444 1085 3508 pacem
1109 3424 1250 3488 ecclesie
1275 3445 1333 3488 suc
1357 3423 1479 3488 tribnat
1502 3428 1536 3488 et
1559 3421 1679 3509 populo
1704 3419 1903 3500 Christiano,
1925 3417 2001 3482 bar-

348 3524 492 3588 baricam
523 3523 647 3588 rabiem
679 3532 829 3589 conterat
856 3533 890 3587 et
921 3532 1054 3610 gentem
1086 3526 1243 3612 perfidam
1272 3527 1495 3612 paganorum⁴
1525 3525 1567 3589 de
1597 3523 1716 3588 finibus
1740 3522 2001 3588 Christianorum

348 3627 504 3713 depellat.
550 3625 620 3691 Nos
650 3628 736 3691 euim
766 3627 925 3693 honorare
954 3650 1011 3693 vos
1039 3628 1241 3715 disponimus
1272 3636 1306 3693 et
1334 3628 1473 3714 diligere
1498 3630 1588 3693 velut
1617 3629 1735 3692 fratres
1766 3632 1802 3691 et
1829 3627 1862 3691 in
1884 3625 2004 3691 vestris

349 3731 604 3796 necessitatibus
627 3730 718 3795 vobis
742 3731 860 3797 adesse
884 3739 994 3797 actore
1018 3732 1160 3797 Domino
1183 3734 1307 3797 utiliter
1330 3737 1364 3796 et
1387 3731 1557 3818 prodesse.
1603 3730 1775 3811 Ceterum,
1806 3750 1878 3794 cum
1901 3729 2004 3816 porti-

349 3842 437 3901 tores
453 3834 639 3900 huiusmodi
654 3836 835 3900 litterarum
853 3835 1016 3901 interdum
1033 3857 1107 3902 esse
1125 3836 1355 3901 consueverint
1371 3842 1555 3913 exactores,
1579 3836 1731 3899 volumus
1747 3840 1781 3898 et
1796 3832 2002 3906 mandamus,

348 3946 385 4003 ut
410 3940 506 4003 latori
534 3939 734 4023 presentium
756 3947 866 4023 preter
891 3940 1009 4003 victum
1033 3947 1080 4015 et,
1113 3941 1139 4003 si
1165 3961 1240 4005 eum
1269 3938 1424 4004 infirmari
1457 3940 1644 4023 contigerit,
1679 3937 1867 4003 necessaria
1897 3934 1998 4001 nichil

350 4043 480 4128 ponitus
504 4041 666 4120 tribuatis,
690 4062 762 4105 cum
786 4041 826 4105 de
849 4064 914 4107 nou
937 4042 1124 4128 recipiendo
1147 4044 1327 4128 prestiterit
1347 4043 1565 4106 iuramentum
1590 4047 1624 4106 ct
1647 4041 1729 4104 alias
1752 4061 1811 4126 pro
1833 4038 1945 4104 labore
1968 4046 2003 4104 et

351 4147 506 4232 expensis
530 4145 591 4210 sibi
615 4165 757 4230 congrue
783 4145 954 4211 satisfiat⁶.

459 4248 536 4314 Dat.
553 4247 716 4334 Anagnia,
733 4248 782 4312 VI
805 4247 890 4314 Non.
915 4249 1001 4329 Iulii,
1024 4250 1231 4335 pontificatus
1254 4253 1355 4315 nostri
1381 4271 1466 4316 anno
1489 4251 1606 4335 primo.

459 4352 496 4416 In
519 4351 660 4417 eundem
683 4351 815 4418 modum
839 4402 846 4417 .
872 4403 879 4416 .
902 4352 1035 4418 abbati⁰
1058 4362 1091 4420 et
1114 4356 1289 4420 conventui
1312 4352 1601 4420 (listerciensibus.

458 4455 496 4520 In
520 4455 660 4521 eundem
684 4455 815 4521 modum
840 4505 848 4521 .
873 4505 880 4520 .
905 4457 1072 4523 abbatisse
1097 4466 1130 4524 et
1153 4460 1327 4524 conventui
1349 4457 1537 4523 monasterii
1561 4456 1719 4521 lotrensis
1734 4457 1756 4519 ⁷.

459 4558 497 4623 In
521 4559 662 4624 eundem
687 4559 818 4625 modum
842 4612 849 4626 .
875 4610 882 4625 .
906 4562 977 4647 regi
1002 4562 1146 4627 Castelle
1169 4570 1203 4628 et
1225 4563 1381 4648 Legionis
1391 4563 1415 4628 ⁸.

458 4663 496 4727 In
530 4663 670 4729 eundem
706 4665 836 4729 modum
867 4715 905 4731 ..
936 4667 1108 4753 potestati,
1146 4667 1281 4731 consilio
1313 4672 1347 4732 et
1382 4667 1503 4752 populo
1531 4662 1850 4730 Mediolanensium'
1881 4683 2003 4747 usquc:

351 4768 433 4833 tanti
456 4765 611 4852 ponderis
634 4767 841 4852 gravitatem.
895 4768 1039 4854 Ideoque
1068 4769 1315 4835 universitatem
1339 4777 1481 4835 vestram
1511 4788 1663 4855 rogemus
1692 4767 1849 4831 attentius
1871 4773 1905 4830 et
1927 4766 2004 4831 hor-

351 4877 467 4945 tamur,
491 4890 551 4954 per
568 4869 749 4954 apostolica
764 4871 857 4934 vobis
874 4872 996 4956 scripta
1010 4869 1213 4952 mandantes,
1237 4874 1390 4959 quatinus
1413 4874 1496 4938 sicut
1510 4872 1568 4936 filii
1584 4870 1822 4937 benedictionis
1845 4875 1878 4935 et
1900 4871 2006 4954 gratio

453 5113 478 5179 Ι)
496 5113 533 5164 ita
552 5112 599 5174 1).,·
621 5114 755 5165 effectibus
775 5113 857 5181 Rapis.
947 5112 972 5180 b)
991 5116 1101 5167 Domino
1118 5134 1218 5168 omnem
1232 5117 1303 5183 Κεφ,
1327 5126 1355 5167 ut
1374 5116 1402 5167 V.
1417 5117 1454 5169 Gi.
1469 5117 1500 5166 s.
1513 5115 1588 5177 Μιιιι,
1606 5118 1650 5183 qui
1666 5117 1742 5167 etiam
1760 5115 1913 5182 corripemta
1931 5115 2006 5177 infra

350 5202 479 5268 sequentia
492 5202 621 5277 praebuit,
642 5201 714 5252 nobis
732 5202 937 5262 cornmuoicasit;
961 5202 1046 5254 &crac
1064 5204 1161 5269 aliquot
1178 5205 1256 5255 cerba
1273 5213 1390 5271 apparet.
1475 5201 1498 5265 ο)
1518 5203 1643 5253 virtutum
1656 5200 1741 5268 Rapis.
1827 5199 1852 5266 d)
1872 5201 2005 5256 hauserint
2072 5239 2076 5247 .

351 5286 436 5353 Rapis.
507 5287 529 5351 θ)
549 5287 692 5339 offerendas
704 5286 789 5354 liegii.

456 5406 481 5471 1)
500 5405 556 5458 Hic
574 5423 599 5460 c.
614 5413 682 5472 1241,
702 5404 756 5461 Oct.
770 5411 800 5460 26
819 5407 922 5472 clectus,
945 5405 1014 5460 Nor.
1030 5415 1061 5461 ro
1077 5424 1134 5461 soa
1157 5413 1326 5462 mmmmm
1348 5413 1472 5462 sirmium
1492 5411 1544 5472 cst,·
1571 5423 1655 5475 sscqsm
1678 5407 1777 5460 bisllom
1800 5405 1896 5460 habuit
1921 5422 2007 5475 acque

350 5496 455 5560 repento
471 5491 596 5558 reliquit·
614 5491 646 5555 ch
661 5491 793 5559 Pottluzst,
813 5492 878 5562 qu.
889 5510 916 5561 p.
931 5500 988 5546 940.
1065 5494 1093 5560 2)
1112 5512 1137 5547 α.
1153 5501 1223 5561 1243,
1242 5494 1305 5547 Isin.
1319 5501 1351 5548 25
1369 5494 1466 5547 cintus
1484 5498 1529 5545 cst.
1606 5494 1633 5557 3)
1647 5493 1708 5545 Isin.
1721 5500 1754 5545 28
1772 5497 1944 5545 consecratus
1961 5499 2007 5547 cst.

351 5578 379 5644 4)
399 5578 464 5632 Scit.
481 5577 664 5632 Tortcrorum.
739 5581 766 5646 5)
785 5580 888 5635 Sissilis
905 5579 1032 5634 inhibitio
1049 5599 1094 5649 cp.
1108 5581 1211 5650 Bsrpcr
1223 5588 1262 5636 43.
1339 5585 1366 5648 6)
1387 5578 1532 5634 Gnillclmo
1544 5577 1600 5632 ΙΙΙ.
1672 5578 1698 5646 i)
1718 5579 1833 5636 locam
1850 5595 1885 5635 ex
1901 5595 1940 5636 or.
1958 5579 2007 5632 sic.

354 5663 503 5718 Melitensis
517 5679 602 5732 prope
616 5663 783 5718 Memorium.
852 5667 880 5735 8)
902 5664 1083 5721 Fcrdioando
1095 5664 1150 5721 ΙΙΙ.
1220 5667 1248 5737 u)
1273 5666 1301 5720 V.
1313 5682 1406 5737 siqua.
2056 5678 2084 5721 to
