4790 6340
863 399 1062 456 EPISTOLAE
1080 403 1269 458 SELECTAB.
1308 404 1380 458 latr.
1880 406 1939 468 3ll

296 571 357 636 bus
393 571 579 636 huiusmodi
613 572 785 658 privilegia
819 575 991 639 restituant
1025 585 1061 640 ut
1090 585 1258 658 tenentur,
1288 576 1463 642 monitione
1494 574 1655 662 premissa
1684 597 1740 663 per
1774 597 1943 642 censuram

297 675 554 740 ecclesiasticam
579 676 794 762 appellatione
818 685 941 744 remota
964 681 1085 746 iustitia
1108 682 1272 748 mediante
1297 680 1485 767 compellas.

398 795 476 861 Dat.
499 795 662 885 Lugduni,
686 796 738 862 III
760 797 843 866 Non.
868 798 958 887 Sept.
982 821 1066 866 anno
1084 801 1143 868 V‘t

920 1029 961 1034 ——-
1015 1031 1028 1036 -
1052 1031 1126 1038 ..u-
1143 1033 1324 1044 -—-.—·—...-

1080 1225 1167 1298 4⁶28.

403 1333 620 1427 Innocentius
642 1361 700 1427 IV
706 1383 794 1446 parra
820 1363 947 1448 P[elro]
970 1364 1081 1429 Sancti
1111 1365 1240 1447 Gecryii
1267 1365 1311 1428 cul
1331 1365 1435 1430 Volunt
1458 1365 1599 1430 Aureum
1621 1365 1751 1428 diacono
1778 1361 1946 1439 cardinali,

232 1492 243 1530 a
299 1467 484 1547 apostolicae
506 1465 589 1530 sadis
612 1466 718 1548 lupulo,
741 1467 880 1546 inundat,
904 1461 1037 1544 ut'iunr,
1061 1490 1150 1550 quarn
1174 1470 1207 1531 ia
1231 1491 1329 1551 rapam
1344 1469 1558 1534 Ronlanorum
1576 1469 1752 1554 pronrouori
1774 1467 1943 1548 conticerit,

298 1571 436 1647 inducat,
459 1575 495 1634 ut
512 1569 723 1656 [Hernicum]
745 1573 918 1654 episcopum
935 1571 1194 1654 Barnlcrpcuscna
1217 1575 1251 1635 in
1268 1571 1372 1657 officio
1387 1574 1595 1638 cancellariae
1610 1573 1735 1654 imperii
1754 1594 1773 1634 a
1790 1563 1947 1652 qnondam

297 1672 435 1738 Haurico
456 1695 525 1756 roae
547 1675 576 1740 ei
597 1676 756 1740 comm-isso
773 1695 958 1756 peruranore
975 1677 1147 1759 pannittat.
1605 1679 1697 1752 1247,
1721 1676 1806 1755 Sept.
1829 1679 1859 1738 4.

404 1793 469 1846 Ina.
483 1792 531 1846 IV
545 1793 609 1862 aa.
628 1793 681 1847 Vcl.
695 1793 720 1862 I,
739 1802 803 1858 460;
822 1795 882 1850 In'lr.
900 1796 930 1864 V,
944 1803 998 1852 185.

411 1877 606 1947 ll'inltclmonn,
627 1878 760 1934 Sinluclre
775 1881 835 1934 und
848 1883 945 1951 papea
964 1881 1247 1953 Koualcicrdnunpcn,
1262 1901 1290 1952 p.
1305 1891 1355 1951 35;
1373 1885 1472 1954 Berpar
1483 1889 1555 1939 3234.

222 2097 247 2135 1⁰
422 2057 462 2132 Ρ.
492 2059 648 2132 Sancti
677 2059 856 2153 Georgii
883 2063 937 2136 ad
957 2063 1105 2136 Velum
1132 2063 1328 2137 Aureum
1356 2064 1549 2138 diacono
1577 2060 1825 2149 cardinali,

822 2183 1070 2275 apostolice
1099 2185 1232 2258 sedis
1259 2184 1421 2276 legato.

400 2329 584 2395 Attendeus
602 2333 689 2396 clare
706 2333 862 2397 memorie
875 2333 1041 2398 Heuricus
1056 2357 1115 2398 rex
1129 2333 1351 2400 Romanorum
1366 2333 1587 2399 venerabilem
1603 2333 1734 2397 iratrern
1749 2339 1894 2396 nostrum
1913 2383 1920 2398 .
1938 2380 1945 2395 .

298 2433 488 2519 episcopum
512 2434 821 2521 Bambergensern¹,
845 2443 958 2523 utpote
982 2433 1083 2502 niulte
1106 2439 1407 2526 circumspectionis
1436 2443 1468 2502 et
1490 2437 1663 2522 probitatis
1687 2436 1809 2513 virum,
1832 2437 1945 2500 utilem

299 2557 370 2600 esse
399 2536 440 2600 ad
466 2538 662 2604 cancellarie
691 2541 819 2627 imperii
847 2541 989 2605 officium
1020 2541 1255 2622 exercendum,
1284 2564 1322 2606 ac
1353 2562 1418 2606 non
1441 2561 1538 2628 posse
1565 2561 1624 2626 per
1646 2539 1744 2603 alium
1768 2559 1865 2624 quam
1888 2560 1947 2626 per

221 2665 244 2704 n
299 2662 374 2705 eum
397 2641 477 2705 illud
498 2643 615 2706 melius
638 2649 672 2708 et
695 2645 807 2708 utilius
831 2646 989 2725 exerceri,
1007 2645 1147 2710 eundern
1164 2647 1395 2711 cancellarium
1419 2665 1512 2708 suum
1529 2643 1696 2708 coustituit
1720 2649 1753 2708 et
1775 2643 1815 2708 de
1839 2641 1945 2707 officio

296 2743 462 2807 investivit
485 2744 638 2821 eademi,
665 2749 750 2812 siout
777 2748 863 2812 dioto
891 2749 1043 2837 episcopo
1075 2750 1168 2814 uobis
1197 2751 1336 2815 innotuit
1367 2755 1563 2834 exponente.
1610 2745 1691 2810 Oum
1714 2753 1840 2824 autem,
1864 2746 1947 2810 sicut

297 2847 430 2928 asserit,
458 2848 502 2928 is,
533 2851 585 2913 cui
608 2850 794 2915 huiusmodi
819 2853 1009 2918 conceditur
1032 2852 1195 2932 officium,
1223 2853 1342 2918 debeat
1374 2852 1453 2917 illud
1477 2873 1592 2936 gerere
1617 2859 1764 2936 tempore
1788 2851 1853 2914 rite
1877 2870 1945 2928 sue,

298 2959 468 3036 sperantes
491 2973 549 3017 nos
573 2954 671 3018 etiarn
695 2953 736 3018 ad
759 2956 864 3041 ipsum
889 2977 960 3022 esse
983 2957 1097 3020 utilem
1121 2958 1308 3043 episcopum
1332 2963 1558 3035 memoratum,
1575 2954 1778 3031 mandamus,
1794 2953 1946 3038 quatinus

299 3054 399 3135 illum,
423 3077 520 3141 quem
543 3059 575 3121 in
599 3079 709 3143 regern
732 3061 906 3144 contigerit
928 3061 1025 3126 dante
1042 3060 1183 3125 Domino
1199 3062 1394 3148 promoveri,
1412 3079 1544 3124 moneas
1566 3059 1723 3124 attentius
1747 3065 1779 3122 et
1802 3056 1946 3133 inducas,

220 3183 247 3222 ao
299 3164 334 3221 ut
356 3159 437 3223 nulli
466 3161 521 3225 alii
549 3162 690 3226 officium
720 3162 902 3248 predictum
927 3164 1097 3234 concedat.
1122 3166 1180 3230 sed
1208 3167 1241 3229 in
1269 3186 1308 3229 eo
1342 3165 1510 3250 permittat
1533 3165 1637 3251 ipsum
1661 3162 1849 3247 episcopum
1872 3180 1947 3246 per-

299 3281 428 3325 manere
439 3263 460 3326 ³.

402 3381 480 3448 Dat.
503 3384 664 3469 Lugduni,
687 3385 721 3449 II
744 3387 827 3452 Non.
853 3388 942 3475 Sept.
967 3409 1052 3454 anno
1068 3387 1123 3453 V⁰.

1080 3809 1167 3884 429.

406 3917 625 4012 Innocentius
647 3948 703 4012 IV
714 3971 803 4032 papa
825 3949 954 4034 P[atro]
977 3949 1089 4016 Sancti
1113 3949 1242 4032 Georpii
1266 3949 1310 4014 ad
1330 3947 1437 4014 Valurn
1459 3949 1601 4013 Aureum
1629 3946 1759 4010 (lucano
1780 3944 1947 4023 cardinali,

300 4051 485 4130 apostolicae
514 4053 596 4118 sodis
625 4055 735 4137 lopato,
764 4053 909 4130 maridat,
939 4057 975 4116 ut
1000 4055 1184 4136 rnapistrum
1210 4053 1389 4121 Conrudurn
1415 4051 1564 4117 decanum
1593 4051 1820 4134 Mapuutiuum
1847 4047 1947 4128 capal-

223 4186 248 4225 u
302 4155 412 4219 lanum
445 4175 536 4220 suurn
569 4159 605 4221 in
636 4159 810 4242 omscopunr
838 4155 1097 4222 Worncaciensem
1129 4158 1255 4220 elect-arn
1285 4157 1427 4222 ecclesiae
1448 4155 1671 4222 Wornratiansi
1705 4155 1740 4216 iu
1774 4153 1947 4234 episcopum

293 4260 470 4340 Jnoaficiat.
504 4298 545 4307 —
576 4260 689 4324 Eidem
716 4261 859 4338 mandat,
889 4264 925 4324 ut
957 4260 1101 4326 Conrado
1131 4261 1287 4324 retinendi
1318 4281 1387 4324 cunc
1416 4261 1593 4342 apuacopatu
1625 4257 1792 4340 dipuilates
1824 4259 1853 4319 ct
1879 4254 1947 4318 alia

300 4361 446 4443 beneficia
470 4383 530 4428 sna
552 4384 649 4444 usqua
672 4363 715 4427 acl
737 4364 961 4446 beneplacitum
982 4365 1183 4444 apostolicum
1202 4363 1389 4450 facultatem
1411 4363 1563 4428 concedat,

404 4482 469 4536 Inn.
490 4483 537 4536 IV
546 4483 611 4554 Ray.
631 4483 712 4552 VolI,
726 4491 786 4548 461,
804 4483 865 4540 Iao.
885 4484 915 4553 V,
931 4492 980 4539 192
996 4489 1020 4538 at
1039 4491 1092 4540 193.
1583 4467 1676 4542 1247,
1699 4463 1783 4544 Sept.
1809 4467 1860 4529 Π·

403 4569 502 4639 Bauer
518 4575 585 4625 san
603 4575 626 4623 a
644 4576 722 4625 aare.

1113 4691 1139 4758 Ι.

222 4849 248 4888 ³0
423 4819 464 4892 P.
492 4820 645 4893 Sancti
673 4819 857 4912 Georgii
883 4820 936 4893 ad
955 4820 1105 4892 Velurn
1132 4819 1336 4892 Aureum
1364 4819 1553 4892 diacono
1581 4816 1823 4904 cardinali,

831 4941 1077 5033 apostolice
1106 4940 1231 5014 sedis
1258 4941 1419 5032 legato.

403 5089 476 5154 Etsi
505 5089 545 5154 de
573 5092 715 5154 omnium
744 5111 854 5154 sumus
885 5092 1096 5156 ecclesiarum
1120 5091 1303 5178 provisione
1327 5091 1473 5170 solliciti,
1497 5089 1537 5153 de
1561 5089 1710 5154 ecclesiis
1732 5095 1843 5151 tamen
1865 5086 1945 5150 Ala-

301 5194 431 5258 mannia
457 5196 650 5280 propensior
685 5215 744 5258 nos
779 5215 856 5259 cura
887 5201 1054 5281 perurget,
1084 5201 1121 5258 ut
1149 5193 1190 5258 ad
1218 5215 1274 5259 eas
1306 5194 1368 5260 hoc
1397 5202 1542 5280 ternpore
1565 5198 1818 5279 promoveantur
1839 5190 1948 5255 idonei

301 5303 334 5360 ot
356 5295 473 5361 devoti.
519 5297 601 5362 Oum
624 5299 732 5384 igitur,
754 5297 837 5362 sicut
860 5319 902 5363 ex
924 5305 1017 5383 parte
1042 5299 1233 5363 dilectorum
1256 5299 1394 5364 filiorum
1419 5347 1454 5364 ..
1477 5297 1645 5385 prepositi,
1662 5295 1777 5360 decani
1801 5300 1834 5358 et
1858 5295 1945 5380 capi-

222 5539 246 5576 as
404 5527 428 5590 1]
452 5525 494 5578 Dc
511 5524 558 5576 lcoc
574 5523 606 5588 cf.
619 5539 646 5575 n.
667 5530 725 5578 275.
833 5525 860 5589 ‘tl
880 5521 928 5574 En
944 5522 985 5574 tria
1001 5522 1118 5590 carnique
1136 5521 1369 5589 Battara-Fictor,
1388 5523 1404 5576 l.
1423 5538 1444 5576 c.
1462 5519 1558 5576 added.
1673 5520 1700 5586 3)
1719 5518 1761 5572 Ac
1778 5517 1857 5571 initio
1874 5519 1947 5585 rapui

307 5611 431 5666 Witlelmi
448 5611 479 5664 da
497 5610 661 5676 Hcllandr'a,
677 5609 769 5678 quoad
792 5608 898 5676 samua
918 5608 1052 5663 chricna
1069 5609 1161 5662 &duc
1181 5609 1315 5678 Spirensis
1332 5608 1505 5662 mundarias
1529 5611 1601 5672 ωε,-
1629 5603 1866 5658 Borma-arcta.
1892 5605 1908 5658 l.
1927 5619 1947 5657 c.

300 5705 397 5754 48860.
