4328 6232
771 347 971 411 arlsrotas
989 347 1182 414 SELECTAE.
1218 350 1294 413 1247.
1800 362 1857 430 251

210 518 278 586 sire
309 542 375 587 non
403 521 583 591 animarum
612 547 790 608 annexam,
827 528 932 594 tribus
963 532 1015 596 vel
1046 539 1187 618 quatuor
1214 534 1365 619 personis
1394 533 1535 617 idoneis,
1569 537 1748 602 secundum
1777 539 1861 624 quod

211 625 364 710 expedire
388 628 525 701 rideris,
555 632 741 716 providere,
775 655 812 697 ao
837 635 1022 719 iniungere,
1052 637 1138 721 quod
1160 639 1362 724 recipiantur
1385 639 1417 701 in
1440 642 1591 705 ecclesiis
1615 642 1718 726 ipsius
1742 641 1862 707 Tuscis

212 730 241 792 in
264 731 455 805 canonicos,
484 732 581 798 etde
605 735 779 820 prebendis
806 739 855 802 vel
880 739 1094 823 dignitatibus
1118 763 1177 805 seu
1200 743 1272 806 aliis
1296 742 1480 810 benefieiis.
1512 746 1538 808 si
1561 754 1695 826 vacant,
1719 747 1860 832 alioquin

212 854 305 919 quam
330 836 395 900 cito
419 840 859 927 vacaverint,‚provideatur
881 843 1019 923 eisdem,
1044 852 1077 909 et
1100 847 1357 910 contradictores
1390 869 1489 933 super
1522 848 1583 912 hoc
1606 869 1859 934 percensuram

212 938 467 1005 ecclesiasticam
485 943 708 1029 appellatione
732 947 917 1031 postposita
941 947 1096 1012 cohibere
1121 949 1224 1013 libere
1248 951 1419 1014 valeas-
1435 957 1557 1015 statuto
1583 952 1623 1016 de
1648 959 1737 1016 certo
1762 975 1860 1017 cano·
1900 972 1906 981 ·

212 1040 356 1106 nieorum
378 1065 513 1110 numero
537 1053 571 1111 et
586 1047 786 1132 quibuslibet
801 1051 873 1114 aliis
893 1072 954 1115 nec
972 1073 1036 1115 non
1054 1053 1313 1139 quibuscumque
1330 1053 1621 1120 consuetudinibus
1638 1056 1860 1126 ecclesiarum.

212 1152 273 1210 tam
288 1146 525 1213 cathedralium
542 1171 638 1235 quern
653 1153 801 1232 aliarum,
818 1154 964 1219 eiusdem
980 1157 1159 1242 provincie,
1176 1159 1359 1224 iuramento
1382 1161 1436 1224 vel
1450 1160 1599 1246 qualibet
1620 1159 1687 1222 alia
1709 1160 1861 1223 firmitate

212 1251 356 1331 valletis,
384 1274 443 1317 scu
470 1255 498 1319 si
525 1255 641 1321 cedem
672 1258 812 1322 ecclesie
836 1266 911 1322 sunt
933 1262 1130 1325 auctoritate
1161 1262 1249 1326 sedis
1272 1263 1451 1348 apostolice
1474 1263 1527 1328 vel
1550 1263 1733 1347 legatorum
1757 1264 1860 1348 ipsius

213 1374 309 1441 super
335 1357 474 1423 aliorum
501 1360 688 1445 provisione
711 1368 864 1446 gravate,
893 1364 945 1427 vol
974 1364 1000 1427 si
1025 1365 1109 1429 forte
1137 1366 1317 1431 abeodem
1342 1367 1421 1432 sede
1444 1368 1681 1452 indulgentiam
1705 1365 1860 1437 habeant,

167 1484 177 1513 t·
213 1457 293 1542 quod
317 1481 431 1525 earum
458 1464 576 1548 prelati
604 1465 675 1529 sive
704 1465 847 1560 capitula
869 1466 1002 1530 minime
1026 1474 1201 1532 teneantur
1229 1491 1288 1533 seu
1312 1472 1463 1555 compelli
1490 1472 1703 1556 nonpossint
1730 1469 1771 1532 ad
1799 1470 1859 1532 ali·

212 1582 344 1646 quorum
362 1566 594 1651 provisionem,
610 1567 761 1653 quodque
778 1569 937 1647 interdici,
954 1570 1111 1656 suspendi
1136 1573 1189 1636 vel
1206 1575 1484 1638 excommunicari
1506 1595 1571 1638 non
1589 1575 1722 1638 valeant
1736 1573 1860 1656 absque

212 1668 343 1752 speciali
365 1668 512 1753 predicta
534 1669 621 1733 sedis
645 1670 810 1750 mandato,
833 1674 965 1758 plenam
988 1673 1129 1740 faciente
1153 1675 1194 1739 de
1218 1676 1420 1760 indulgentia
1436 1677 1623 1742 huiusmodi
1648 1677 1858 1741 mentionem.

213 1778 241 1832 et
267 1770 469 1857 quibuslibet
502 1773 574 1836 aliis
601 1775 793 1859 apostolicis
819 1776 1044 1860 indulgentiis,
1076 1801 1136 1864 per
1165 1800 1246 1864 quas
1274 1801 1375 1865 super
1403 1781 1464 1844 hoe
1497 1786 1630 1866 possent
1659 1779 1796 1843 forsitan
1821 1800 1856 1841 se

212 1874 308 1944 tueri,
339 1880 397 1937 eut
426 1875 453 1937 si
482 1876 581 1940 etiam
609 1879 737 1962 prefato
764 1900 906 1965 persone
937 1880 1019 1944 alias
1053 1881 1249 1945 beneficiate
1278 1883 1429 1947 fortassis
1460 1886 1618 1954 existant,
1652 1901 1855 1967 nequaquam

160 1997 176 2032 n
213 1975 415 2042 obstantibus
438 2015 490 2059 -,
514 1981 711 2045 auctoritate
733 1983 937 2066 presentium
961 1983 1114 2048 duximus
1139 1985 1383 2051 concedendum
1396 1989 1416 2053 ¹.

313 2080 389 2148 Dat.
413 2081 576 2167 Lugduni,
597 2083 668 2147 IIII
690 2084 773 2153 Non.
799 2086 887 2165 Maii,
913 2086 1010 2172 [anno
1034 2086 1193 2175 quarto]⁸.

828 2317 1239 2328 ——-..————..

990 2528 1075 2600 336.

308 2618 526 2711 Innocentius
537 2644 592 2711 IV
600 2668 689 2730 papa
706 2643 870 2712 Diatalmo
891 2649 928 2713 de
953 2651 1114 2715 &avara
1136 2652 1263 2715 intinrat
1285 2671 1316 2715 se
1341 2648 1550 2736 O[elariano]
1573 2646 1856 2713 sanctarenae

209 2752 241 2813 in
268 2748 326 2814 l'ia
347 2749 433 2814 Lata
454 2750 585 2815 diacorro
606 2749 779 2828 cardinali,
802 2753 988 2830 apostolicae
1014 2754 1096 2818 sedis
1119 2755 1230 2836 lepato,
1247 2754 1432 2840 sancitatem
1455 2752 1636 2816 concessisse
1653 2748 1858 2831 promittendi

209 2876 244 2917 er
259 2859 354 2938 pare
374 2873 448 2931 sua,
470 2875 502 2919 se
518 2873 629 2936 pacem
650 2873 718 2917 cunr
740 2852 941 2942 maneria]
962 2859 1120 2939 qnondam
1142 2861 1328 2943 imperatore
1349 2857 1596 2943 reformat-arnam
1617 2875 1682 2919 non
1704 2873 1781 2931 esse,
1811 2853 1858 2915 itu

138 2968 161 3004 ω
208 2961 240 3019 nt
260 2959 326 3041 ipse
348 2957 396 3021 cel
417 2957 537 3038 aliquis
556 2957 696 3038 filioram
718 2958 786 3021 eins
807 2978 865 3022 ror
887 2964 944 3023 ant
965 2961 1137 3042 imperator
1161 2964 1286 3029 aristot.
1524 2962 1617 3036 1247,
1640 2957 1723 3022 Mai.
1740 2962 1769 3020 4.

306 3078 369 3132 Ina.
382 3079 401 3131 I
404 3078 429 3132 V
444 3077 509 3148 Rep.
527 3076 583 3132 Vol.
598 3078 620 3142 I,
639 3085 704 3142 42&
722 3077 781 3132 Lu.
797 3077 816 3130 I
819 3078 848 3145 V,
866 3096 921 3134 cur.
943 3087 1000 3134 108.
1039 3081 1189 3149 annnam
1207 3098 1238 3135 ec
1258 3081 1374 3151 Repestrb
1391 3079 1526 3147 deornm
1544 3079 1573 3132 V.
1585 3078 1624 3133 01.
1635 3079 1668 3131 A.
1690 3077 1768 3130 Man.

306 3165 406 3234 Berpcr
420 3171 494 3219 3024.

585 3291 733 3364 Nobili
767 3292 862 3365 viro
895 3292 1122 3366 Diatalmo
1158 3294 1208 3366 de
1243 3292 1470 3367 Graviata.

310 3423 393 3489 Cum
409 3423 565 3489 dilectum
588 3425 690 3489 filium
707 3424 746 3490 Ο.
762 3424 883 3490 Sancto
900 3423 1005 3489 Mario
1029 3425 1061 3488 in
1077 3424 1142 3489 Via
1158 3424 1242 3489 Lata
1257 3424 1431 3490 diaconum
1448 3425 1657 3503 cardinalem,
1674 3421 1854 3508 apostolice

116 3548 146 3583 2²
209 3529 289 3593 sedis
313 3529 469 3614 legatum,
493 3549 552 3614 pro
569 3529 701 3593 instanti
718 3529 850 3611 negotio
867 3529 1006 3593 ecclesie
1023 3528 1236 3610 destinemus,
1254 3529 1415 3594 nobilitati
1439 3535 1495 3592 tue
1517 3534 1631 3592 tenore
1654 3526 1855 3610 presentium

207 3632 353 3697 duximus
378 3630 607 3712 intimandum,
641 3632 725 3718 quod
753 3654 812 3696 nos
835 3631 1046 3719 promittendi
1074 3653 1116 3696 ex
1139 3639 1231 3719 parte
1256 3639 1368 3697 nostra
1399 3631 1456 3697 tibi
1487 3639 1520 3697 et
1543 3630 1694 3694 omnibus
1717 3629 1854 3715 prelatis

209 3737 428 3815 ecelesiarum,
450 3735 708 3816 marchionibus,
733 3736 917 3816 comitibus,
942 3735 1129 3815 baronibus,
1154 3734 1440 3800 communitatibus
1464 3735 1635 3799 civitatum
1660 3739 1694 3797 ct
1716 3732 1855 3796 aliorum

209 3840 345 3904 locorum
370 3841 554 3925 ceterisque
577 3860 635 3904 sue
657 3840 850 3924 legationis,
883 3839 970 3924 quod
996 3861 1056 3904 nos
1084 3848 1117 3904 et
1139 3840 1256 3904 fratres
1279 3838 1381 3903 nostri
1410 3845 1442 3902 te
1466 3859 1504 3902 ac
1528 3858 1584 3902 eos
1616 3839 1649 3902 in
1671 3834 1857 3901 huiusmodi

211 3944 335 4028 negotio
366 3944 550 4007 nullatenus
578 3942 784 4020 deseremus,
814 3963 874 4007 nec
904 3963 976 4006 cum
1001 3942 1053 4006 Fr.
1079 3942 1243 4028 quondam
1266 3941 1491 4006 Romanorum
1519 3941 1716 4026 imperatore
1740 3959 1856 4025 pacem

119 4061 153 4099 sn
212 4046 410 4132 aliquatenus
437 4045 701 4126 reformabimus,
728 4047 775 4110 ita
805 4044 890 4130 quod
919 4047 990 4130 ipse
1018 4046 1070 4110 vel
1097 4046 1215 4130 aliquis
1237 4046 1376 4109 filiorum
1408 4046 1478 4108 eius
1508 4065 1566 4108 rex
1597 4051 1653 4106 aut
1680 4044 1857 4128 imperator

211 4149 356 4230 existat²,
380 4151 512 4236 plenam
536 4158 570 4216 et
593 4150 729 4215 liberam
752 4149 813 4214 sibi
838 4151 1061 4214 concessimus
1085 4157 1294 4235 potestatem.

309 4252 386 4317 Dat.
409 4253 575 4339 Lugduni,
599 4251 776 4317 1111N0n.
800 4251 890 4332 Maii,
914 4273 998 4316 anno
1022 4260 1148 4338 quarto.

308 4355 347 4419 ln
371 4356 512 4421 eundem
536 4356 668 4420 modum
691 4355 792 4419 nobili
816 4356 886 4419 viro
909 4355 1056 4420 chrico
1080 4356 1121 4421 de
1145 4356 1235 4420 Villa
1258 4357 1335 4422 alta.

985 4797 1072 4872 337.

304 4893 523 4988 Innocentius
539 4917 594 4986 IV
607 4942 699 5003 papa
720 4920 870 4988 Anselrao
897 4920 1002 4987 aureo
1028 4925 1057 4985 af
1085 4919 1242 4985 ernioersis
1268 4917 1445 4985 bonrinrlrns
1472 4915 1580 5003 oppidi
1611 4915 1785 5000 Binpensis
1813 4915 1857 4980 nd

111 5021 133 5060 ³³
196 5043 306 5091 eornm
326 5031 355 5091 et
376 5024 554 5111 [siparia
575 5026 655 5111 ΙΙΙ]
677 5025 903 5108 archiepiscopi
924 5025 1114 5109 illapantini
1131 5043 1357 5105 prensosque
1378 5023 1422 5087 ad
1443 5023 1616 5087 trienninm
1638 5022 1793 5105 indtrlpet
1820 5025 1856 5084 nt

302 5251 327 5315 ¹)
345 5270 414 5303 anno
432 5261 524 5318 quarto
542 5252 610 5303 deest
631 5253 663 5305 B.

302 5389 328 5455 1)
346 5386 423 5442 Haec
439 5403 477 5455 ep·
494 5387 640 5442 seeundum
662 5388 771 5441 wndem
791 5389 906 5454 soranam
928 5392 1006 5456 enarre
1024 5355 1061 5456 qi.
1083 5405 1111 5441 a.
1130 5394 1179 5442 303
1199 5385 1250 5439 XI
1261 5390 1374 5438 asarota
1391 5389 1434 5438 est.
1542 5386 1569 5450 2)
1590 5382 1629 5448 Os.
1642 5399 1672 5451 ρ.
1691 5388 1750 5448 208,
1767 5386 1822 5434 not.
1840 5388 1856 5433 3

199 5476 229 5523 d
241 5488 268 5541 p.
283 5480 339 5541 m,
358 5480 415 5531 oar.
432 5482 456 5531 ².
494 5473 594 5528 Eodem
616 5474 658 5528 die
675 5475 848 5544 [Aynrmrrm]
867 5474 1002 5528 (lominum
1021 5475 1053 5527 de
1076 5474 1239 5528 Fulciniaco
1256 5471 1428 5541 [Faucpay]
1447 5487 1508 5525 aum
1525 5477 1596 5524 terra
1615 5486 1668 5522 arra
1685 5469 1734 5521 areb
1752 5472 1855 5536 apono-

110 5629 133 5673 .
200 5554 352 5721 gog&
361 5560 525 5631 midan
540 5562 636 5629 reserat
652 5562 724 5629 ripae
741 5561 849 5615 enatem
861 5562 1063 5630 procerissimus
1076 5561 1173 5614 eisdem
1192 5560 1272 5612 rabia
1288 5559 1365 5625 sccit5
1386 5556 1512 5622 Puram,
1532 5556 1596 5624 Rep.
1617 5562 1697 5609 1250!
1705 5579 1714 5625 ,·
1730 5576 1798 5627 perere
1816 5578 1857 5628 cp.

325 5658 384 5696 μ

1600 5736 1656 5791 32}
