4328 6232
212 338 273 397 156
767 333 813 386 EX
832 331 1050 386 innocencii
1069 330 1106 384 IV
1125 330 1305 387 REGISTRO

208 506 334 571 concilii
358 525 423 570 non
446 505 598 571 obstante
614 541 666 584 -,
689 505 821 590 plenam
841 503 1053 569 concedimus
1070 504 1266 570 auctoritate
1282 506 1483 591 presentium
1499 505 1710 584 facultatem
1733 510 1864 596 proviso

207 608 293 696 quod
317 609 493 688 beneficia,
516 615 715 695 personatus
739 615 773 673 et
794 605 973 692 dignitates
996 605 1144 694 predicta
1166 607 1287 674 debitis
1311 617 1374 675 eto.
1398 631 1517 697 usque:
1552 612 1772 699 negligatur⁸.

1014 781 1056 846 V.

945 898 1119 972 Eidem.

315 1031 397 1096 Oum
425 1032 486 1096 tibi
515 1031 556 1096 de
586 1031 721 1095 fratrum
744 1037 928 1095 nostrorum
960 1030 1094 1095 consilio
1122 1030 1219 1116 plene
1247 1031 1421 1117 legationis
1450 1033 1594 1099 officium
1620 1035 1653 1100 in
1676 1034 1864 1103 Theotonie

205 1134 354 1219 partibus
378 1135 568 1200 duxerimus
593 1134 872 1215 committendum,
896 1135 1046 1200 volentes
1070 1132 1209 1220 quedam
1233 1136 1391 1221 specialia
1412 1136 1473 1201 tibi
1496 1139 1687 1222 concedere,
1716 1163 1779 1228 per
1802 1163 1877 1230 que„
1922 1167 1926 1200 ι

207 1239 305 1302 saluti
328 1240 501 1304 consulere
524 1239 636 1304 valeas
664 1239 861 1319 animarum,
892 1236 1082 1303 discretioni
1111 1245 1167 1304 tue
1196 1236 1405 1325 dispensandi
1433 1262 1507 1306 cum
1530 1242 1659 1309 clericis
1682 1245 1864 1311 earundem

206 1342 346 1426 partium
372 1342 536 1407 defectum
565 1341 724 1406 natalium
753 1342 971 1427 patientibus,
1002 1341 1153 1427 quod-
1183 1342 1370 1408 huiusmodi
1398 1344 1639 1413 nonobstante
1664 1346 1799 1414 deiectu
1823 1387 1863 1397 -

205 1444 334 1530 possint
367 1445 400 1508 in
424 1446 586 1532 susceptis
616 1445 802 1511 ministrare
833 1444 1004 1509 ordinibus
1034 1451 1068 1508 et
1099 1443 1140 1509 ad
1174 1446 1316 1511 maiores
1347 1449 1531 1531 promoveri
1564 1471 1603 1515 ac
1637 1452 1864 1519 ecclesiastica

206 1547 380 1629 beneficia,
410 1549 510 1613 etiam
537 1549 568 1613 si
592 1569 702 1613 curam
725 1549 907 1612 animarum
930 1569 1093 1612 annexam
1117 1548 1279 1628 habeant,
1310 1549 1473 1632 obtinere,
1503 1551 1640 1618 liberam
1662 1559 1863 1622 auctoritate

205 1652 407 1736 presentium
432 1652 641 1717 concedimus
664 1651 888 1716 facultatemb.

1002 1789 1061 1855 VI.

945 1906 1122 1980 Eidem.

314 2040 395 2103 Cum
421 2039 479 2102 tibi
496 2046 558 2102 etc.
575 2059 695 2123 usquc:
719 2040 911 2118 animarum,
934 2039 1120 2104 discretioni
1136 2048 1192 2106 tue
1208 2041 1410 2126 presentium
1427 2043 1623 2108 auctoritate
1639 2043 1861 2123 concedimus,

205 2150 241 2208 ut
268 2164 341 2207 oum
366 2142 567 2228 quibuslibet
596 2142 758 2227 religiosis
786 2143 936 2228 personis
965 2143 1144 2208 earundem
1176 2145 1334 2230 partium,
1370 2145 1604 2231 cuiuscumque
1634 2146 1698 2211 sint
1728 2148 1862 2226 ordinis,

207 2266 285 2330 que,
319 2245 396 2310 dato
435 2246 543 2332 aliquo
580 2266 638 2331 pro
667 2245 874 2330 acquirendis
904 2246 957 2310 vel
987 2253 1121 2332 recepto
1152 2267 1210 2332 pro
1241 2246 1437 2313 exhibendis
1466 2248 1548 2313 locis
1577 2249 1611 2312 in
1640 2254 1860 2331 monasteriis,

205 2349 439 2413 commiserunt
463 2349 683 2435 symoniacam
707 2349 911 2433 pravitatem,
936 2349 1054 2435 possis,
1079 2356 1175 2434 prout
1199 2349 1357 2434 expedire
1380 2351 1512 2432 videris,
1536 2352 1740 2438 dispensare.
1911 2376 1926 2413 ιε

312 2469 388 2535 Dat.
411 2476 448 2534 ut
471 2490 580 2556 supra.

995 2557 1071 2621 VII.

946 2673 1119 2747 Eidem.

313 2804 395 2870 (lum
411 2804 471 2869 tibi
487 2810 548 2869 etc.
564 2824 682 2889 usque:
705 2805 897 2883 animarum,
915 2802 1106 2870 discretioni
1120 2810 1187 2885 tue,
1204 2812 1240 2868 ut
1256 2807 1406 2890 quotiens
1428 2808 1461 2871 in
1478 2807 1602 2873 eisdem
1617 2811 1767 2895 partibus
1783 2832 1860 2876 ccu-

203 2909 353 2994 tingerit⁰
368 2916 401 2973 te
418 2908 570 2973 fidelibus
584 2928 765 2993 proponere
775 2907 910 2972 verbum
922 2906 997 2987 Dei,
1015 2907 1164 2972 omnibus
1179 2928 1256 2973 vere
1274 2909 1498 2994 penitentibus
1515 2917 1549 2975 et
1565 2911 1730 2989 confessis,
1747 2915 1803 2999 qui
1819 2913 1860 2979 ad
1910 2932 1926 2971 u

203 3019 293 3077 tuam
309 3012 565 3097 predicationem
583 3012 793 3091 accesserint,
817 3013 932 3096 viginti
951 3012 1004 3077 vel
1024 3011 1241 3097 quadraginta
1265 3011 1336 3076 dies
1354 3011 1395 3077 de
1409 3013 1644 3094 iniunctissibi
1660 3018 1863 3103 penitentiis,

203 3117 287 3180 sicut
310 3115 466 3201 expedire
491 3115 621 3193 videris,
645 3115 898 3180 misericorditer
913 3116 1065 3180 relaxare
1082 3116 1203 3195 valeas,
1227 3121 1263 3179 ut
1286 3136 1329 3179 ex
1351 3115 1413 3180 hoc
1437 3116 1479 3181 ad
1502 3117 1703 3183 audiendum
1727 3121 1862 3187 verbum

204 3221 310 3306 ipsum
326 3220 487 3305 copiosior
498 3219 609 3306 populi
623 3219 766 3283 confluat
777 3218 963 3300 multitudo,
980 3219 1176 3284 auctoritate
1193 3218 1418 3303 presentiumd
1435 3220 1587 3285 duximus
1603 3224 1861 3291 concedendum.

311 3339 389 3405 Dat.
411 3347 447 3405 ut
469 3362 577 3428 supra.

984 3425 1080 3491 VIII.

944 3543 1117 3618 Eidem.
1911 3569 1926 3608 2:

313 3676 395 3741 Cum
418 3675 480 3740 tibi
503 3681 565 3740 etc.
596 3696 717 3760 usque:
752 3674 1036 3752 committendum,
1066 3675 1255 3739 discretioni
1283 3681 1338 3740 tue
1362 3676 1539 3741 exercendi
1560 3676 1665 3743 libere
1689 3700 1862 3746 censuram

204 3780 463 3845 ecclesiasticam
497 3777 530 3841 in
565 3798 678 3842 omnes
716 3785 782 3842 tam
815 3778 1051 3843 cathedralium
1088 3800 1185 3864 quarn
1215 3778 1353 3844 aliarum
1386 3780 1598 3845 ecclesiarum
1632 3783 1794 3868 prolatos,
1829 3785 1862 3849 in

203 3884 357 3948 universa
380 3882 522 3968 capitula
546 3888 579 3947 et
602 3889 797 3963 conventus,
821 3883 853 3946 in
877 3883 1058 3968 principes,
1083 3883 1230 3962 comites,
1253 3883 1407 3964 barones,
1432 3884 1640 3964 castellanos,
1664 3893 1862 3971 potestates,

202 3992 362 4066 rectores,
392 3985 519 4050 balivos
547 3994 580 4050 et
603 3985 765 4071 quoslibet
793 3986 875 4050 alios
899 3985 1044 4065 nobiles,
1075 3986 1109 4049 in
1133 3987 1399 4067 communitates,
1428 3987 1677 4068 universitates,
1710 3992 1860 4070 consilia,

202 4089 343 4175 populos
372 4095 406 4153 et
429 4109 648 4174 quascumque
678 4110 836 4175 personas
866 4090 1121 4169 ecclesiasticas,
1154 4090 1327 4174 religiosas
1354 4111 1393 4155 ac
1416 4090 1596 4170 seculares,
1623 4092 1775 4177 publicas
1806 4094 1860 4160 vel
1910 4119 1926 4155 a

203 4195 361 4280 privatas,
393 4193 521 4257 illarum
552 4194 712 4279 partium,
742 4214 815 4257 curn
847 4193 965 4258 videris
995 4193 1169 4279 expedire,
1195 4229 1236 4240 -
1264 4193 1469 4278 indulgentia
1494 4194 1582 4260 sedis
1604 4196 1803 4280 apostolice,
1833 4197 1861 4261 si

202 4318 298 4381 quarn
323 4296 460 4374 habent,
489 4297 575 4382 quod
597 4296 766 4377 interdici,
792 4297 949 4383 suspendi
973 4298 1025 4362 vel
1048 4298 1325 4362 excommunicari
1348 4300 1578 4384 nonpossint,
1602 4304 1636 4365 el
1658 4300 1862 4384 quibuslibet

204 4401 276 4464 aliis
308 4399 494 4486 apostolicis
524 4400 577 4465 vel
607 4401 792 4485 legatorum
823 4400 910 4465 sedis
940 4399 1085 4465 ciusdem
1117 4400 1328 4485 indulgentiis
1357 4421 1563 4486 nequaquam
1586 4401 1795 4468 obstantibus
1819 4441 1861 4453 -·

202 4503 333 4588 plenam
357 4505 552 4569 auctoritate
577 4506 777 4590 presentium
802 4504 1012 4570 concedimus
1035 4510 1242 4589 potestatem.
1888 4504 1893 4510 '

310 4625 386 4691 Dat.
410 4634 446 4691 ut
469 4649 578 4714 supra.

305 4851 330 4918 ⁸)
357 4854 454 4904 Datum
472 4853 604 4920 Lugduni,
629 4855 665 4904 VI
690 4855 751 4906 Idus
774 4855 846 4919 Iulii,
873 4854 1037 4922 pontificatus
1064 4855 1144 4905 nostri
1166 4869 1235 4905 anno
1259 4859 1350 4917 quarto
1372 4849 1435 4901 add.
1455 4850 1488 4900 Δ.
1528 4850 1703 4905 Nihilominus
1726 4855 1859 4921 epistolum

201 4940 255 4991 surb.
274 4938 327 4990 Iul.
345 4941 508 5006 bpmaimue,
526 4957 583 4991 uem
601 4941 628 4992 in
647 4939 708 5007 Bep.
727 4942 774 4992 sub
791 4941 838 4992 hcc
856 4942 897 4992 dio
915 4942 964 5007 legi
981 4941 1115 5000 videntum·
1135 4958 1197 4992 acm
1213 4941 1292 4991 uerbo
1310 4940 1369 4990 Dat.
1390 4945 1516 5005 utsupra
1532 4937 1580 4990 hoc
1602 4939 1658 4991 loco
1671 4957 1723 5006 per
1745 4957 1859 4992 errarem

200 5026 311 5091 aliquam
328 5025 450 5077 anasse
467 5042 498 5078 ea
516 5043 554 5092 ep.
566 5027 733 5092 amandun,
750 5027 840 5092 quittae
858 5028 991 5093 odecripto
1002 5036 1069 5090 mut,
1088 5045 1141 5079 aon
1152 5027 1244 5078 iniuste
1256 5025 1410 5077 concludere
1422 5024 1486 5076 licet.
1514 5023 1628 5091 Insuper
1644 5042 1677 5076 ne
1694 5042 1740 5076 eur
1757 5026 1858 5091 quadan

199 5113 333 5178 epulatos,
354 5128 420 5177 quoe
442 5111 480 5162 od
500 5112 548 5163 hoc
571 5114 698 5178 negotium
722 5122 863 5181 spectatam
880 5115 963 5165 verbis
981 5116 1040 5164 Dat.
1060 5122 1090 5165 ut
1111 5130 1189 5181 supra
1211 5113 1374 5177 umciprmloc
1392 5118 1463 5175 rum,
1486 5127 1573 5161 omme
1593 5110 1646 5161 Iul.
1666 5115 1683 5162 6
1707 5111 1786 5163 durau
1808 5130 1861 5164 em

201 5197 318 5248 conandi
339 5205 436 5262 polest,
461 5215 518 5249 cum
541 5199 712 5250 catharenum
736 5217 775 5266 cp.
799 5219 825 5252 a.
847 5205 896 5251 215
919 5201 965 5250 sub
988 5200 1074 5252 Iul?
1097 5201 1205 5266 legatam.
1251 5199 1422 5264 riraapicomur
1445 5197 1540 5248 horum
1561 5197 1728 5263 epistolamm
1752 5199 1860 5251 ‘litterar
1910 5217 1926 5254 c

201 5283 321 5346 notatos’,
341 5300 397 5333 cum
415 5283 444 5334 iu
460 5286 657 5351 rcpiatralurom
675 5287 843 5351 mitterentur,
859 5296 922 5339 ncta
940 5287 1120 5352 clironoloqicu
1137 5287 1250 5338 concute
1267 5303 1313 5337 nec
1324 5284 1497 5336 accessorium
1513 5284 1594 5334 vicum
1605 5284 1700 5350 fauisse,
1716 5291 1745 5333 ul
1763 5285 1801 5334 nd
1817 5301 1861 5335 cus

200 5377 276 5420 uotae
292 5369 409 5433 eccum,
433 5387 464 5421 cx
489 5372 553 5423 amia
574 5372 739 5423 amomum
753 5390 844 5439 popae
864 5382 888 5425 cl
905 5373 1080 5426 cardinalium
1098 5372 1271 5439 acerpmuoe
1295 5369 1344 5438 [cf.
1365 5367 1542 5437 r.1,p.X1],
1559 5369 1777 5434 adscribantur,
1804 5388 1859 5422 mim

201 5472 288 5508 omncs
308 5472 347 5522 ep.
369 5455 456 5508 codem
474 5458 536 5524 fere
558 5467 669 5525 tempore
690 5468 815 5511 caurum
832 5468 914 5511 eareat
933 5457 981 5526 [cs.
994 5476 1025 5525 p.
1040 5462 1096 5523 127,
1113 5467 1165 5510 nol.
1177 5458 1217 5526 2];
1241 5476 1293 5524 quo
1316 5459 1348 5510 dc
1369 5476 1398 5510 rc
1416 5457 1469 5509 olio
1488 5459 1543 5508 loco
1553 5457 1645 5524 suram
1661 5456 1862 5537 dahprmdimuq

201 5544 235 5607 ss.
252 5543 328 5592 seam
347 5541 452 5607 aaa,
469 5543 546 5595 nem.
565 5562 611 5596 aa
634 5547 670 5598 us
687 5554 755 5599 aaa
768 5546 887 5599 arram.
900 5545 961 5610 ιιι,
978 5544 1047 5597 aaz.
1059 5545 1091 5597 a
1103 5525 1201 5596 nacon
1217 5545 1263 5597 aa
1277 5545 1393 5609 aare,
1411 5543 1469 5597 se.
1483 5541 1534 5608 ra,
1551 5540 1634 5608 cm,
1651 5560 1677 5596 a.
1691 5547 1763 5607 rasa,
1775 5562 1807 5610 p.
1821 5547 1860 5600 re.

200 5625 226 5692 b)
245 5628 323 5677 aerbo
341 5630 399 5679 Dat.
418 5640 543 5699 utsupra
560 5649 592 5683 eu
608 5649 697 5683 errore
715 5632 810 5682 amiam
824 5641 960 5699 pneumam
976 5650 999 5683 c.
1017 5641 1070 5683 nol.
1089 5649 1113 5682 a.
1201 5631 1224 5696 ⁰)
1242 5632 1279 5682 ito
1291 5631 1324 5683 B.
1412 5627 1438 5696 d)
1456 5632 1504 5684 tibi
1520 5629 1583 5682 adul
1596 5628 1628 5680 B.
1914 5647 1926 5684 ι
