4328 6232
102 371 106 381 '
201 367 264 430 286
759 357 807 412 EX
825 355 1044 412 INNOCLNTII
1060 354 1100 410 IV
1118 354 1298 412 REGISTRO

200 535 234 599 in
261 535 322 599 hoc
344 532 571 621 impedimenti
594 532 762 618 patiantur
790 552 874 596 neve
901 530 995 615 regni
1018 529 1142 595 vestri·
1162 529 1371 595 invasoribus
1394 531 1506 616 aliqua
1528 531 1713 599 rebellandi
1736 532 1860 599 fidncia

199 644 407 725 preparetur,
436 637 496 702 sub
525 636 734 701 anathemate
764 636 867 699 sancti
901 634 991 698 Petri
1027 633 1223 698 auctoritate
1254 633 1496 716 interdicimus,
1527 657 1570 701 ne
1598 637 1673 722 quis
1700 658 1858 723 umquam

199 741 320 807 bellica
347 742 381 805 in
415 741 487 826 ipso
515 744 626 804 monte
656 738 799 827 presidia
828 738 990 802 collocare
1014 743 1207 822 autperto
1233 738 1353 801 collata
1375 737 1493 824 predia
1516 744 1573 803 ant
1595 739 1745 806 decimas
1768 743 1858 806 eirca

199 850 343 909 montem
366 865 425 929 per
447 843 528 907 duas
553 842 734 907 Saxonicas
764 848 884 920 rastas,
914 862 995 926 quas
1024 841 1101 905 illuc
1124 840 1305 926 delegasti,
1334 841 1455 906 audeat
1478 842 1632 928 diripere.
1676 844 1753 909 Hec
1777 866 1857 910 con-

200 948 406 1013 servantibus
429 948 471 1011 sit
493 969 560 1033 pax
583 946 694 1011 aDeo
719 953 823 1031 patre,
840 944 1095 1030 infringentibus
1112 946 1408 1009 excommunicatio
1433 953 1466 1011 et
1488 968 1509 1010 a
1531 947 1698 1012 beatorum
1715 948 1857 1034 collegio

201 1053 243 1116 sit
267 1052 432 1138 separatio
455 1051 488 1114 in
513 1058 671 1116 eternum.
1209 1140 1211 1145 ⁴

308 1155 385 1220 Dat.
410 1153 580 1237 Ereshurg
601 1174 661 1238 per
683 1173 799 1217 manus
821 1151 979 1216 Iohannis
1003 1150 1241 1216 bibliothecarii
1265 1159 1298 1215 et
1321 1152 1512 1216 cancellarii
1536 1153 1678 1218 ecclesie
1694 1154 1858 1236 Romane,

200 1258 251 1322 IX
273 1258 348 1324 Kal.
371 1257 533 1337 Ianuarii,
565 1278 650 1320 anno
673 1256 784 1320 domni
800 1255 922 1320 Leonis
945 1253 998 1317 III
1022 1260 1155 1339 quarto,
1187 1253 1365 1319 indictione
1389 1255 1547 1341 septima,
1570 1256 1622 1321 die
1638 1256 1859 1323 dedicationis

201 1362 328 1447 capelle
352 1363 384 1424 in
406 1360 586 1445 Eresbnrg.

308 1482 384 1549 Dat.
406 1481 569 1566 Lugduni,
592 1480 645 1545 ΙΙΙ
669 1480 747 1545 Idus
770 1480 867 1563 Iunii,
891 1501 977 1545 anno
999 1479 1081 1545 1111.

819 1759 1232 1768 μ*-

988 2038 1074 2112 391.

305 2130 525 2227 Innocentius
540 2161 564 2227 Ι
568 2161 599 2227 V
603 2183 692 2247 papa
718 2160 927 2248 O[ctaniano]
955 2163 1092 2229 Sanctae
1117 2160 1248 2226 Mariae
1280 2162 1315 2225 in
1344 2160 1406 2227 Via
1425 2161 1512 2228 Lata
1533 2162 1665 2228 diacono
1686 2162 1858 2241 cardinali,

200 2267 481 2347 apostolicaesedis
495 2267 602 2350 lepato,
614 2268 759 2345 mandat,
775 2272 810 2331 nt
818 2266 951 2332 Massae
967 2267 1150 2344 Tratorius,
1166 2267 1195 2331 si
1208 2265 1354 2349 expedire
1365 2266 1487 2346 cidnr't,
1502 2266 1540 2331 dc
1555 2271 1670 2331 rectore
1678 2267 1857 2348 percunctant.

1500 2372 1593 2451 1247,
1616 2371 1693 2434 Inn.
1718 2372 1773 2437 12.

305 2455 368 2508 Ian.
389 2454 438 2508 IV
453 2454 517 2523 Ray.
535 2454 590 2509 Voz.
609 2455 635 2523 I,
647 2462 697 2511 434
704 2473 714 2522 ,·
731 2455 793 2509 Le.
811 2455 864 2522 IV,
875 2470 930 2509 cnr.
949 2460 1003 2510 133.

306 2540 408 2610 Beroen
424 2547 500 2596 3049.

402 2701 446 2777 ο.
474 2703 648 2779 Sancte
675 2701 817 2777 uarie
844 2703 892 2777 in
920 2703 999 2776 vra
1025 2676 1140 2777 nata
1166 2703 1365 2776 diacono
1394 2702 1645 2792 cardinali,

727 2825 989 2916 apostolice
1016 2824 1145 2898 sedis
1172 2824 1339 2918 legato.

311 2971 393 3036 Cum
416 2973 527 3037 Massa
549 2971 731 3037 Trabaria¹
754 2974 839 3038 infre
861 2974 943 3038 fines
967 2979 1023 3038 tue
1046 2973 1220 3059 legationis
1237 2972 1389 3055 existat²,
1413 2973 1617 3056 mandamus,
1639 2975 1808 3060 quatinus,
1832 2978 1859 3041 si

205 3074 360 3162 expedire
383 3076 515 3158 videris,
540 3077 570 3141 ei
594 3077 767 3162 provideas
790 3077 831 3142 de
856 3083 992 3143 rectore.

307 3197 383 3263 Dat.
407 3196 570 3283 Lugduni,
593 3198 629 3263 II
651 3198 729 3263 Idus
751 3199 849 3280 Iunii,
872 3220 957 3263 anno
982 3197 1062 3263 ΗΠ.

824 3477 1234 3487 -,...----

991 3756 1077 3831 392.

307 3853 525 3947 Innocentius
540 3875 599 3944 IV
615 3899 705 3962 papa
726 3881 908 3963 praeposito
938 3886 967 3945 el
994 3881 1132 3962 consituto
1159 3878 1398 3946 Basilicnsn'bns
1424 3879 1468 3944 ad
1488 3898 1597 3964 preces
1628 3878 1809 3966 onoma]
1833 3885 1863 3946 ct

203 3983 374 4069 distasset]
402 3984 545 4048 coartatum
571 3983 608 4046 de
636 3982 782 4061 Vribnrc,
810 3985 987 4049 devotorum
1009 3986 1165 4062 ccclesiae,
1196 3985 1342 4062 mandat,
1365 3989 1400 4048 nt
1422 3983 1608 4049 Bertoldnm
1629 3984 1667 4048 de
1689 3984 1861 4051 Horbnrcb

203 4088 387 4152 maronicum
403 4087 674 4170 Argentincnsena
697 4089 964 4171 consanguineam
987 4089 1130 4153 consitam
1153 4088 1329 4167 eornnnhn,
1351 4089 1388 4152 in
1410 4088 1594 4152 canonicwn
1616 4091 1646 4152 et
1667 4088 1705 4151 in
1726 4089 1861 4169 fratrem

203 4191 369 4273 recipiant.
1512 4193 1606 4269 1247,
1629 4191 1706 4256 Ian.
1722 4196 1776 4257 13.

307 4310 372 4363 aa
386 4308 436 4363 rr
450 4309 514 4378 aa.
532 4309 625 4377 aar,
643 4318 706 4376 sm,-
730 4310 789 4366 ns.
807 4311 860 4380 IV,
879 4318 939 4368 seo.
979 4312 1138 4381 sameas,
1161 4310 1232 4379 quoa
1254 4311 1353 4381 serpe
1369 4309 1463 4380 aaa,
1482 4327 1544 4364 aaa
1567 4310 1686 4380 nasta
1702 4314 1819 4368 mana
1839 4319 1862 4368 a

203 4411 235 4449 eu
253 4396 290 4450 era
306 4397 433 4464 anapplertt
456 4396 486 4450 V.
506 4394 544 4450 01.
560 4397 596 4450 A.
618 4397 696 4451 Man.

308 4482 492 4552 Berper2828.

532 4665 541 4683 .
569 4665 578 4683 .
607 4611 839 4702 preposito
868 4617 912 4687 et
938 4613 1144 4704 capitulo
1171 4609 1522 4685 Basiliensibus

314 4759 396 4825 (lum
420 4759 533 4826 dilecti
555 4761 612 4825 lilii
628 4762 757 4826 nobiles
780 4763 841 4827 viri
859 4760 895 4828 Ο.
914 4769 947 4826 et
962 4761 1004 4826 H.
1029 4761 1168 4825 comites
1192 4760 1232 4824 de
1247 4760 1412 4825 Vriburc³
1434 4780 1470 4824 se
1492 4759 1526 4822 in
1550 4761 1692 4825 ecclesie
1708 4761 1859 4828 Romane

206 4866 348 4950 negotiis
372 4865 585 4949 obsequiosos
608 4865 769 4931 hactenns
793 4872 826 4930 et
848 4867 982 4931 devotos
1000 4863 1267 4952 [exhibuerint]¹',
1289 4887 1359 4946 nos,
1375 4865 1525 4929 solentes
1549 4886 1592 4929 ex
1615 4865 1677 4929 hoo
1702 4867 1804 4930 otiam
1827 4868 1859 4931 in
1902 4911 1904 4921 «

206 4970 272 5033 suis
297 4967 487 5049 ostendere,
515 4989 613 5053 quem
644 4968 686 5032 ad
712 4970 802 5056 ipsos
826 4970 986 5035 habemus
1010 4969 1195 5034 dilectionis
1219 4969 1390 5045 affectum,
1419 4969 1565 5054 ipsorum
1589 4969 1744 5055 precibus
1768 4970 1861 5035 inoli-

206 5073 290 5153 nati,
318 5071 566 5136 universitatem
601 5077 743 5137 vestram
777 5073 953 5158 rogandam
984 5073 1138 5138 duximus
1175 5077 1208 5136 et
1236 5071 1450 5153 monendam,
1478 5071 1674 5138 mandantes
1707 5075 1861 5160 quatinus

344 5232 472 5239 -—
483 5232 491 5238 ..
512 5232 558 5238 --
573 5232 700 5238 --.--..
713 5231 893 5238 —---—-.
908 5232 1032 5237 ...—-..-—
1043 5231 1100 5237 --.
1114 5231 1118 5235 .

307 5334 331 5400 ⁸)
350 5335 387 5386 ita
405 5333 436 5386 Β.
542 5330 565 5393 b)
584 5333 756 5397 exhibuerint,
773 5333 843 5400 quod
861 5332 927 5384 deest
945 5331 988 5397 R,
1005 5332 1110 5384 cenarit
1128 5331 1160 5381 B.

309 5488 334 5555 l)
353 5486 384 5541 E
400 5503 460 5542 mer.
479 5492 503 5543 et
520 5502 572 5543 ecc.
595 5484 698 5544 Urbini.
801 5487 830 5556 2)
850 5485 918 5541 Onna
940 5484 1105 5542 Oaauinaus
1126 5483 1229 5553 matus
1241 5499 1291 5554 per
1315 5482 1513 5540 ‘lombardiam
1535 5487 1560 5539 st
1578 5483 1779 5541 Μ’
1800 5500 1861 5541 coa·

204 5572 313 5627 stitutus
332 5578 395 5628 essa
412 5571 458 5642 [cs.
469 5590 497 5629 n.
508 5579 637 5644 mmo,
648 5571 720 5645 317]‚
740 5571 838 5629 Massa
858 5571 990 5628 libatoria
1008 5576 1066 5627 tum
1088 5568 1125 5625 ad
1143 5569 1344 5641 Romanum,
1365 5586 1423 5626 mn
1439 5569 1478 5627 ad
1493 5568 1642 5629 mohin
1656 5571 1861 5630 Amicum

200 5659 362 5731 mannae
381 5659 492 5715 ridetur.
594 5662 623 5733 3)
641 5660 686 5718 Dc
706 5660 748 5719 ln's
770 5662 804 5733 rs.
823 5660 923 5734 Banu
941 5667 1010 5719 9499
1027 5664 1053 5717 et
1069 5666 1147 5728 2491,
1162 5658 1195 5729 cs.
1213 5659 1294 5715 ettara
1311 5676 1339 5715 a.
1357 5662 1421 5717 ⁸84.
