4328 6232
198 338 263 401 424
757 330 805 385 EX
823 326 1043 385 INNOOEN'I'II
1061 327 1101 383 IV
1118 327 1302 385 auulsum

198 506 416 573 intromittere
449 526 509 593 per
542 505 668 570 litteras
701 505 913 592 apostolicas,
952 525 1017 568 non
1051 505 1213 570 facientes
1248 524 1443 590 expressam
1477 501 1518 568 de
1555 501 1617 566 hac
1655 500 1863 586 indulgentie

200 611 409 676 mentionem.

304 730 382 797 Dat.
403 729 566 818 Lugduni,
589 729 642 794 III
664 728 711 794 Id.
736 728 898 812 Octobris,
921 751 1007 794 anno
1023 728 1089 793 VI⁰
1102 730 1123 795 ¹.
1380 774 1403 817 g

824 1009 1238 1019 m

985 1281 1072 1354 598.

308 1392 527 1485 Innocentius
553 1419 611 1485 IV
628 1440 718 1504 popa
746 1420 897 1503 mapistro
923 1420 1019 1487 Petro
1045 1422 1083 1486 dc
1109 1422 1210 1487 Atino
1243 1421 1391 1502 scriptori
1418 1440 1475 1486 suo
1508 1421 1673 1502 confirmat
1703 1419 1866 1485 molosiam

204 1526 306 1590 sancti
328 1524 495 1588 Marcioni
524 1523 561 1589 dc
582 1524 682 1588 Atina
707 1547 728 1589 a
756 1525 914 1606 qnmdam
935 1525 974 1590 L.
997 1527 1138 1610 episcopo
1159 1525 1321 1607 Aquinoti
1351 1525 1414 1606 ipsi
1444 1524 1603 1602 collam,
1632 1543 1698 1588 non
1724 1523 1867 1587 obstante

205 1629 287 1710 qnod
308 1649 379 1693 cam
401 1628 545 1692 cononici
572 1629 610 1691 dc
630 1628 730 1692 Atina
760 1648 827 1692 nnc
853 1649 924 1693 cnm
945 1628 976 1695 I.
999 1635 1107 1710 nepote
1131 1629 1221 1694 Petri
1243 1628 1280 1693 de
1302 1627 1403 1693 Vinea
1431 1627 1558 1706 indicis,
1588 1627 1645 1709 qni
1666 1646 1732 1708 pro
1759 1645 1867 1691 mm

199 1732 381 1813 praeposito
402 1750 434 1795 se
454 1731 592 1812 gesserit,
614 1732 769 1795 ommuni
790 1751 914 1796 mensae
935 1751 1012 1796 snae
1035 1737 1146 1798 temere
1168 1732 1395 1813 deputaverint.
1524 1733 1619 1809 1248,
1643 1729 1710 1796 Oct.
1726 1729 1778 1794 15.

308 1852 372 1905 Inn.
385 1850 435 1905 IV
450 1851 512 1919 ch.
532 1850 593 1906 Lib.
613 1851 660 1919 VI,
677 1853 753 1919 fi36,
771 1869 799 1906 n.
811 1860 867 1907 441.
903 1852 1029 1920 Epistola
1046 1869 1103 1905 non
1120 1856 1184 1906 onte
1202 1857 1318 1919 a.1249,
1336 1852 1405 1919 Aps.
1424 1851 1560 1906 ineuntes
1577 1850 1718 1920 resima
1732 1855 1779 1904 cst.

310 1939 440 2005 Potttraat,
460 1938 522 2006 aaa.
542 1944 635 2006 13051;
653 1939 755 2007 Bcrpcr
773 1945 845 1993 4433.

491 2133 699 2225 Magistro
727 2132 862 2206 Petro
891 2133 944 2206 de
971 2130 1151 2205 Atino³²
1178 2131 1391 2224 scriptori
1416 2137 1576 2205 nostro

363 2254 580 2327 canonico
613 2252 850 2341 Atinensi⁸,
888 2252 1057 2325 rectori
1094 2251 1285 2325 ecclesie
1317 2253 1463 2326 sancti
1494 2252 1710 2327 Marciani

706 2376 757 2447 de
785 2374 938 2447 Anno*
964 2374 1134 2447 Sorane
1161 2372 1372 2446 diocesis

317 2523 410 2604 Cum,
435 2524 518 2588 sicut
534 2524 629 2588 nobis
647 2524 830 2608 significare
848 2525 978 2602 curasti,
1003 2524 1088 2589 bone
1104 2525 1262 2589 memorie
1278 2524 1315 2588 L.
1331 2524 1506 2609 episcopus
1522 2521 1672 2608 Aquinas
1690 2520 1864 2586 ecclesiam

207 2626 313 2691 sancti
334 2626 494 2691 Marciani
522 2625 562 2692 de
586 2628 706 2692 Atino·
731 2628 792 2692 tibi
821 2628 1016 2692 auctoritate
1043 2628 1149 2693 felicis
1180 2627 1415 2694 recordationis
1440 2626 1480 2693 G.
1502 2647 1588 2712 papo
1621 2623 1863 2711 predecessoris

209 2730 312 2795 nostri
346 2728 477 2795 duxerit
510 2730 755 2811 conferendam,
793 2732 826 2795 in
862 2731 1118 2796 contradictores
1149 2731 1202 2796 vel
1232 2731 1375 2796 rebelles
1408 2728 1758 2795 excommunicationis
1790 2747 1863 2791 sen·

209 2834 347 2898 tentiam
376 2833 587 2918 proferendo,
618 2841 717 2919 tuque
747 2835 779 2898 in
807 2835 911 2921 ipsius
941 2836 1149 2921 possessione
1182 2834 1237 2899 diu
1265 2834 1367 2899 fueris
1397 2833 1535 2919 pacifica
1564 2837 1598 2897 et
1625 2832 1755 2917 quieta:
1797 2850 1865 2907 nos,

211 2938 275 3001 tuis
299 2936 592 3023 supplicationibus
617 2936 773 3014 inclinati,
798 2937 885 3021 quod
908 2959 1007 3024 super
1028 2937 1087 3001 hoo
1111 2938 1152 3002 ab
1178 2936 1293 3002 eodem
1319 2937 1475 3022 episcopo
1499 2936 1620 3000 iactum
1644 2940 1695 2998 est
1710 2939 1818 2998 ratum
1834 2938 1866 2997 et

211 3047 341 3126 gratum
364 3041 532 3119 habentes,
557 3040 676 3105 dictam
701 3042 875 3105 ecclesiam
899 3040 958 3105 tibi
981 3042 1176 3106 auctoritate
1200 3041 1381 3126 apostolica
1403 3039 1632 3103 confirmamus
1655 3044 1690 3103 et
1705 3037 1866 3124 presentis

212 3144 325 3229 scripti
339 3145 522 3230 patrocinio
538 3145 773 3208 communimus
790 3183 828 3191 —
846 3166 911 3209 non
928 3146 1080 3209 obstante
1096 3144 1183 3230 quod
1200 3145 1349 3209 canonici
1370 3144 1411 3209 de
1428 3144 1550 3208 Atino·
1564 3149 1639 3230 post
1658 3142 1867 3207 collationem

213 3247 398 3312 huiusmodi
421 3249 585 3333 quendam
609 3269 651 3314 ex
675 3248 755 3334 ipsis
779 3247 819 3312 de
843 3250 914 3335 ipsa
945 3249 1087 3314 ecclesia
1115 3249 1291 3313 investisse
1319 3268 1358 3311 ac
1386 3268 1460 3312 eam
1489 3267 1554 3310 una
1581 3267 1654 3310 oum
1677 3245 1721 3325 I.‚
1752 3244 1867 3309 iudicis

213 3349 304 3415 Petri
328 3350 369 3416 de
385 3351 493 3416 Vinea
516 3359 650 3438 nepote,
680 3353 735 3438 qui
757 3374 814 3437 pro
840 3374 952 3417 eorum
976 3374 1011 3416 se
1035 3351 1173 3437 gerebat
1195 3351 1380 3438 preposito,
1404 3350 1599 3414 auctoritate
1622 3349 1758 3436 propria
1781 3370 1868 3413 com·

215 3442 305 3519 muni
326 3477 440 3521 mense
465 3457 673 3543 postmodum
698 3464 820 3521 temere
844 3457 1021 3542 deputasse
1046 3465 1080 3520 et
1102 3455 1135 3520 id
1157 3458 1341 3522 iuramento
1369 3454 1518 3518 firmasse
1547 3453 1714 3527 dicuntum
1744 3473 1809 3538 que
1838 3462 1870 3517 et

214 3559 369 3644 quiequid
392 3559 481 3624 aliud
504 3559 545 3624 de
569 3561 641 3646 ipsa
664 3561 807 3626 ecclesia
829 3563 882 3625 vel
905 3560 1001 3625 bonis
1026 3562 1096 3625 eius
1121 3562 1153 3625 in
1176 3566 1268 3625 tuum
1292 3579 1469 3645 gravamen
1495 3565 1528 3621 et
1554 3555 1774 3644 preiudicium
1797 3563 1872 3621 sunt

215 3671 417 3749 presumpta,
441 3664 561 3729 nullius
584 3664 790 3730 decernimus
813 3667 957 3730 existere
980 3665 1155 3730 firmitatis.
1192 3664 1284 3729 Nulli
1301 3685 1379 3748 ergo
1396 3670 1457 3727 etc.
1481 3667 1592 3726 nostre
1616 3660 1871 3724 confirmationis

216 3772 250 3831 et
273 3767 515 3832 constitutionis
539 3779 601 3834 etc.

325 3886 402 3951 Dat.
427 3888 589 3974 Lugduni,
613 3888 663 3956 Id.
686 3889 848 3973 Octobris,
873 3912 958 3956 anno
974 3890 1050 3958 VI0.

326 4008 405 4072 Dati
433 4015 509 4072 sunt
541 4009 571 4073 ei
599 4031 698 4096 super
728 4012 790 4075 boc
825 4019 1074 4077 conservatores
1103 4060 1110 4076 .
1135 4063 1141 4076 .
1171 4010 1275 4075 abbas
1304 4009 1484 4074 Casemarii
1515 4013 1549 4072 et
1577 4056 1614 4071 ..
1642 4005 1734 4092 prior
1762 4004 1875 4070 Sancti

217 4113 383 4178 Dominici
398 4112 564 4178 Verulana
588 4120 622 4178 et
638 4114 763 4180 Sorano
787 4115 965 4195 diocesum,
989 4122 1025 4179 ut
1047 4116 1154 4201 ipsum
1178 4136 1243 4179 non
1266 4113 1457 4200 permittant
1480 4117 1593 4176 contra
1615 4108 1876 4174 confirmationis

219 4223 253 4282 et
276 4216 519 4282 constitutionis
542 4225 652 4284 nostre
675 4225 822 4284 tenorem
846 4220 887 4284 ab
911 4219 1073 4306 aliquibus
1097 4217 1276 4284 molestari.
1322 4214 1468 4290 Quodsi
1491 4236 1555 4279 non
1578 4213 1676 4278 ambo
1700 4221 1767 4278 etc.

323 4337 400 4404 Dat.
423 4343 460 4402 ut
483 4360 592 4425 supra.

841 4499 1111 4507 —Q-——-
1127 4499 1252 4505 ----..

1008 4786 1095 4859 599.

328 4899 546 4992 Innocentius
577 4927 602 4991 I
607 4927 634 4990 V
664 4948 755 5008 popa
791 4926 995 5012 [Gerbnrdo]
1037 4927 1177 5009 episcopo
1217 4923 1425 4989 Ambionensi
1467 4920 1613 4998 mandat,
1659 4922 1696 4982 at
1738 4919 1901 4985 Iohanni·

224 5029 261 5094 de
294 5029 443 5095 Ricncort
482 5031 578 5095 militi
614 5034 642 5094 ct
676 5031 806 5114 Haponc'
841 5032 911 5112 filio
947 5029 1029 5108 eins,
1072 5035 1181 5095 contra
1218 5029 1382 5111 Aorsenscs
1414 5024 1573 5108 proficisci
1604 5022 1749 5105 paratis,
1787 5023 1882 5088 s'llom

331 5327 355 5392 Ι)
373 5329 437 5380 stin
455 5328 488 5378 R.

331 5465 358 5531 1)
377 5461 471 5519 Sabo.
485 5470 557 5532 1249,
576 5463 683 5520 Fusa
699 5462 911 5518 cidcchmico
928 5459 964 5513 ad
976 5475 1067 5528 preces
1084 5458 1186 5513 obbatis
1203 5456 1348 5523 mandant,
1367 5460 1398 5509 nt
1415 5470 1476 5508 cnm
1491 5469 1521 5508 co
1536 5468 1617 5522 sapor
1632 5450 1875 5521 &smmum

227 5549 252 5605 si
269 5567 345 5618 quos,
363 5567 423 5604 nem
439 5551 597 5605 munatio
613 5550 780 5617 scandente,
797 5548 959 5616 mannaan,
977 5546 1150 5616 disponeret,
1168 5543 1310 5598 amando
1326 5558 1359 5596 aa
1375 5540 1475 5595 anmi
1491 5554 1597 5595 mones
1613 5537 1875 5611 nonprocoedmn

229 5634 329 5706 Βῆριν
345 5643 427 5706 43295
443 5636 573 5707 Missa,
592 5637 657 5708 Rcy.
671 5643 759 5694 13632.
849 5635 877 5705 2)
898 5633 948 5689 Ec
964 5638 1026 5706 cart.
1047 5631 1150 5690 Montis
1169 5629 1270 5688 Casini.
1322 5708 1327 5715 Ι
