4328 6232
760 361 807 416 EX
826 360 1046 418 ΙΝΝΟΟΕΝΤΙΙ
1063 360 1102 415 IV
1121 360 1303 417 nuslsrno

986 678 1073 753 637.

303 791 523 884 Innocentius
545 820 569 884 l
572 817 603 883 V
620 839 710 903 popa
738 822 902 900 confirmat
938 819 1110 903 complures
1147 818 1476 884 cccmnmnnicotc'onc's
1505 821 1535 882 ct
1559 818 1756 898 privationis
1792 837 1862 882 scn-

199 923 322 1000 tcntc'os,
346 943 426 1005 qnos
440 923 646 1008 [Conrodns]
660 922 913 1007 archiepiscopus
931 922 1125 990 Coloniensis
1148 924 1185 987 in
1207 923 1341 1000 clericos,
1364 921 1508 987 ccclcsr’oc
1527 920 1693 985 Romanum
1714 923 1863 986 assistere

199 1027 346 1105 nolentes,
369 1028 452 1093 tulit.
1504 1026 1598 1104 1246,
1618 1024 1773 1107 Anp.17.

304 1147 367 1201 [nn.
381 1145 432 1200 IV
448 1145 510 1215 cup.
529 1144 843 1213 6613161616,
864 1152 900 1210 ro,
920 1152 949 1199 ro
967 1149 991 1199 o
1011 1151 1047 1199 rr.
1152 1139 1154 1143 ‘

304 1233 404 1301 Bcrpor
419 1240 493 1300 2070,
510 1239 573 1288 2071
590 1236 614 1286 ct
631 1237 708 1287 2072.

1018 1353 1044 1416 Ι.

271 1483 479 1557 Henrico
507 1483 754 1575 preposito
781 1479 1066 1554 Xanctensis
1094 1479 1300 1553 ecclesie
1327 1478 1571 1571 capellano
1599 1479 1795 1552 nostro¹.

310 1632 364 1697 Ex
393 1639 486 1719 parte
509 1638 567 1696 tua
589 1631 684 1696 nobis
708 1630 819 1695 extitit
842 1630 1041 1708 intimatum,
1071 1628 1158 1715 quod
1183 1650 1255 1694 oum
1279 1631 1356 1695 olim
1379 1631 1559 1698 venerabili
1582 1631 1675 1696 fratri
1699 1636 1859 1696 nostro..

203 1736 390 1801 Coloniensi
413 1736 661 1823 archiepiscopo
686 1734 805 1800 nostris
829 1733 1015 1799 dederimus
1032 1733 1149 1799 litteris
1167 1735 1199 1798 in
1215 1734 1389 1814 mandatis,
1410 1741 1448 1800 ut
1464 1736 1599 1800 clericos
1616 1756 1674 1801 sue
1691 1735 1859 1821 provincie

202 1846 350 1904 moneret
373 1847 407 1905 et
429 1839 599 1906 induceret
623 1838 808 1924 diligenter,
833 1837 919 1924 quod
944 1837 1125 1904 efficaciter
1141 1839 1282 1904 ecclesie
1298 1838 1448 1904 Romane
1463 1840 1619 1906 assistere
1634 1849 1859 1926 procurarent,

203 1966 260 2010 eos
295 1944 337 2008 ad
370 1943 417 2023 id,
453 1946 480 2008 si
512 1965 650 2009 necesse
682 1942 795 2023 fuerit,
830 1964 968 2007 censura
1004 1943 1231 2007 ecclesiastica
1263 1943 1519 2030 compescendo,
1553 1950 1588 2008 et
1617 1944 1645 2008 si
1676 1966 1751 2009 eam
1781 1966 1856 2009 con·
1918 1982 1921 2013 ;

203 2054 420 2134 tempnerent,
443 2047 613 2113 beneficiis
639 2049 708 2112 suis
732 2046 965 2113 ecclesiasticis
990 2047 1133 2133 privaret
1157 2046 1304 2126 eosdem,
1328 2048 1410 2133 ipsa,
1433 2054 1531 2133 prout
1546 2047 1661 2112 honori
1677 2054 1711 2113 et
1725 2048 1859 2113 utilitati

201 2150 349 2216 eiusdem
373 2151 514 2218 ecclesie
539 2152 695 2238 expedire
720 2150 862 2229 videret,
891 2150 1041 2237 personis
1066 2150 1194 2215 idoneis
1218 2150 1432 2231 conferendo,
1461 2150 1568 2216 dictus
1592 2151 1858 2238 archiepiscopus

202 2255 234 2320 in
259 2253 438 2320 Gobertum
466 2255 507 2320 de
531 2255 709 2322 Perewen²
732 2254 896 2341 quondam
919 2255 1077 2318 maiorem
1101 2255 1306 2341 prepositum
1328 2255 1601 2320 Traiectensem³
1624 2260 1658 2320 et
1680 2253 1857 2320 Henricum

201 2357 242 2422 de
259 2358 369 2423 Breda
384 2357 646 2425 Daventrensem
670 2360 874 2446 prepositum
897 2366 931 2422 et
947 2358 1105 2422 maiorem
1123 2357 1283 2423 decanum
1299 2358 1557 2437 Traiecteusem,
1581 2359 1657 2444 quia
1681 2358 1713 2423 id
1730 2358 1857 2424 efficere

201 2461 341 2526 sollicite
357 2462 399 2526 ab
416 2463 487 2548 ipso
502 2464 617 2528 moniti
634 2463 870 2529 contumaciter
885 2462 1101 2547 denegarunt,
1124 2462 1471 2526 excommunicationis
1488 2462 1685 2528 sententiam
1701 2462 1856 2547 exigente
1908 2485 1921 2525 ε

201 2564 326 2629 iustitia
350 2568 577 2651 promulgavit.
624 2567 689 2633 Sed
713 2567 787 2653 ipsi,
811 2566 1075 2631 maledictionem
1098 2566 1252 2630 bibentes
1275 2572 1311 2630 ut
1334 2586 1463 2651 aquam,
1486 2566 1594 2631 redire
1618 2586 1683 2630 non
1708 2572 1860 2631 curarunt

201 2667 243 2733 od
273 2667 462 2733 mandatum
495 2671 633 2735 ecclesie
668 2692 753 2736 anno
784 2678 818 2734 et
847 2669 987 2756 amplius
1020 2669 1085 2734 iam
1121 2669 1249 2754 elapso,
1283 2675 1418 2754 proptor
1452 2668 1538 2754 quod
1572 2670 1720 2754 prefatus
1755 2668 1859 2734 archi·

204 2771 374 2858 episcopus
398 2772 563 2858 predictos
587 2775 771 2859 prepositos
794 2773 1011 2860 preposituris
1035 2773 1168 2858 privans
1185 2793 1309 2853 eornm,
1332 2772 1405 2836 illas
1422 2771 1482 2836 tibi
1497 2772 1591 2837 duxit
1607 2774 1767 2838 canonice
1784 2794 1860 2838 con-

203 2874 366 2939 ferendos.
418 2875 499 2940 Tuis
534 2876 635 2961 igitur
670 2878 964 2964 supplicationibus
999 2877 1161 2957 inclinati,
1196 2876 1282 2962 quod
1318 2898 1377 2962 per
1407 2875 1546 2942 eundem
1577 2876 1861 2963 archiepiscopum

204 2977 340 3066 provide
364 2979 486 3044 lactum
511 2987 562 3044 est
584 2981 617 3044 in
640 2980 700 3046 hac
723 2989 827 3067 porte,
852 2982 1048 3047 auctoritate
1070 2981 1251 3066 apostolica
1273 2979 1501 3044 confirmamus
1517 2987 1552 3044 et
1566 2981 1733 3066 presentis
1749 2981 1862 3068 scripti

204 3081 385 3167 patrocinio
409 3082 654 3148 communimus.
701 3084 793 3149 Nulli
818 3106 895 3170 ergo
919 3092 982 3150 otc.
1007 3090 1117 3149 nostre
1142 3083 1395 3149 confirmationis
1419 3090 1482 3148 oto.
1527 3083 1563 3148 si
1586 3085 1660 3170 quis
1684 3090 1747 3150 otc.

312 3200 389 3266 Dat.
413 3200 577 3287 Lugduni,
600 3203 683 3268 XVI
705 3204 782 3272 Kal.
807 3205 1023 3291 Septembris,
1047 3225 1133 3268 suno
1157 3204 1216 3270 IV.

1013 3427 1058 3493 ΙΙ.

247 3553 535 3628 Eukelberto
562 3555 782 3628 canonico
811 3556 1012 3629 ecclesie
1040 3555 1194 3629 sancti
1221 3555 1454 3628 lobannis
1481 3553 1820 3628 Traiectensis

313 3702 367 3766 Ex
391 3708 484 3789 parto
510 3710 566 3767 tua
583 3711 644 3768 etc.
668 3711 705 3768 ut
728 3726 842 3790 supro:
867 3704 975 3768 dictus
999 3703 1267 3789 archiepiscopus
1290 3703 1321 3766 in
1339 3701 1520 3767 chrioum
1543 3702 1584 3768 de
1600 3703 1712 3769 Breda
1728 3703 1863 3770 Daven-

206 3815 352 3872 trensem
366 3807 566 3893 prepositum
580 3814 614 3872 et
627 3809 783 3873 maiorem
795 3809 954 3875 decanum
967 3807 1213 3872 Traieotenscm
1227 3813 1260 3871 ot
1272 3805 1457 3871 Gilbertum
1469 3806 1590 3870 dietum
1603 3805 1645 3872 de
1657 3807 1865 3874 Amestello⁴
1916 3835 1921 3872 ε

205 3910 366 3976 decanum
400 3911 541 3975 ecclesie
571 3919 683 3976 sancte
707 3911 810 3976 Mario
835 3911 1054 3976 Traiectensis
1079 3916 1141 3975 etc.
1165 3917 1200 3974 ut
1224 3932 1337 3996 supra:
1369 3909 1564 3974 decanatum
1592 3910 1694 3998 ipsius
1724 3911 1867 3977 ecclesie

206 4022 319 4081 sancte
342 4014 445 4080 Msrie
462 4015 683 4080 Traiectensis
707 4015 766 4082 tibi
789 4016 884 4082 duxit
907 4014 1066 4080 canonice
1087 4013 1320 4079 conferendum
1331 4015 1353 4080 ⁵.
1391 4011 1472 4079 Tuis
1495 4014 1593 4100 igitur
1609 4021 1673 4083 eto.
1695 4024 1733 4080 ut
1755 4038 1867 4104 supra.

1003 4237 1067 4304 ΙΙΙ.

230 4363 531 4439 Theodorico
559 4366 610 4439 de
632 4363 906 4438 Wikerodo1¹⁶
933 4363 1118 4437 cantori
1145 4362 1466 4454 Traiectensi⁷,
1494 4364 1840 4458 consanguineo

345 4486 625 4559 venerabilis
651 4487 818 4560 fratris
845 4485 995 4559 nostri
1022 4484 1378 4578 archicpiscopi
1405 4486 1728 4560 Coloniensis.

314 4636 366 4701 Ex
389 4642 481 4723 parte
512 4642 569 4699 tua
592 4643 652 4700 etc.
677 4638 769 4700 utin
793 4635 972 4700 LXXVIo:
1004 4635 1199 4700 decanatum
1222 4635 1467 4700 'Proiectenscm
1497 4636 1557 4701 tibi
1585 4636 1681 4701 duxit
1705 4638 1865 4703 canonica
1913 4660 1921 4698 ε

205 4739 449 4807 conferendum.
495 4738 574 4804 Tuis
598 4740 699 4826 igitur
721 4739 1018 4825 supplicationibus
1043 4745 1105 4803 etc.

307 4999 332 5065 ι)
352 5000 483 5052 vvncrou.
499 5000 532 5052 a.

310 5138 336 5203 1)
355 5136 400 5190 Dc
416 5135 502 5190 corlon
519 5137 550 5202 ct
565 5138 662 5204 Bcrpor
679 5143 746 5203 1577,
768 5142 939 5203 1662-1665,
957 5141 1031 5202 1616,
1050 5142 1119 5202 1616,
1138 5142 1209 5203 1636,
1227 5143 1411 5191 2661-1666.
1481 5137 1509 5204 2)
1534 5135 1569 5190 Ut
1586 5134 1690 5189 nllctrcr
1709 5136 1817 5191 ΡΜ
1834 5152 1866 5190 cn

204 5230 267 5293 sapt.
294 5224 342 5278 cto.
365 5223 482 5291 Nomnr,
508 5222 553 5278 sod
578 5223 692 5289 sortossc
710 5223 845 5276 Pcnncclc
871 5238 884 5274 c
904 5238 966 5276 cncr.
984 5228 1008 5275 ct
1036 5238 1073 5276 or.
1097 5223 1144 5276 cio.
1168 5223 1302 5293 lbccrnoy.
1407 5223 1501 5304 3)·Dc
1518 5220 1603 5277 eodem
1623 5222 1659 5289 cs.
1679 5223 1779 5292 ΒΜ
1797 5231 1866 5280 1166

205 5311 232 5377 4)
252 5311 353 5365 Arnstel
370 5328 384 5364 c
401 5327 462 5364 mer.
481 5310 529 5364 oio.
549 5308 721 5362 Anvotcrdom,
791 5309 818 5375 b)
838 5308 905 5376 Ipso
923 5325 1027 5377 ottoque
1046 5308 1150 5361 collatio
1167 5309 1221 5362 ion
1238 5315 1301 5362 orno
1319 5326 1425 5362 ortorum
1441 5309 1519 5375 facto
1536 5313 1583 5376 cst,
1604 5325 1670 5362 narn
1686 5309 1737 5362 snb
1754 5328 1780 5363 n
1794 5317 1864 5378 1146,
1912 5326 1921 5365 ³

208 5396 263 5451 Oct.
276 5404 308 5450 26
321 5413 397 5465 popo
415 5396 586 5467 Engelberto
604 5395 710 5451 decano
728 5394 844 5450 ecclesie
862 5397 957 5448 sancte
976 5393 1065 5447 Mario
1084 5394 1270 5449 Trnicotensis
1288 5394 1415 5464 indulsit,
1438 5401 1469 5449 nt
1491 5412 1579 5450 onum
1601 5394 1694 5450 odlcnc
1715 5395 1868 5464 bovotoiaav

205 5482 317 5537 rotinere
336 5483 444 5546 oolam
461 5483 559 5551 Bcrpcr
570 5488 639 5538 1661.
676 5481 847 5536 Collotioncnv
863 5480 895 5533 in
911 5481 1117 5535 oontrooorsionv
1134 5487 1252 5536 ooootonr
1271 5498 1324 5536 csso
1341 5487 1485 5551 putantur,
1503 5487 1614 5553 proptor
1629 5481 1707 5551 quoa
1722 5483 1789 5539 box
1805 5498 1868 5538 σαι·

203 5568 321 5634 firmatio
332 5585 422 5637 popoc
438 5568 568 5637 rcqnnito
584 5573 635 5636 cst‚·
656 5567 689 5635 cs.
708 5585 736 5622 n.
752 5574 811 5622 244.
899 5567 927 5636 6)
947 5566 1085 5622 Wtcnrato
1102 5583 1116 5622 c
1133 5582 1194 5623 mor.
1212 5567 1259 5624 cio.
1275 5567 1422 5629 Gladboob.
1510 5568 1538 5638 7)
1555 5566 1600 5625 Do
1615 5567 1704 5627 who
1719 5568 1870 5641 etima·

205 5659 279 5721 cors,
297 5660 370 5709 csso.
