4734 6334
878 335 1078 392 EPISTOLAE
1096 339 1292 398 SELEC'I'AE.
1329 345 1405 402 1249.
1901 361 1964 422 517

308 504 532 568 monasterium
560 505 749 570 mmastcrr'o
776 505 814 569 dc
842 507 959 574 Insula
985 509 1148 578 Pauliana
1174 515 1361 582 sutrmr'ssum
1385 518 1501 604 suerit,
1533 521 1606 586 truie
1633 528 1821 591 manaan
1847 529 1965 594 selvae

307 609 484 674 teneantur.
1607 629 1701 708 1249,
1723 630 1804 711 Apr.
1819 633 1873 700 27.

413 731 476 784 Ian.
491 730 539 785 IV
553 730 616 800 Ray.
635 729 694 784 Iao.
713 729 762 798 VI,
778 729 852 798 fill,
870 739 965 787 11541.

414 817 547 885 Petriana,
568 815 631 885 Itep.
644 821 739 880 13048,·
757 817 856 886 Rapa
872 823 943 873 4531.

335 1073 375 1090 ..
402 1015 558 1090 abbati
586 1020 627 1088 et
654 1015 899 1089 conventui
925 1018 1196 1093 monasterii
1224 1022 1366 1095 sancti
1393 1023 1590 1115 Spiritus
1617 1028 1669 1102 de
1687 1030 1932 1104 Sennone³¹

634 1135 955 1210 Cistereiensis
981 1138 1154 1213 ordinis
1182 1139 1397 1218 Geietane
1425 1145 1634 1221 diocesis

414 1286 629 1351 Conversatio
652 1291 777 1366 vestra,
800 1285 990 1352 intentionis
1013 1289 1155 1374 puritate
1178 1289 1356 1372 laudanda,
1385 1295 1532 1362 bonitate
1555 1299 1746 1365 veneranda
1768 1321 1903 1388 operum
1927 1309 1960 1370 et

304 1393 534 1478 prosecutione
558 1389 772 1478 approbanda
794 1391 1003 1456 observantie
1028 1394 1204 1478 regularis,
1238 1396 1325 1482 apud
1352 1419 1413 1463 nos
1443 1406 1477 1464 et
1506 1400 1618 1468 sedem
1647 1405 1861 1490 apostoticam
1884 1429 1958 1492 pro-

304 1503 463 1575 meretur,
501 1502 538 1559 ut
568 1515 644 1576 vos,
682 1495 737 1580 qui
768 1516 788 1560 a
816 1496 981 1580 presentis
1016 1499 1119 1562 seculi
1153 1499 1294 1582 lubrico,
1328 1523 1369 1567 ne
1403 1506 1543 1570 rueretis
1577 1509 1772 1589 mortaliter,
1808 1513 1958 1576 retractis

304 1601 474 1686 gressibus
508 1600 541 1663 in
571 1598 817 1664 habitaculumb
852 1600 1035 1665 claustralis
1070 1603 1258 1668 solitudinis
1289 1608 1489 1688 secessistis,
1525 1611 1693 1696 oportunis
1721 1633 1957 1700 prosequamur

215 1777 219 1782 ,
302 1704 469 1770 favoribus
500 1710 534 1768 et
564 1703 756 1790 apostolicis
791 1703 891 1768 etiam
925 1703 1108 1790 privilegiis
1141 1709 1341 1790 muniamus,
1376 1711 1410 1775 in
1441 1733 1480 1777 eo
1509 1715 1668 1801 precipue
1702 1722 1839 1800 paterna
1865 1717 1957 1784 vobis

301 1809 471 1894 diligentia
486 1807 706 1895 providentes,
729 1813 766 1871 ut
786 1808 857 1892 regi
878 1807 1014 1893 pacifico
1039 1811 1223 1896 tranquillis
1247 1818 1281 1877 et
1303 1812 1429 1879 devotis
1453 1817 1628 1900 mentibus,
1653 1819 1799 1884 scandali
1824 1820 1956 1886 sublata

301 1912 438 1978 materia
460 1913 578 1997 viaque
601 1911 752 1996 preclusa
774 1910 897 1996 litigiis,
921 1910 1070 1977 famulari
1093 1913 1226 1980 assidue
1249 1915 1397 1982 valeatis.
1433 1917 1521 1983 Hinc
1545 1927 1606 1999 est,
1631 1921 1719 2007 quod
1742 1943 1814 1986 cum
1838 1922 1954 1990 damus

301 2022 422 2098 vestra,
446 2016 532 2080 sicut
554 2013 794 2080 insinuantibus
810 2014 903 2079 vobis
920 2016 1117 2102 accepimus,
1141 2021 1340 2086 monasterio
1356 2023 1459 2086 sancti
1474 2021 1597 2108 Angeli
1613 2023 1793 2089 Gaietan0⁰
1808 2046 1951 2092 annuum

302 2121 398 2184 trium
421 2118 576 2183 librarum
599 2117 719 2182 olibani
744 2139 878 2183 censum
903 2119 971 2183 sive
995 2119 1157 2186 redditum
1179 2144 1239 2209 pro
1261 2123 1369 2189 insula
1392 2124 1433 2190 de
1457 2125 1613 2192 Sennona
1638 2129 1765 2193 solvere
1788 2132 1952 2212 teneatur,

299 2230 333 2288 et
363 2243 468 2309 nuper
498 2221 733 2306 monasterium
763 2221 871 2307 ipsum
901 2223 1104 2288 monasterio.
1127 2223 1168 2289 de
1197 2225 1311 2292 Insula
1339 2227 1547 2294 Pontiana‘¹²
1571 2230 1802 2296 cisterciensis
1831 2233 1954 2299 ordinis

299 2326 549 2392 submiserimus
579 2324 620 2390 de
647 2324 851 2410 plenitudine
882 2327 1072 2411 potestatis,
1100 2348 1174 2411 nos,
1203 2331 1351 2396 volentes
1380 2353 1510 2398 omnem
1538 2331 1703 2400 discordie
1732 2337 1817 2400 inter
1838 2357 1898 2402 vos
1921 2344 1955 2403 et

299 2430 454 2495 abbatam
477 2436 511 2494 et
535 2434 732 2495 conventum
755 2427 873 2515 prefati
895 2431 1086 2495 monasterii
1109 2431 1150 2498 de
1168 2433 1280 2498 Insula
1293 2433 1479 2500 Pontiana‘¹
1502 2437 1708 2502 occasionem
1731 2437 1764 2502 in
1780 2438 1841 2503 hac
1857 2447 1952 2526 parte

298 2534 429 2619 penitus
452 2538 638 2619 amputare,
669 2531 851 2598 devotionis
879 2539 989 2598 vestre
1018 2535 1311 2620 supplicationibus
1342 2538 1504 2620 inclinati,
1536 2541 1630 2605 vobis
1661 2541 1844 2626 vestrisque
1875 2564 1950 2608 suc-

299 2637 499 2716 cessoribus,
529 2658 571 2702 ne
598 2635 750 2701 decetero
780 2635 920 2701 eundem
953 2657 1088 2702 censum
1112 2659 1171 2703 seu
1195 2638 1357 2704 redditum
1381 2642 1508 2707 solvere
1532 2644 1725 2726 teneamini,
1755 2647 1951 2712 auctoritate

296 2741 499 2827 presentium
522 2739 740 2826 indulgemus.
785 2739 876 2804 Nulli
899 2761 978 2826 ergo
1002 2748 1065 2807 etc.

404 2860 481 2926 Dat.
504 2860 667 2945 Lugduni,
690 2861 721 2924 V
744 2860 818 2926 Kal.
842 2860 932 2942 Maii,
955 2882 1041 2926 anno
1058 2862 1155 2928 VI⁰³.
1231 2904 1237 2910 -

917 3125 1328 3134 --———.—

1079 3368 1167 3443 696.

397 3480 615 3576 Innocentius
629 3509 655 3575 I
658 3509 687 3575 V
693 3531 783 3595 papa
798 3509 957 3596 [Rapere]
971 3512 1112 3594 arisaopa
1126 3511 1268 3575 Tultansi
1283 3511 1407 3575 obtentu
1422 3511 1579 3578 Iohannis
1593 3515 1712 3578 comitis
1726 3513 1946 3596 Burpundiae,

291 3613 412 3678 dunini
434 3613 628 3693 Suttuensis,
656 3615 803 3693 mandat,
831 3618 868 3678 at
895 3634 964 3678 cum
986 3613 1128 3695 Radutfa
1155 3615 1193 3678 dc
1214 3615 1382 3679 Abinur'tla
1411 3619 1440 3679 u
1462 3617 1603 3680 Adatlna
1630 3636 1725 3698 super
1746 3619 1946 3682 matrimonia

292 3719 514 3802 irregulariter
534 3722 689 3783 contracto
710 3718 876 3799 rtiarmsct.
1594 3721 1687 3798 1249,
1710 3720 1857 3802 111028.

396 3839 459 3891 Ina.
479 3837 526 3892 IV
540 3837 605 3908 Rea.
625 3837 685 3891 Ia'b.
702 3836 749 3904 VI,
765 3836 840 3904 [.41,
858 3853 886 3890 ιι.
899 3845 955 3892 479.

394 3925 524 3993 Potttraat,
546 3925 715 3994 Ra9.13610,·
732 3925 831 3992 Baua
848 3931 922 3979 4409.

842 4159 881 4177 ..
910 4103 1136 4195 episcopo
1164 4103 1399 4179 Tullensi.

397 4251 451 4317 Ex
473 4259 566 4340 parte
589 4251 719 4318 Radulti
743 4251 783 4317 de
807 4252 1000 4317 Abinvilta⁴
1027 4253 1100 4318 laici
1130 4253 1301 4318 familiaris
1331 4253 1444 4317 dilecti
1473 4251 1530 4316 filii
1562 4250 1680 4316 nobilis
1704 4252 1765 4317 riri
1787 4252 1941 4319 Iohannis

291 4357 420 4422 comitis
443 4356 635 4443 Burgundie
658 4357 777 4422 domini
802 4356 1007 4422 Salinensis⁵
1030 4357 1090 4421 luit
1113 4357 1317 4442 propositum
1342 4377 1449 4421 coram
1472 4353 1584 4435 nobis,
1615 4352 1700 4440 quod
1729 4355 1806 4420 licet
1833 4356 1940 4422 dictus

286 4461 328 4528 R.
352 4483 426 4526 cum
449 4459 593 4525 Adetina
619 4461 757 4525 muliere
789 4460 1030 4525 matrimonium
1054 4461 1088 4524 in
1112 4460 1198 4524 facie
1222 4460 1362 4528 ecclesie
1385 4458 1532 4544 legitime
1557 4458 1775 4523 contraxisset
1798 4467 1832 4524 et
1854 4461 1940 4525 titios

287 4565 488 4650 suscepisset
510 4571 545 4630 et
559 4564 657 4629 filiam
675 4585 717 4630 ex
733 4563 860 4644 eadem,
883 4563 1047 4650 quodam⁸
1067 4570 1177 4628 tamen
1193 4564 1297 4629 milite
1314 4584 1353 4628 ac
1369 4561 1495 4627 duabus
1511 4560 1701 4627 mulieribus
1718 4565 1940 4629 asserentibus

705 4706 715 4711 -
721 4705 1139 4712 —-——-—-——-—-—-
1144 4705 1217 4712 -0-
1731 4704 1835 4712 —-

390 4789 415 4857 ⁸)
438 4791 543 4844 Sennar'r
561 4790 592 4842 R.
708 4789 735 4855 b)
758 4791 961 4843 inhabitaculum
980 4790 1013 4841 R.
1130 4786 1153 4854 ⁰)
1177 4787 1286 4842 Gaietar’r
1305 4789 1337 4840 It.
1455 4785 1607 4858 5¹)Pontia1’r
1628 4789 1660 4842 R.
1777 4789 1802 4853 ο)
1827 4791 1938 4858 quadam

286 4893 355 4929 corr.
373 4877 492 4944 quodam.

388 5013 414 5079 1)
433 5012 566 5066 hanone
588 5026 601 5064 e
624 5025 686 5067 arar.
710 5015 734 5065 et
755 5025 805 5066 occ.
827 5010 873 5064 cir.
893 5009 989 5064 Galla.
1086 5009 1113 5075 2)
1134 5009 1228 5063 Pansa
1245 5024 1259 5062 e
1276 5023 1338 5063 rner.
1361 5013 1385 5062 at
1407 5023 1458 5063 coc.
1477 5008 1582 5062 imadae
1599 5008 1739 5064 hancne.
1834 5010 1861 5078 3)
1881 5009 1939 5065 Sao

285 5095 373 5151 codun
395 5097 437 5151 dia
459 5096 556 5151 andan
578 5097 697 5150 insuam
713 5097 873 5152 Veruuterae
890 5095 1109 5165 [Pandatariaa
1135 5093 1214 5148 todia
1232 5093 1404 5162 Vandotena,
1429 5109 1521 5148 aner.
1540 5099 1563 5148 et
1582 5109 1621 5148 or.
1639 5094 1691 5150 iau.
1709 5095 1865 5167 Zanmnet,
1889 5095 1938 5149 aab

285 5183 353 5251 Apr.
370 5189 404 5238 30
421 5189 532 5252 propter
554 5200 643 5238 mum
662 5187 848 5252 muneram
872 5182 991 5236 incubat
1017 5181 1120 5237 Usuae
1142 5181 1190 5251 [aa
1212 5186 1277 5250 sept.
1300 5181 1345 5235 cir.
1362 5179 1500 5251 Palenno]
1518 5179 1695 5249 nomitatdas
1722 5183 1861 5250 commun
1887 5183 1937 5236 sub

287 5269 357 5324 Mai.
372 5276 389 5323 3
405 5270 500 5324 eisdan
518 5271 685 5338 ccnfimmrtt
703 5270 834 5324 acturam
846 5269 939 5323 Sancti
951 5268 1081 5337 Stephani
1098 5269 1205 5322 lanatae
1219 5268 1351 5336 pennatae
1365 5266 1527 5334 Ventaterac,
1545 5267 1622 5321 arcun
1635 5267 1713 5335 prior
1731 5273 1755 5322 et
1770 5268 1867 5335 fratrea
1877 5283 1936 5321 aaut

285 5355 407 5410 mandas
427 5356 504 5412 bonis
525 5358 583 5411 auls
605 5357 723 5424 tasonem
744 5354 905 5409 nwnanau'o
928 5369 956 5408 se
979 5353 1159 5422 9101015109,
1185 5353 1283 5422 Baaa
1300 5359 1379 5420 4539,
1401 5360 1476 5420 4017,
1500 5360 1582 5411 4618:
1608 5353 1742 5422 Potttast,
1769 5354 1832 5422 Rea.
1850 5359 1937 5421 13049,

206 5455 232 5494 ιο
285 5445 372 5510 13709,
391 5448 481 5498 13103.
567 5445 595 5512 4)
615 5443 742 5497 Fortasse
753 5441 928 5510 Appinuuter,
947 5441 1127 5510 Apparreeyer
1143 5455 1176 5494 ac
1193 5455 1246 5494 acc.
1263 5439 1310 5493 cta.
1321 5439 1533 5494 Neu-Braneus.
1619 5443 1646 5506 5)
1663 5439 1704 5494 Da
1720 5440 1768 5494 aa
1786 5441 1819 5506 cs.
1837 5456 1865 5493 n.
1879 5446 1936 5495 339.

284 5527 363 5580 Atiae
377 5530 482 5597 manae
499 5529 603 5583 intuita
626 5527 743 5582 ιιιιιιίιιιι
761 5546 780 5580 ιι
793 5543 869 5596 papa
890 5527 977 5594 factae
999 5544 1044 5596 ap.
1063 5527 1261 5596 1309014045,
1279 5532 1351 5592 4193,
1370 5531 1445 5593 4330,
1464 5531 1541 5593 4389,
1559 5533 1644 5593 4450,·
1666 5527 1796 5595 Politian,
1817 5525 1880 5595 Rea.
1893 5557 1935 5596 -,

285 5620 372 5684 13041,
391 5623 479 5684 13525,
502 5623 589 5684 13340,
609 5622 696 5684 13597,
715 5617 745 5682 ef.
764 5616 841 5668 etiam
861 5621 949 5681 13000,
972 5629 1040 5683 arrae
1057 5629 1096 5682 ep.
1113 5613 1143 5667 tn
1164 5613 1227 5681 Itep.
1245 5628 1303 5666 non
1320 5617 1399 5668 extat.
