4328 6232
815 315 861 371 EX
880 312 1098 372 lunocnnrn
1116 312 1155 368 IV
1173 310 1355 368 nnors‘rno

1044 668 1130 741 254.

361 780 580 876 Innocentius
595 809 620 874 Ι
623 808 652 873 V
666 785 758 890 propa
780 807 920 873 Iotmnni
941 807 978 870 ce
1001 805 1236 891 Montefnscnto
1254 806 1412 870 Berensis
1433 805 1571 883 diocesis,
1594 806 1630 869 in
1646 803 1836 885 messenen
1858 821 1917 866 sem

257 914 430 991 constituto,
453 915 591 979 restitnit
614 914 695 977 bona
716 935 737 976 a
759 912 915 976 Riccarrto
933 916 1050 994 pratrno
1072 911 1199 989 donata,
1221 911 1335 992 qreibas
1357 909 1543 974 Fridcriacs
1564 908 1723 991 qnondam
1745 909 1917 988 imparatos

257 1037 326 1080 aene
347 1018 538 1098 spoliamini.
1573 1016 1666 1091 1246,
1692 1011 1759 1078 Oct.
1775 1014 1830 1076 26.

362 1135 427 1188 Inn.
443 1136 491 1189 IV
508 1135 572 1204 Rep.
589 1135 645 1190 Vot.
659 1133 684 1201 1,
702 1142 762 1197 ⁴115
784 1133 843 1187 Inb.
858 1132 911 1199 IV,
928 1139 987 1187 892.
1024 1132 1149 1201 Ernstola
1169 1133 1239 1186 cirac
1259 1134 1340 1199 finem
1364 1133 1467 1186 dantem
1490 1133 1581 1201 measti
1601 1133 1670 1186 anni
1690 1132 1871 1201 pontificatus
1887 1132 1916 1183 ia

260 1220 325 1290 Ra.
343 1222 429 1275 rdata
445 1226 488 1276 cst.

363 1308 461 1377 Barpcr
478 1315 554 1363 2890.

338 1486 497 1559 Nobili
524 1487 624 1560 viro
653 1489 849 1562 Iohanni
876 1489 928 1562 de
955 1487 1332 1562 Montefnsculo¹
1362 1486 1583 1560 Berensis
1610 1486 1837 1560 diocesis.

368 1635 464 1700 Circa
494 1636 696 1701 subditorum
720 1644 753 1701 et
781 1638 954 1721 presertim
986 1636 1141 1700 nobilium
1165 1634 1342 1698 relevanda
1365 1634 1555 1717 gravamina
1577 1632 1748 1719 diligentie
1772 1634 1915 1698 studium

261 1740 472 1821 adhibentes,
509 1740 595 1825 quod
625 1741 657 1804 in
687 1741 807 1806 affectu
836 1742 980 1826 gerimus
1011 1741 1097 1805 circa
1126 1740 1228 1825 ipsos,
1261 1738 1403 1802 libenter
1431 1737 1581 1802 ducimus
1610 1737 1652 1802 ad
1681 1738 1852 1817 effectum,
1881 1748 1916 1800 ut

260 1865 473 1931 oppressores
506 1844 708 1908 confusionis
740 1850 908 1930 stuporem
941 1845 1084 1908 sentiant
1113 1864 1150 1906 ao
1179 1843 1329 1928 oppressi
1359 1841 1470 1926 gaudii
1499 1849 1531 1907 ot
1562 1841 1765 1926 obsequendi
1797 1842 1914 1907 devote

261 1949 432 2012 materiam
457 1970 499 2013 ex
522 1949 583 2013 hoo
608 1954 747 2014 sumant.
786 1947 868 2012 Cum
891 1948 1000 2033 igitur,
1025 1949 1109 2012 sieut
1131 1948 1164 2010 in
1186 1954 1298 2010 nostra
1314 1945 1513 2032 proposuisti
1530 1947 1697 2031 presentia
1714 1945 1916 2024 constitutus,

261 2051 423 2135 quondam
441 2051 622 2116 Rieeardus
646 2050 977 2127 dehonestassent
1001 2059 1136 2137 patruus
1161 2059 1247 2126 tuus,
1270 2049 1506 2114 Beneventano
1528 2050 1683 2128 diocesis,
1707 2051 1817 2114 omnia
1833 2049 1917 2113 bona

262 2176 322 2218 sua
344 2155 401 2218 tibi
425 2155 597 2219 donaverit
620 2155 705 2219 inter
728 2155 834 2235 vivos,
865 2176 902 2219 ae
926 2155 1114 2219 Fridericus
1139 2154 1300 2240 quondam
1324 2153 1543 2219 Romanorum
1566 2155 1747 2240 imperator
1769 2160 1802 2217 te
1824 2154 1916 2217 honis

262 2257 386 2322 eisdem
411 2281 469 2345 pro
492 2279 549 2322 sue
574 2259 751 2322 voluntatis
774 2258 865 2322 libito
891 2260 1053 2346 spoliarit,
1082 2280 1159 2338 nos,
1190 2259 1254 2322 tuis
1277 2259 1571 2345 supplicationibus
1600 2259 1762 2336 inclinati,
1795 2279 1837 2322 ea
1860 2257 1915 2320 tibi

262 2364 392 2447 tuisque
415 2362 672 2440 suecessoribus,
696 2363 870 2448 presertim
888 2383 960 2425 eum
979 2383 1115 2446 reguum
1133 2362 1246 2425 Sicilie
1262 2382 1341 2445 rego
1358 2360 1400 2424 ad
1416 2382 1552 2447 presens
1569 2369 1689 2436 careat,
1714 2363 1914 2425 restituimus

262 2465 302 2529 de
331 2467 437 2549 gratia
467 2466 617 2551 speciali,
650 2465 825 2530 dummodo
853 2464 894 2529 ad
922 2467 1021 2529 alium
1051 2467 1083 2530 in
1113 2464 1288 2531 devotione
1317 2466 1458 2530 ecclesie
1487 2467 1719 2552 persistentem
1751 2486 1815 2530 non
1845 2487 1916 2552 per-

262 2571 389 2633 tineant
411 2569 498 2634 dicta
520 2570 617 2634 bona.
662 2570 753 2634 Nulli
777 2591 856 2655 ergo
880 2607 921 2616 —
945 2575 1059 2634 nostre
1083 2570 1302 2635 restitutionis
1327 2578 1389 2634 ete.

371 2688 445 2754 Dat.
469 2689 631 2775 Lugduni,
654 2689 719 2753 VII
743 2689 818 2755 Kal.
843 2689 1050 2768 Novembris,
1075 2710 1161 2753 anno
1185 2688 1232 2752 IV
1243 2689 1265 2752 ³.

892 3001 1299 3012 .-.-.---.-·-

1050 3316 1135 3393 955.

370 3427 589 3524 Innocentius
604 3454 628 3523 Ι
632 3453 659 3522 V
666 3480 758 3540 parra
773 3456 958 3546 [Conrado]
972 3460 1201 3544 oretrmtsenpo
1218 3457 1397 3527 Coloniensi
1418 3454 1558 3535 mandat,
1581 3461 1616 3521 nt
1631 3455 1822 3537 collationes,
1845 3477 1925 3541 qnos

269 3561 340 3627 Otto
356 3563 559 3648 praepositas
580 3563 741 3644 Aquensis
763 3583 797 3626 eo
820 3567 966 3644 ternpore,
989 3585 1049 3646 qno
1071 3569 1179 3629 contra
1201 3564 1416 3649 [Wittclmnm
1433 3561 1493 3647 ΙΙ]
1514 3562 1641 3626 electam
1663 3561 1867 3627 Valentinum
1888 3563 1925 3628 oe

266 3666 392 3729 ecelesia
408 3666 576 3731 Leodiensi
598 3668 744 3749 liticarct,
767 3670 908 3732 nesciens
930 3688 961 3731 se
985 3669 1128 3733 omnibns
1144 3669 1350 3752 clipnitatibns
1360 3667 1524 3751 pnioatnm
1539 3685 1611 3744 esse,
1630 3665 1752 3750 fremit,
1775 3687 1845 3732 erem
1860 3670 1925 3732 iam

266 3769 430 3832 restitutas
451 3770 502 3846 sil,
525 3772 692 3851 confirmet.
1583 3771 1677 3848 1246,
1704 3768 1769 3833 oa.
1784 3772 1838 3837 28.

371 3888 435 3942 Inn.
451 3888 470 3941 Ι
471 3889 496 3942 V
512 3888 574 3956 Rep.
593 3889 907 3958 nortmannicis,
929 3898 984 3945 190.
1021 3892 1173 3960 Epistotam
1192 3908 1224 3946 ea
1244 3891 1359 3960 Repertis
1376 3890 1511 3958 descripsi
1528 3889 1556 3943 V.
1574 3888 1614 3944 Οἱ.
1626 3889 1659 3942 A.
1675 3889 1754 3943 Man.

372 3974 472 4043 Beroe
489 3983 559 4030 ersa

723 4160 762 4177 ..
791 4105 1143 4199 archiepiscopo
1172 4104 1458 4181 Coloniensi.
1548 4148 1569 4178 1

375 4249 429 4314 Ex
453 4258 548 4336 parte
565 4250 701 4316 Octonis
725 4255 881 4341 prepositi
905 4257 1070 4340 Aquensis
1094 4257 1234 4321 ecclesie
1258 4256 1351 4320 nobis
1375 4253 1485 4319 extitit
1506 4251 1702 4332 intimatum,
1726 4251 1825 4338 quod,
1849 4251 1927 4316 olim

269 4352 355 4417 inter
377 4353 463 4419 bone
487 4356 643 4420 memorie
670 4357 933 4424 ..Valentinum
957 4360 1122 4425 electum*
1145 4366 1179 4423 et
1201 4380 1275 4424 eum
1300 4379 1400 4444 super
1422 4357 1584 4422 electione
1608 4354 1649 4422 de
1672 4356 1744 4442 ipso
1762 4362 1798 4422 et
1811 4363 1927 4442 postu·

269 4456 391 4521 latione
415 4457 456 4522 de
479 4459 606 4544 prelato
630 4460 737 4525 eleeto
760 4461 792 4526 in
817 4463 994 4527 Leodiensi
1017 4464 1161 4528 eeclesia
1184 4462 1384 4527 celebratis⁵
1407 4461 1465 4525 lite
1489 4458 1669 4546 pendente,
1700 4459 1834 4524 tandem
1857 4460 1928 4524 eins

270 4562 433 4626 electione
458 4570 588 4627 cassata
604 4564 801 4630 venerabilis
825 4567 926 4633 frater
948 4576 1061 4634 noster
1077 4616 1085 4633 .
1101 4620 1106 4633 .
1123 4568 1340 4633 Tornacensis
1364 4565 1563 4653 episeopus⁶
1586 4570 1620 4629 et
1639 4561 1780 4628 dilectus
1795 4562 1881 4627 filius
1897 4608 1927 4627 ..

208 4725 210 4728 ,
270 4665 455 4749 prepositus
483 4667 623 4732 ecclesio
647 4667 884 4751 Sieliniensis⁷‚
915 4679 1103 4737 asserentes
1136 4693 1171 4737 se
1196 4673 1304 4758 ipsum
1327 4668 1521 4734 auctoritate
1544 4667 1728 4755 apostoliea
1750 4667 1928 4739 monuisse.

271 4769 356 4852 quod
381 4770 481 4833 nichil
506 4769 697 4857 disponeret
726 4772 767 4836 de
796 4774 977 4841 redditibus
1005 4777 1248 4865 episcopalibus
1279 4776 1382 4862 ipsius
1406 4772 1601 4839 Leodiensis
1629 4770 1788 4851 ecclesie,
1819 4789 1858 4834 se
1887 4768 1928 4834 ad

381 4927 478 4934 --—-
659 4932 970 4942 ——---—-—-——

376 5028 403 5094 1)
423 5027 517 5081 Monte
530 5027 622 5083 Fusco
639 5047 652 5083 e
669 5047 729 5085 mer.
748 5038 772 5085 et
788 5048 826 5086 or.
839 5034 987 5088 Bencrenti.
1057 5037 1085 5095 il
1104 5035 1148 5089 De
1164 5034 1212 5088 troc
1229 5034 1265 5101 es.
1278 5031 1562 5100 utramontani,
1581 5032 1597 5086 l.
1610 5046 1631 5085 e.
1649 5035 1667 5084 t.
1683 5028 1729 5095 VL
1743 5045 1772 5097 p.
1786 5032 1928 5082 494-497.

271 5113 298 5178 3)
319 5114 397 5166 Attice
414 5116 593 5170 restitutiones
610 5118 649 5170 eet
665 5119 878 5185 oonfimnotimres
896 5123 1023 5176 monem
1040 5123 1173 5175 natalibus
1189 5121 1264 5190 repni
1283 5120 1390 5174 Sia'tine
1406 5120 1456 5173 srtb
1474 5118 1563 5172 eadem
1579 5117 1636 5183 sem
1651 5117 1741 5183 soram
1758 5120 1817 5168 trem
1831 5113 1929 5181 sadum

269 5198 354 5253 eidem
372 5200 492 5254 Iohanni
509 5203 559 5256 snb
578 5202 630 5256 oa.
643 5211 684 5272 26,
703 5204 795 5259 Dect
812 5211 836 5259 rt
855 5215 964 5274 111247,
984 5209 1048 5262 Ian.
1066 5215 1102 5262 28
1119 5226 1163 5277 ap.
1183 5209 1483 5277 Bcrper2891-2894,
1502 5204 1536 5270 cf.
1555 5203 1637 5257 etiam
1656 5208 1740 5267 290&
1758 5198 1879 5256 Rmroo
1893 5197 1925 5251 dt

273 5285 426 5340 Mamaonte
443 5287 634 5358 Hydrominae
655 5289 774 5358 diocesis,
797 5292 828 5344 in
847 5295 998 5361 promente
1018 5310 1108 5362 papae
1129 5294 1283 5359 enormitate,
1310 5293 1360 5345 ereb
1380 5291 1450 5360 Sept.
1467 5296 1502 5344 22
1519 5295 1542 5343 et
1561 5287 1615 5342 oc.
1629 5295 1661 5343 10
1676 5304 1722 5356 ap.
1741 5287 1843 5357 Bapcr
1860 5290 1930 5351 2111,

274 5377 343 5439 erre,
361 5379 438 5437 aaa
458 5374 579 5429 ammo
593 5376 683 5444 nnita,
701 5376 844 5446 Lentem
861 5379 951 5433 aeson
969 5386 994 5434 a
1012 5380 1134 5435 Aeaeae
1151 5381 1267 5449 menen,
1292 5379 1365 5433 nna
1380 5376 1516 5446 quamam
1535 5375 1648 5431 Raeti·
1664 5373 1697 5429 de
1714 5373 1833 5443 Aesis»
1851 5371 1930 5427 Μ

272 5458 400 5512 tianensis
418 5459 529 5514 dioceses
545 5463 595 5516 arch
613 5481 637 5517 a.
652 5471 721 5533 1217,
741 5465 808 5532 Apr.
821 5472 854 5519 22
870 5483 914 5536 ap.
928 5467 1026 5536 Berper
1036 5475 1116 5534 rot&
1131 5468 1162 5534 εί.
1180 5467 1256 5533 infra
1273 5466 1322 5520 aab
1333 5483 1359 5519 a.
1373 5472 1444 5530 1247,
1465 5463 1549 5518 Mart.
1563 5471 1603 5517 14.
1671 5461 1701 5531 4)
1725 5458 1888 5539 mu
1898 5456 1936 5515 Π

272 5543 304 5595 rte
323 5545 472 5600 Serbonitis.
542 5550 570 5615 ir)
589 5551 623 5603 A.
637 5557 709 5619 1238,
730 5551 795 5605 Ina.
809 5558 857 5614 nt,-
873 5553 906 5618 σί.
919 5553 1037 5607 Allrcrici
1053 5554 1162 5620 ilicinis.
1176 5553 1274 5608 Oinoa.
1293 5571 1318 5606 a.
1332 5557 1406 5620 mss,
1426 5550 1478 5606 SS.
1496 5555 1514 5604 t.
1530 5547 1654 5619 XXIII,
1666 5564 1697 5619 μ
1709 5552 1769 5617 W,
1784 5551 1810 5601 ό
1824 5542 1933 5617 W

273 5631 442 5684 diaconati.
457 5632 538 5686 Gesta
556 5650 594 5702 cp.
610 5634 690 5690 Ieod.
710 5637 761 5692 SS.
775 5642 791 5691 t.
805 5638 867 5692 XX
875 5638 903 5703 l',
919 5656 948 5707 p.
964 5647 1015 5695 126.
1099 5644 1126 5703 tl)
1147 5640 1184 5694 W
1181 5641 1281 5693 reterns
1296 5638 1452 5692 hiomrisins.
1532 5636 1562 5706 l)
1580 5632 1700 5691 Sirim
1713 5646 1779 5691 Μ’.
1794 5630 1844 5691 ά.
1854 5630 1880 5687 Ῑ·
