4328 6232
269 341 333 401 514
824 334 873 388 EX
892 332 1111 388 INNOCENTH
1129 332 1168 387 IV
1186 331 1369 388 nualsuuo

267 511 358 596 ipsos
386 516 420 575 et
450 529 562 574 omncs
594 510 642 574 eis
670 510 703 573 in
729 509 791 573 hac
818 509 992 594 iniquitate
1015 511 1161 574 fautores
1184 510 1380 573 auctoritato
1403 515 1517 573 nostra
1538 505 1668 572 sublato
1691 506 1928 593 appellationis

267 612 500 699 impedimento
525 614 792 679 excommunices
816 619 850 678 et
872 620 977 678 terras
1001 633 1113 678 eorum
1137 613 1279 678 subicias
1303 611 1545 676 districtissimo
1566 609 1754 691 interdicto,
1778 612 1825 675 ita
1840 610 1929 696 quod

267 722 378 803 preter
413 718 612 804 baptismata
646 717 856 803 parvulorum
892 723 926 781 ct
957 716 1158 803 penitentias
1192 716 1400 782 morientium
1434 715 1558 781 nullum
1590 716 1624 779 in
1654 714 1704 780 eis
1737 716 1929 781 celebretur

267 819 412 885 divinum
436 820 579 885 officium
609 827 667 885 aut
694 819 890 886 exhibeatur
918 820 1179 886 ecclesiasticum
1208 825 1465 899 sacramentum,
1494 819 1618 883 faciens
1646 819 1837 886 huiusmodi
1868 842 1926 886 ex-

267 924 572 989 communicationis
596 931 630 989 et
651 923 816 989 interdicti
839 924 1020 989 sententias
1043 924 1180 1010 singulis
1203 923 1320 988 diebus
1342 922 1515 987 dominicis
1545 929 1578 986 ct
1606 922 1754 1004 festivis,
1784 926 1925 1010 pulsatis

267 1029 436 1114 campanis
460 1035 494 1095 et
516 1028 664 1094 candelis
689 1028 846 1110 accensis,
873 1049 936 1114 per
957 1027 1031 1092 loca
1053 1028 1086 1092 in
1110 1027 1228 1113 quibus
1252 1025 1410 1112 expedire
1434 1025 1555 1091 videris
1579 1027 1797 1112 solempniter
1818 1027 1927 1113 publi·

267 1133 348 1212 cari,
383 1133 534 1198 invocato
569 1133 612 1198 ad
645 1132 722 1214 hoc,
757 1134 785 1197 si
815 1153 953 1197 necesse
985 1132 1097 1208 fuerit,
1132 1131 1256 1196 auxilio
1290 1130 1416 1195 brachii
1439 1130 1615 1195 secularis.
1664 1129 1818 1196 Eundem
1847 1153 1927 1197 vero

266 1235 469 1322 episcopum,
493 1236 570 1321 quia
593 1237 897 1302 excommunicatus
913 1256 934 1300 a
950 1234 1070 1300 dilecto
1093 1235 1161 1299 filio
1178 1233 1278 1299 fratre
1296 1233 1472 1299 Gottifrido
1490 1232 1530 1297 de
1547 1233 1661 1298 ordine
1676 1233 1927 1300 Predicatorum

266 1340 498 1426 penitentiario
523 1345 644 1421 nostro,
668 1340 708 1404 ad
733 1344 844 1426 partes
867 1341 940 1404 illas
963 1339 1128 1404 destinato
1151 1361 1172 1404 a
1193 1339 1300 1420 nobis,
1322 1345 1454 1404 nostra·
1476 1339 1632 1423 exigente
1655 1339 1793 1419 iustitia,
1816 1339 1927 1405 divina

267 1444 390 1523 officia,
423 1445 508 1508 sicut
530 1443 659 1526 dicitur,
688 1443 872 1525 celebrare,
903 1444 1017 1522 immo,
1049 1448 1205 1527 quantum
1228 1443 1262 1506 in
1285 1441 1346 1507 eob
1376 1448 1441 1522 est,
1471 1443 1580 1507 verius
1609 1443 1820 1530 prophanare
1849 1467 1923 1530 pre-

267 1547 428 1633 sumpsit¹
458 1553 492 1611 et
522 1552 635 1612 contra
661 1548 768 1633 ipsum
797 1568 910 1631 regem
941 1567 1007 1610 una
1038 1568 1111 1611 cum
1143 1547 1213 1611 cius
1244 1546 1310 1611 filio
1342 1547 1546 1633 conspirare,
1579 1547 1695 1612 cadem
1725 1550 1925 1616 auctoritate

266 1655 380 1714 nostra
408 1647 569 1737 [citans]⁰,
603 1650 746 1735 preligas
777 1650 807 1715 ei
834 1650 1008 1715 terminum
1038 1650 1294 1735 peremptorium
1322 1658 1580 1736 competentem,
1613 1673 1677 1737 quo
1706 1653 1927 1738 personaliter

267 1759 378 1816 nostro
402 1774 437 1818 se
462 1754 655 1840 conspectui
677 1759 885 1839 representet
908 1775 967 1840 pro
990 1754 1116 1819 meritis
1139 1762 1342 1840 recepturus.
1380 1754 1463 1820 (lum
1486 1763 1606 1836 autem,
1631 1759 1717 1822 sicut
1737 1758 1860 1822 nostris
1876 1766 1926 1823 est

265 1857 398 1922 auribus
426 1857 627 1937 intimatum,
658 1857 806 1920 nonnulli
836 1857 1011 1943 prepositi,
1043 1858 1178 1939 decani,
1208 1859 1356 1924 canonici
1386 1866 1420 1923 et
1446 1865 1592 1925 rectores
1622 1883 1661 1925 ac
1690 1862 1747 1926 alii
1778 1862 1925 1926 canonici

265 1961 480 2026 ecclesiarum
509 1961 604 2046 regni
631 1960 784 2046 predicti,
813 1960 950 2026 fovendo
981 1966 1014 2025 et
1042 1961 1231 2027 adherendo
1255 1961 1452 2049 supradictis
1475 1970 1551 2029 nato
1575 1966 1661 2050 regis
1684 1972 1720 2031 et
1743 1966 1923 2031 baronibus

264 2065 532 2152 persecutoribus
561 2065 703 2129 ecclesie
732 2070 846 2129 contro
876 2086 963 2146 eam,
996 2065 1166 2130 beneficiis
1198 2067 1433 2132 ecclesiasticis
1462 2067 1664 2134 reddiderint
1692 2092 1728 2136 se
1761 2071 1924 2156 indignos,

264 2174 298 2234 et
321 2165 456 2254 dignum
481 2167 532 2248 sit,
556 2174 593 2231 ut
614 2169 759 2235 indevoti
784 2191 826 2234 ex
850 2168 1060 2235 indevotione
1084 2171 1244 2234 iacturam
1269 2176 1302 2236 et
1325 2171 1435 2236 devoti
1458 2193 1501 2237 ex
1524 2171 1701 2238 devotione
1717 2175 1924 2240 commodum

264 2279 497 2358 assequantur:
530 2275 678 2338 volumus
702 2280 735 2340 et
758 2273 961 2356 mandamus,
985 2282 1022 2339 ut
1044 2276 1243 2361 prepositos,
1266 2274 1410 2342 decanos
1434 2284 1468 2344 et
1490 2279 1572 2342 alios
1594 2277 1791 2358 antedictos,
1815 2278 1843 2343 si
1867 2279 1923 2343 tibi

265 2399 322 2442 eos
347 2377 530 2443 constiterit
552 2378 637 2443 tales
661 2400 753 2458 esse,
781 2379 1011 2464 personatibus
1036 2385 1069 2444 ct
1092 2378 1308 2465 dignitatibus
1332 2403 1371 2446 ac
1393 2381 1580 2461 beneficiis,
1610 2403 1672 2467 que
1701 2382 1743 2446 ab
1773 2383 1922 2447 ecclesiis

264 2481 430 2562 obtinent,
462 2480 578 2546 eadem
602 2481 797 2548 auctoritate
821 2482 1003 2569 perpetuod
1026 2485 1173 2569 privans,
1202 2484 1303 2549 iacias
1327 2506 1368 2550 ca
1391 2486 1533 2550 conferri
1561 2508 1619 2572 per
1646 2484 1737 2566 illos,
1769 2484 1810 2549 ad
1840 2506 1921 2570 quos

263 2583 409 2671 ipsorum
440 2585 571 2650 collatio
601 2586 760 2672 pertinet,
797 2587 824 2650 si
853 2593 963 2673 tamen
996 2594 1073 2652 sunt
1101 2587 1209 2652 devoti
1239 2590 1377 2654 ecclcsic
1405 2587 1565 2654 Romane.
1614 2589 1770 2674 Alioquin
1801 2597 1838 2652 tu
1867 2588 1922 2652 illa

264 2689 416 2753 conferas
439 2688 501 2754 hac
524 2689 597 2754 vice
619 2691 770 2776 personis
795 2690 920 2756 idoneis
944 2698 977 2755 et
1001 2692 1142 2757 ecclesie
1166 2692 1312 2778 predicte
1335 2693 1482 2768 devotis;
1507 2692 1765 2758 contradictores
1789 2700 1854 2758 etc.

367 2808 445 2876 Dat.
467 2810 630 2897 Lugduni,
653 2811 687 2876 X
709 2810 783 2876 Kal.
808 2811 898 2892 Maii,
921 2812 1120 2878 anch102.

1049 3370 1137 3443 oea.

366 3477 585 3571 Innocentius
605 3505 661 3571 IV
673 3529 762 3591 popo
784 3508 970 3593 [Conrado]
991 3508 1130 3592 episcopo
1147 3509 1305 3574 Missnnci
1327 3510 1467 3589 mandat,
1490 3516 1525 3575 nt
1538 3511 1799 3597 [Wonccslanns]
1820 3532 1918 3595 repon

261 3609 441 3686 Bononiae,
464 3609 520 3691 qni
533 3608 712 3696 [Omtoro]
732 3614 809 3676 scoto
831 3631 887 3675 sno
910 3614 939 3675 ct
961 3611 1132 3675 baronibus
1154 3613 1244 3693 rcpni
1265 3612 1490 3678 rebellantibus
1504 3614 1771 3679 incrementando
1785 3615 1918 3679 cossiom

262 3713 352 3795 repni
373 3717 495 3777 coactns
512 3713 711 3793 maestitiam
733 3715 866 3793 dicotur,
891 3715 931 3779 ob
952 3714 1007 3778 hoc
1030 3713 1206 3778 iuramento
1227 3716 1377 3780 absolvat.
1563 3720 1658 3795 1249,
1680 3717 1761 3800 Apr.
1779 3721 1834 3785 21.

367 3832 431 3887 Inn.
444 3832 493 3886 IV
507 3831 570 3900 nec.
589 3833 651 3889 uo.
668 3832 715 3901 Π
729 3835 749 3900 s.
761 3840 805 3903 40,
824 3852 851 3888 n.
865 3842 923 3890 469.
954 3834 1103 3902 Enonplor
1119 3840 1242 3890 nostram
1259 3837 1422 3892 contantinus
1434 3833 1499 3892 ¹cnm
1511 3836 1612 3905 disten,
1632 3836 1696 3906 Ray.
1709 3837 1852 3892 Bobenia
1867 3838 1920 3904 cl,

281 3927 345 3973 ,51
372 3936 400 3972 n.
428 3925 444 3972 2
477 3962 483 3974 .

260 3936 280 3986 p
318 3925 893 4076 ⁷'Pocllddq1nnreconaepcr4ma

819 4225 858 4244 ..
890 4170 1100 4261 episcopo
1127 4169 1360 4245 Misncnsi.

370 4316 453 4383 Cum
484 4317 674 4382 carissimus
702 4319 735 4383 in
763 4318 894 4384 Christo
922 4318 1008 4382 filius
1037 4320 1147 4382 noster
1172 4318 1367 4384 ..illustris
1394 4340 1454 4383 rex
1477 4318 1628 4400 Boemie,
1660 4320 1762 4385 nobili
1791 4322 1862 4386 uiro
1886 4370 1918 4386 ..

261 4428 339 4486 nato
363 4423 434 4487 cius
457 4443 523 4486 una
546 4443 620 4486 oum
643 4423 806 4487 nonnullis
830 4421 1008 4487 baronibus
1030 4421 1124 4506 regni
1140 4420 1279 4486 Boemie
1303 4428 1416 4486 contra
1437 4423 1545 4508 ipsum
1561 4425 1711 4508 nequiter
1726 4425 1918 4510 insurgente

262 4547 300 4591 ac
323 4547 397 4591 eum
421 4527 635 4612 impugnante
660 4526 834 4606 hostiliter,
866 4526 1085 4590 iuramentum
1113 4546 1214 4611 super
1242 4526 1391 4590 cessione
1419 4526 1498 4590 dicti
1522 4528 1612 4612 regni
1637 4528 1760 4592 eisdem
1784 4535 1863 4593 nalo
1886 4535 1920 4594 ct

264 4629 442 4695 baronibus
466 4635 598 4696 coactus
622 4630 805 4717 prestitisse
822 4630 963 4694 dicatur:
988 4629 1190 4709 mandamus,
1215 4629 1378 4714 quatinus,
1403 4631 1430 4694 si
1448 4638 1500 4695 cst
1515 4632 1569 4712 ita,
1592 4633 1788 4697 auctoritate
1806 4639 1918 4698 nostra

262 4733 369 4818 ipsum
393 4755 507 4819 rogem
531 4734 681 4799 absolvas
706 4734 748 4799 ab
771 4733 957 4798 huiusmodi
984 4733 1183 4814 iuramento,
1218 4754 1373 4798 concessa
1401 4734 1462 4799 tibi
1493 4735 1638 4800 ciusdem
1667 4737 1753 4822 rogis
1780 4737 1917 4802 obtentu

261 4836 451 4903 absolvendi
480 4838 572 4902 iuxta
598 4838 736 4902 formam
765 4838 904 4902 ecclesie
937 4837 978 4902 ab
1014 4838 1360 4901 excommunicationis
1395 4839 1560 4903 sententia
1592 4860 1706 4904 omncs
1740 4841 1829 4917 illos,
1863 4840 1916 4925 qui

262 4940 367 5005 eidem
391 4941 423 5004 in
446 4941 691 5027 recuperatione
714 4940 808 5026 regni
831 4946 864 5005 et
887 4941 1023 5006 honoris
1047 4941 1096 5005 sui
1122 4938 1308 5005 assistendo
1336 4946 1452 5006 contra
1479 4940 1643 5027 predictos
1672 4963 1730 5027 pro
1758 4942 1917 5008 incendiis

364 5202 388 5266 ⁸)
406 5202 508 5268 aliquid
525 5201 647 5252 caedisse
664 5200 775 5257 uidetur:
793 5204 906 5268 fortasse
923 5210 950 5254 et
967 5219 1108 5270 suspensus
1125 5202 1279 5256 auctoritate
1297 5211 1385 5256 nostra
1399 5204 1533 5272 tapnim
1545 5212 1594 5261 eat:
1611 5205 1645 5270 cf.
1659 5221 1685 5255 n.
1697 5206 1753 5255 376.
1841 5203 1865 5268 b)
1882 5205 1918 5255 eis

261 5305 329 5339 corr.
348 5307 387 5341 co.
487 5288 510 5352 c)
528 5288 609 5340 citans
627 5287 696 5340 dccet
713 5287 758 5349 R.;
777 5291 811 5356 cs.
829 5307 856 5340 n.
869 5292 926 5339 447.
1025 5285 1051 5352 d)
1070 5297 1208 5371 perpetuos
1226 5289 1258 5340 B.

365 5440 392 5509 1)
411 5441 447 5494 In
466 5439 567 5496 Conon.
580 5440 708 5509 Rogana.
721 5438 827 5494 donin
842 5439 957 5508 monac,
977 5439 1025 5495 SS.
1044 5445 1062 5495 t.
1075 5440 1131 5510 IX,
1145 5459 1174 5510 p.
1188 5447 1236 5495 m
1252 5441 1375 5510 legiones:
1398 5441 1440 5496 ‘A
1455 5448 1526 5510 1249,
1548 5442 1600 5497 XI
1611 5442 1677 5498 Kal.
1694 5443 1762 5511 Aps.
1781 5443 1916 5511 noncopante

258 5525 393 5666 slgq'lcconlpppp
407 5525 746 5681 fflbjwflg
768 5543 822 5580 ano
842 5525 938 5581 dioooei
958 5527 1118 5582 constitutos
1135 5545 1155 5581 o
1167 5529 1322 5598 polentam
1338 5543 1533 5597 coraponornm
1554 5533 1579 5583 et
1595 5528 1669 5583 omni
1684 5534 1787 5583 marato
1804 5529 1915 5584 walae
