4328 6232
684 330 884 392 erlstonss
902 330 1093 394 sensenna
1129 336 1205 393 1244.
1733 331 1775 409 53

120 512 177 577 fuit
199 510 403 600 propositum
427 531 536 576 coram
560 510 664 593 nobis,
688 510 831 577 nobilem
853 513 999 600 puellam
1022 520 1131 578 natam
1156 513 1317 578 carissimi
1340 514 1374 579 in
1391 511 1522 579 Christo
1545 514 1603 579 filii
1624 517 1725 581 nostri
1742 566 1773 582 ..
1829 518 1842 531 “

117 617 203 702 regis
220 615 356 682 Boemie
379 616 528 696 illustris,
551 636 595 680 ex
617 621 755 700 utroque
779 614 883 680 latere
906 623 939 680 te
962 625 1079 702 quarta
1103 619 1395 703 consanguinitatis
1416 619 1502 682 linea
1518 620 1773 705 contingentem,

119 720 238 784 dneorc
268 718 438 784 desideres
466 717 499 782 in
530 739 684 799 uxorem,
713 738 789 799 nos,
822 718 1032 784 attendentes
1061 720 1164 806 quod,
1195 724 1281 787 sicut
1303 745 1322 787 a
1345 721 1409 788 fide
1439 722 1548 808 dignis
1575 725 1773 811 accepimus,

116 825 202 889 inter
230 823 297 888 alia
324 823 426 903 bona,
455 844 518 908 quo
549 821 624 887 inde
651 828 807 908 poterunt
834 825 1021 908 provenire,
1052 825 1140 890 illius
1169 847 1212 890 ex
1234 826 1297 890 hoc
1320 834 1515 912 procuratur
1536 849 1601 914 pax
1625 832 1659 893 et
1682 835 1772 893 tran·

32 952 41 989 r
118 926 260 1013 quillitas
290 925 450 1012 regionis,
481 933 606 1005 tecum,
638 924 724 1010 qnod
754 946 826 990 oum
856 927 1005 1012 predicta
1034 929 1137 994 nobili
1161 930 1459 1016 -impedimento
1491 931 1677 997 huiusmodi
1707 953 1772 997 non

121 1032 271 1096 obstante
296 1067 337 1078 —
360 1030 602 1094 matrimonium
632 1028 735 1094 libere
768 1031 962 1096 contrahere
993 1053 1031 1095 ac
1061 1032 1094 1096 in
1126 1037 1293 1099 contracto
1320 1034 1410 1098 licite
1433 1055 1628 1120 permanere
1652 1036 1772 1115 valeas,

119 1136 314 1199 auctoritate
345 1134 550 1219 presentium
582 1131 811 1218 dispensamus
823 1133 845 1195 ¹.
890 1133 981 1198 Nulli
1013 1156 1092 1220 ergo
1116 1142 1179 1200 etc.
1207 1143 1319 1201 nostre
1350 1136 1605 1223 dispensationis
1629 1144 1692 1204 etc.
1737 1136 1773 1202 si

120 1241 191 1326 quis
213 1246 337 1304 autem.

224 1359 302 1424 Dat.
325 1357 477 1443 Lugdun.
493 1356 525 1420 V
547 1355 598 1420 Id.
622 1355 796 1423 Decembr.
821 1379 905 1422 anno
930 1360 1086 1424 secundo.

915 1760 975 1833 73.

220 1856 440 1951 laminas
455 1881 510 1948 rr
527 1903 618 1963 papa
645 1887 740 1947 nam
767 1883 855 1947 anas
882 1883 919 1947 a
941 1882 1028 1948 aare
1054 1885 1163 1949 soson
1194 1905 1226 1949 a
1253 1905 1322 1949 am
1346 1884 1458 1949 aaron
1484 1886 1590 1949 casm
1611 1884 1649 1948 ae
1670 1882 1773 1948 aaa·

122 1991 211 2068 919199,
244 2007 394 2072 ymmone
421 1985 583 2072 [Oonrndi
605 1985 649 2070 V]
676 1987 811 2069 episcopi
838 1987 1014 2070 Spirensis,
1046 1988 1245 2069 dispensare,
1280 1993 1316 2051 nt
1345 2008 1414 2052 cnm
1441 1988 1527 2068 ipsa,
1559 1991 1675 2068 quarta
1701 2005 1773 2050 con·

122 2092 345 2175 magnimitaiis
367 2091 453 2155 linea
474 2109 538 2154 non
562 2089 709 2167 obnante,
731 2092 968 2155 matrimonium
990 2093 1171 2157 contrahere
1194 2092 1307 2157 caleat.
1404 2094 1498 2170 1244,
1519 2089 1595 2158 Dec.
1611 2094 1663 2157 13.

219 2211 283 2265 han.
297 2209 348 2263 IV
363 2209 427 2278 Rea.
445 2209 501 2263 Vol.
514 2208 540 2275 1,
559 2215 619 2274 123;
636 2207 697 2262 Lm
711 2209 753 2276 11,
771 2215 812 2262 42.

220 2298 326 2366 Beroen
338 2301 393 2350 789.

430 2478 468 2496 ..
496 2426 603 2495 nate
629 2420 803 2494 nobilis
829 2422 918 2495 viri
947 2421 1141 2498 ..ducis
1169 2427 1221 2499 de
1248 2420 1460 2501 Debae⁸².

223 2557 297 2622 Etsi
342 2554 526 2620 coniunctio
571 2555 689 2639 copule
732 2554 911 2639 coniugalis
950 2555 983 2619 in
1021 2563 1135 2641 quarto
1179 2559 1474 2643 consanguinitatis
1513 2560 1566 2625 vel
1602 2554 1771 2623 affinitatis

121 2663 219 2749 gradu
241 2661 327 2728 etc.'’
351 2681 472 2746 usqne:
497 2658 751 2723 circumstantiis
775 2680 999 2743 personarum.
1046 2659 1129 2724 Cum
1152 2662 1262 2746 igitur,
1287 2664 1371 2727 sicut
1395 2683 1437 2726 ex
1460 2669 1554 2748 parte
1577 2661 1688 2726 dilecti
1712 2659 1771 2723 lilii

122 2767 233 2832 nobilis
269 2766 329 2829 riri
363 2763 500 2829 Octonis
535 2763 663 2827 comitis
701 2760 742 2826 de
774 2761 1006 2843 Eberstein⁰³,
1045 2765 1240 2829 venerabilis
1275 2765 1385 2830 fratris
1419 2767 1522 2830 nostri
1552 2815 1560 2832 .
1586 2816 1594 2831 .
1623 2762 1770 2851 episcopi

124 2871 283 2958 Spirensis
307 2870 466 2955 germani,
490 2867 551 2931 fuit
574 2866 777 2953 propositum
802 2887 910 2930 coram
934 2866 1040 2946 nobis,
1066 2865 1164 2954 [idem
1189 2864 1309 2954 comes]
1333 2869 1397 2950 tel,
1422 2875 1538 2956 quarta
1561 2870 1668 2955 ipsum
1692 2886 1770 2929 con·

125 2973 349 3059 sanguinitatis
370 2972 458 3036 linea
482 2971 739 3055 contingentem,
762 2968 882 3034 ducere
898 2970 1065 3037 desideret
1082 2973 1112 3035 in
1130 2993 1267 3036 uxorem
1284 2994 1322 3036 ac
1342 2995 1441 3060 super
1456 2973 1516 3036 hoc
1531 2971 1770 3056 benignitatem

125 3077 300 3164 apostolice
324 3075 412 3140 sedis
435 3076 599 3161 imploret,
623 3095 694 3151 nos,
718 3073 929 3139 attendentes
954 3075 1048 3159 quod,
1074 3076 1160 3139 sicut
1175 3096 1218 3139 ex
1234 3077 1455 3141 insinuatione
1472 3075 1609 3161 predicti
1626 3072 1771 3159 episcopi

126 3181 301 3267 recepimus
312 3180 335 3255 ⁴,
360 3199 479 3264 magna
500 3183 608 3263 potest
631 3175 767 3263 proinde
792 3178 974 3262 apostolice
999 3178 1086 3242 sedis
1109 3178 1322 3244 commoditas
1338 3181 1512 3264 provenire
1529 3200 1568 3245 ac
1584 3176 1669 3263 quod
1684 3175 1770 3241 idem

126 3306 225 3350 comes
258 3286 290 3349 in
319 3284 421 3370 ipsius
454 3282 543 3348 sedis
574 3280 741 3366 obsequiis
772 3303 807 3346 se
837 3290 1024 3367 promptum
1048 3282 1183 3347 exhibet
1206 3290 1240 3347 et
1262 3282 1433 3363 devotum,
1467 3302 1541 3346 cnm
1564 3282 1652 3367 ipso,
1684 3278 1772 3366 qnod

126 3396 223 3455 boum
243 3423 287 3434 -
307 3385 456 3472 predicto
480 3385 715 3472 impedimento
738 3404 946 3470 nequaquam
970 3383 1123 3450 obstante
1141 3423 1180 3434 -
1197 3386 1440 3451 matrimonium
1463 3385 1551 3450 licite
1576 3383 1769 3448 contrahere

129 3495 211 3557 acin
235 3495 404 3556 contracto
427 3489 531 3554 libore
554 3478 748 3575 permanere
772 3489 898 3568 valeat,
927 3489 1122 3553 auctoritate
1146 3490 1348 3574 presentium
1372 3487 1601 3575 dispensamus
1611 3488 1635 3554 ⁵.
1678 3484 1770 3551 Nulli

129 3616 197 3681 ergo
221 3602 284 3661 ete.
308 3600 421 3659 nostre
445 3590 698 3679 dispensationis
722 3597 783 3656 ete.
830 3590 866 3655 Si
890 3591 963 3676 quis
987 3598 1050 3657 etc.

227 3716 307 3782 Dat.
330 3712 493 3800 Lugduni,
517 3712 565 3779 Id.
589 3712 765 3779 Decembr.
789 3733 874 3778 anno
898 3711 1056 3779 so'cnndo.

740 3922 1152 3931 —-—————..

914 4114 974 4187 74.

221 4215 439 4308 Innocentius
455 4240 479 4304 I
483 4237 512 4300 V
522 4257 612 4318 papa
633 4237 742 4302 abbati
766 4236 962 4322 Charifontis
983 4236 1212 4301 Landnnensis
1233 4236 1362 4301 dioensis
1384 4235 1530 4314 mandat,
1560 4238 1596 4298 nt
1616 4235 1653 4298 in
1675 4251 1771 4298 cansa

128 4346 276 4411 nataliam
298 4344 456 4410 Iohannis
477 4345 507 4405 et
528 4340 690 4405 Baldnini
711 4340 748 4405 de
769 4342 906 4405 Aoesnis
925 4341 1119 4406 Wiilelmnrn
1141 4339 1195 4424 [de
1217 4336 1411 4422 Dampetra]
1432 4343 1461 4402 et
1493 4339 1574 4403 alios
1597 4336 1722 4422 fratres
1743 4337 1772 4398 et

128 4467 254 4514 sororem
276 4450 416 4529 ipsoram
437 4444 601 4510 adsedem
624 4445 827 4525 apostolicam
844 4445 1051 4528 peremptorie
1075 4445 1155 4509 citet.
1423 4444 1516 4519 1244,
1538 4439 1615 4507 Dec.
1633 4441 1684 4502 18.

221 4569 287 4622 Insa
302 4567 352 4621 IV
367 4566 432 4636 Ray.
450 4564 507 4620 Vol.
520 4564 545 4632 Ι,
560 4572 621 4632 17⁶3
639 4564 699 4618 Lab.
713 4563 756 4631 ΙΙ,
776 4571 831 4619 469.
863 4564 965 4632 Beryer
982 4563 1053 4616 hane
1071 4561 1209 4630 epistolam
1223 4560 1396 4630 Reqeaornm
1412 4577 1458 4628 ap.
1471 4559 1622 4626 Balnzinm,
1641 4558 1706 4611 Inoa
1720 4557 1777 4610 111

126 4670 157 4723 ῳ.
174 4662 192 4711 t.
204 4655 249 4724 ΙΙ,
263 4672 293 4723 p.
304 4661 362 4721 696,
380 4653 429 4721 lem
445 4652 580 4720 reparans
597 4651 710 4720 ideoqne
728 4652 811 4705 oolam
828 4651 955 4719 epitomen
973 4666 1017 4718 ap.
1032 4648 1163 4715 Potthnst,
1183 4647 1244 4716 Ray.
1259 4654 1337 4701 11479
1353 4651 1485 4699 manum
1503 4644 1658 4713 proposuit5
1680 4641 1724 4697 sed
1739 4657 1771 4696 aa

219 4833 244 4895 ⁸)
261 4832 290 4882 ia
306 4847 346 4897 ep.
358 4829 416 4881 Lib.
429 4827 472 4893 ΙΙ,
488 4833 520 4879 41
542 4828 574 4879 de
595 4828 684 4880 eadem
704 4844 733 4879 re
754 4828 851 4893 scripta
871 4827 903 4878 dc
920 4827 1016 4878 Dahae.
1108 4822 1133 4889 b)
1154 4825 1207 4874 scil.
1231 4832 1259 4873 nt
1280 4824 1308 4874 in
1330 4841 1355 4873 n.
1368 4827 1401 4874 68
1418 4823 1458 4873 nel
1478 4825 1510 4872 72
1530 4838 1621 4887 nsqroe:
1645 4821 1768 4888 exponit,

126 4918 282 4970 omniomnis
300 4912 462 4983 [diligenter]
476 4916 605 4966 circumst.
624 4931 648 4981 p.
736 4912 1152 4976 ο)11911,41190199191919.
1241 4906 1266 4974 d)
1285 4910 1353 4975 quod
1370 4917 1396 4960 tc
1409 4909 1439 4958 P.

221 5038 248 5103 1)
266 5034 333 5089 Non
354 5033 438 5087 nunc
454 5037 528 5100 post,
551 5031 631 5085 initio
649 5037 762 5098 91245,
789 5029 860 5084 mem
880 5029 997 5083 marchio
1019 5045 1080 5082 cram
1103 5028 1259 5096 inperatore
1280 5025 1312 5080 de
1329 5025 1499 5080 matrnnonio
1521 5025 1592 5082 inter
1612 5025 1697 5092 filiam
1714 5022 1772 5076 eins

127 5120 304 5191 Marcoman
322 5125 347 5174 a
364 5119 504 5173 amenum
525 5117 612 5183 filiam
636 5134 718 5171 mum
737 5115 916 5170 contrahendo
937 5120 1065 5169 tractasse
1087 5112 1206 5179 videtum
1228 5110 1466 5187 Bdhmer-Ficlrer,
1489 5112 1644 5166 1934639
1661 5114 1685 5162 et
1701 5124 1771 5176 man.

126 5206 150 5272 ²)
167 5207 269 5263 Dum
286 5207 318 5262 de
336 5206 426 5270 Delas,
447 5202 603 5268 ie.'1’eck,
627 5203 676 5258 aab
692 5203 739 5257 hoc
755 5203 863 5257 nomine
882 5203 965 5256 latere
979 5218 1032 5270 pro
1051 5205 1125 5255 certo
1149 5205 1282 5265 monna,
1304 5215 1368 5251 nam
1391 5203 1423 5251 nt
1444 5197 1498 5265 ipsi
1519 5197 1550 5249 in
1568 5197 1630 5249 Inn.
1644 5195 1693 5248 IV
1708 5194 1771 5263 Ray.

127 5292 180 5348 lat.
193 5294 236 5348 VI
247 5293 376 5360 ridebas,
398 5292 484 5346 l'dtcra
501 5291 529 5353 k,
551 5291 640 5359 qualia
656 5290 688 5343 in
704 5291 782 5343 oraria
799 5289 881 5343 scribi
898 5289 1003 5355 solebat,
1020 5287 1103 5355 facile
1115 5303 1169 5355 pro
1187 5285 1222 5339 bc
1240 5291 1272 5353 et,
1291 5285 1316 5338 si
1332 5284 1424 5337 minna
1437 5283 1579 5352 perspicae
1596 5283 1696 5350 compta
1711 5280 1772 5347 fni,

124 5395 171 5447 pro
185 5380 221 5435 ba
236 5380 289 5450 leni
300 5378 396 5449 potnit
412 5384 437 5432 et
450 5393 503 5448 pro
520 5376 555 5431 bc
571 5395 590 5429 n
607 5376 797 5431 recentioribus
814 5376 921 5444 saepias
938 5377 1004 5429 heta
1021 5379 1065 5427 est.
1136 5373 1164 5440 3)
1184 5371 1232 5425 Ea
1248 5387 1285 5425 or.
1305 5372 1353 5424 cir.
1366 5369 1587 5424 Badeo-Badeo.
1656 5369 1685 5438 4)
1697 5367 1773 5422 Huic

72 5470 92 5509 0
129 5462 824 5536 miscopapapopraeaiiissaoehatetconfidebat,
844 5461 1070 5516 acidamnltis
1087 5455 1546 5527 epistolishoeannopontificatna
1563 5455 1772 5524 ariptiscoyno

128 5551 216 5619 ὼ,-
234 5550 336 5621 Bm
351 5555 408 5619 rso,
429 5555 482 5618 rm,
499 5554 562 5617 sos,
585 5555 645 5617 eos,
667 5556 725 5616 ars,
750 5557 806 5616 aso,
831 5557 886 5617 ars,
912 5555 968 5615 osa,
990 5553 1048 5614 aas,
1072 5552 1146 5612 raro,
1163 5550 1231 5598 serr.
1309 5544 1336 5610 5)
1360 5541 1475 5596 Prona
1491 5542 1654 5611 19999999
1672 5540 1706 5596 m
1726 5541 1774 5595 noc

129 5635 290 5693 nm
304 5630 380 5679 *Μ
393 5632 525 5691 ΗΜ
539 5635 698 5705 nepesinam·
714 5635 749 5703 os.
762 5635 845 5704 Kriep
862 5651 885 5688 a.
897 5630 1073 5701 Hochselden,
1094 5629 1185 5685 (aaa
1204 5628 1231 5683 d.
1251 5628 1357 5697 Grasm
1374 5645 1398 5683 o.
1411 5627 1554 5682 Ebaaein
1566 5644 1596 5699 p.
1608 5634 1648 5683 23.
