4784 6332
869 427 1069 483 EPIS'I'OLAE
1087 426 1278 482 SELEC'I'AE.
1313 428 1389 484 1247.
1893 436 1955 499 213

301 601 465 672 Perusino
487 600 630 667 diocesis
654 602 763 667 facere
787 603 928 688 gratiam
951 603 1139 690 specialem,
1164 623 1236 667 cum
1260 603 1434 668 occasione
1459 600 1620 667 discordie
1636 603 1857 670 imminentia¹
1884 606 1956 692 ipse

303 725 343 768 nc
366 706 486 770 fratres
516 706 619 792 ipsius
651 727 783 771 suornm
811 705 1008 772 detrimenta
1034 707 1194 772 bonorum
1224 713 1256 768 et
1279 704 1453 792 dispendia
1477 706 1541 770 sint
1564 709 1729 792 perpessi,
1754 709 1954 787 mandamus,

304 809 458 894 quatinus
482 807 589 874 eidem
613 808 654 872 de
677 809 788 895 aliqua
811 811 1024 874 ecclesiarum
1048 811 1190 874 civitatis
1214 810 1266 875 vel
1290 808 1432 873 diocesis
1456 808 1667 890 Grossetane,
1691 811 1820 877 etiamsi
1844 833 1955 878 curam

304 912 427 977 habeat
450 912 648 992 animarum,
678 914 870 978 auctoritate
899 920 1011 978 nostra
1034 913 1207 1000 providere
1231 933 1388 999 procures
1412 915 1464 978 vel
1487 915 1519 977 in
1545 914 1770 979 ecclesiastico
1794 915 1954 982 beneflcio

235 1036 247 1072 ⁵
305 1015 520 1101 competenti,
550 1015 578 1078 si
606 1022 702 1079 vacat
724 1015 766 1081 ad
789 1038 927 1103 presens
955 1018 1008 1082 vel
1032 1018 1268 1104 quamprimum
1293 1017 1389 1081 adid
1414 1017 1570 1082 obtulerit
1593 1039 1628 1082 se
1651 1017 1802 1096 facultas,
1826 1059 1865 1067 —
1890 1042 1954 1085 non

305 1118 515 1183 obstantibus
539 1119 565 1183 si
590 1119 623 1182 in
647 1119 803 1199 ecclesia,
835 1121 867 1184 in
898 1141 961 1204 qua
990 1120 1052 1183 sibi
1077 1119 1210 1184 duxeris
1234 1119 1486 1206 providendum,
1516 1121 1558 1185 sit
1589 1127 1697 1186 certus
1727 1124 1953 1187 canonicorum

303 1243 459 1288 numerus
487 1222 671 1287 iuramento
706 1224 759 1288 vel
790 1224 1035 1288 continuatione
1070 1223 1156 1289 sedis
1183 1225 1363 1310 apostolice
1396 1245 1454 1289 scu
1484 1245 1678 1310 quacunque
1708 1225 1861 1289 firmitate
1889 1227 1954 1290 alic

303 1328 487 1407 roboratus,
511 1334 567 1390 aut
590 1327 617 1390 si
640 1347 699 1412 pro
722 1327 797 1391 aliis
820 1329 853 1391 in
878 1349 919 1392 ea
941 1327 1121 1392 direximus
1146 1329 1265 1414 scripta
1291 1338 1414 1408 nostra,
1439 1329 1557 1413 quibus
1573 1329 1724 1393 nolumus
1748 1334 1811 1392 otc.
1834 1349 1953 1413 usque:

302 1431 465 1516 generari,
490 1429 542 1494 vel
568 1428 772 1515 indulgentia
795 1453 854 1496 seu
877 1432 1059 1518 privilegio,
1083 1433 1110 1497 si
1134 1454 1197 1518 qua
1221 1439 1296 1497 sunt
1319 1433 1426 1497 cidem
1448 1433 1590 1497 ecclesia
1614 1432 1654 1496 ab
1671 1431 1851 1518 apostolica
1875 1431 1954 1495 sade

303 1555 472 1614 concessa,
495 1555 555 1619 per
570 1553 634 1617 quc
650 1540 763 1619 posset
786 1534 972 1602 huiusmodi
987 1535 1136 1623 impediri
1159 1537 1301 1622 provisio
1326 1537 1378 1600 vol
1396 1535 1529 1612 differri,
1553 1559 1612 1601 seu
1636 1535 1721 1620 quod
1745 1537 1827 1600 alias
1852 1537 1953 1623 scrip-

302 1639 442 1703 serimus
465 1657 524 1723 pro
549 1636 666 1702 codem
691 1663 751 1716 —;
776 1639 1034 1705 contradictores
1058 1646 1120 1706 etc.

411 1757 485 1822 Dat.
509 1756 674 1843 Lugduni,
697 1757 780 1823 XVI
803 1759 878 1824 Kal.
902 1759 1021 1842 Martii,
1045 1779 1129 1824 anno
1154 1765 1279 1844 quarto.

924 2057 1333 2065 ——.--—-—--——-—-—.

1086 2368 1172 2442 285.

406 2485 624 2578 Innocentius
640 2511 665 2575 I
669 2509 697 2574 V
702 2531 792 2591 papa
811 2509 984 2594 Papanclto
1005 2508 1043 2573 dc
1069 2509 1234 2574 Camerino
1255 2512 1284 2573 ct
1302 2507 1464 2592 fratribnc
1485 2509 1553 2573 cina
1576 2509 1734 2591 aipnificat
1756 2529 1787 2572 sc
1809 2512 1953 2586 atatrrcrc,

300 2619 337 2680 nt
363 2615 501 2680 homines
530 2615 628 2679 castri
650 2615 762 2680 Sancti
784 2614 945 2692 Severini,
966 2613 1132 2678 Fridcrico
1154 2612 1312 2693 prronclrnn
1333 2613 1515 2696 imperatori
1535 2613 1684 2693 faventes,
1701 2631 1764 2695 pro
1778 2631 1952 2694 recompar-

233 2761 239 2773 ·
301 2720 421 2784 euticiae
442 2719 627 2782 damnornnr
650 2719 814 2782 illatornrn
835 2719 915 2798 ipcia
938 2719 973 2780 in
994 2716 1152 2780 devotione
1174 2716 1316 2780 ccclesiae
1334 2715 1574 2796 manantibus
1597 2716 1725 2797 oblipati
1746 2715 1820 2778 sint.

1587 2821 1681 2894 2247,
1703 2816 1797 2882 Febr.
1815 2819 1864 2883 15.

403 2924 465 2979 Inn.
478 2924 527 2978 IV
543 2923 607 2993 Rep.
626 2924 680 2977 Vol.
697 2924 720 2991 J,
739 2933 803 2990 410;
821 2923 879 2978 La.
893 2923 944 2990 IV,
963 2928 1023 2978 880.
1062 2921 1217 2990 namna,
1241 2921 1314 2988 pnod
1333 2921 1428 2989 Berper
1451 2919 1549 2988 edidit,
1571 2937 1632 2974 crint
1657 2920 1774 2989 Repertis
1795 2920 1905 2974 wettrelit
1927 2927 1950 2973 ct

298 3026 331 3064 ex
349 3012 385 3064 eia
402 3011 531 3080 mrpplerit
555 3011 584 3065 V.
598 3010 637 3065 Ol.
651 3013 685 3064 A.
701 3011 779 3066 Mars.
817 3011 943 3078 Epistola
960 3011 1031 3063 circa
1046 3009 1128 3076 finem
1140 3008 1242 3062 denam
1260 3008 1344 3061 lintris
1362 3008 1431 3060 anni
1439 3008 1614 3076 pontificatus
1630 3009 1660 3060 in
1676 3007 1787 3076 Repesta
1803 3008 1887 3060 reluta
1906 3012 1950 3060 ear.

403 3100 502 3167 Berper
520 3106 593 3154 2878.

575 3259 835 3352 Paganello
867 3261 919 3333 de
946 3257 1194 3333 Camerino
1231 3263 1275 3330 et
1302 3256 1534 3330 iratribus
1561 3254 1673 3327 suia.

407 3409 528 3474 Oblata
558 3409 653 3473 nobis
682 3431 725 3473 ex
761 3416 855 3494 parte
892 3415 1002 3474 vestra
1031 3406 1146 3493 petitio
1181 3405 1386 3482 continebat,
1421 3404 1507 3490 quod
1541 3424 1614 3468 cum
1642 3424 1701 3466 vos
1731 3422 1788 3489 pro
1818 3403 1882 3468 fide
1911 3425 1949 3467 nr

298 3512 473 3578 devotione
497 3512 645 3576 Romane
673 3512 832 3592 ecclesia,
865 3533 962 3596 quarn
990 3511 1183 3576 inconcussa
1205 3509 1357 3572 firmitate
1381 3507 1521 3572 servatis
1531 3505 1554 3584 ²,
1581 3506 1621 3569 ab
1646 3505 1829 3571 bominibus
1852 3507 1950 3571 castri

299 3616 411 3681 Sancti
424 3615 571 3681 Severini
584 3615 597 3654 ³
615 3614 857 3679 camerinensis
874 3613 1015 3678 diocesis
1029 3613 1215 3678 laventibus
1228 3611 1404 3676 Frederico
1418 3609 1580 3696 quondam
1594 3611 1791 3695 imperatori,
1808 3611 1949 3675 ecclesie

299 3719 446 3798 inimico,
471 3719 614 3806 dampna
637 3718 855 3784 sustinueritis
879 3725 912 3782 et
936 3719 1094 3796 iacturas,
1121 3717 1291 3803 precaveri
1324 3715 1416 3778 vobis
1450 3734 1549 3800 super
1579 3713 1641 3778 hiis
1669 3735 1729 3800 per
1758 3713 1847 3779 sedis
1870 3735 1949 3799 apo·

300 3823 413 3888 stolice
430 3822 669 3910 providentiam
686 3823 853 3887 humiliter
870 3821 1087 3908 supplicastis.
1116 3821 1162 3886 Ut
1176 3821 1276 3906 igitur
1291 3819 1405 3884 fideles
1422 3817 1573 3898 ecclesie,
1585 3817 1727 3904 ipsorum
1744 3824 1949 3904 promerente

297 3927 497 4006 constantia,
520 3925 631 3991 debite
654 3925 891 3990 sublevationis
915 3924 1095 3990 remedium
1119 3931 1371 4009 consequantur,
1397 3928 1430 3987 et
1452 3921 1600 3985 infideles
1622 3922 1724 4008 ipsius
1748 3943 1819 3986 earn
1843 3923 1945 4007 gratis
1960 3931 1996 3972 ¹³⁸-
2013 3934 2090 3984 ³⁴1¹&

298 4055 335 4098 se
350 4032 481 4096 odisse·
496 4051 535 4096 ac
553 4030 701 4096 eiusdem
718 4030 802 4094 filios
818 4049 861 4094 ex
876 4031 990 4094 innata
1005 4030 1191 4114 flagellasse
1207 4028 1332 4093 malitia
1348 4026 1465 4092 saltem
1482 4045 1567 4111 pena
1584 4024 1723 4090 docente
1740 4031 1951 4110 cognoscant,

296 4137 413 4200 vestris
438 4133 730 4220 supplicationibus
755 4133 918 4211 inclinati,
947 4134 1096 4198 homines
1120 4133 1198 4196 dicti
1222 4133 1320 4196 castri
1344 4151 1402 4216 pro
1427 4128 1537 4194 debita
1561 4135 1595 4192 et
1616 4127 1745 4213 integra
1768 4133 1950 4193 vestrorum

431 4314 531 4320 .-——-.
578 4311 609 4318 ---
623 4313 662 4317 -.-
675 4311 712 4318 -.-
738 4312 766 4320 ψ.
783 4312 822 4320 ,.-.
838 4313 843 4317 .
862 4313 879 4318 -.
914 4311 965 4318 .-—-
977 4312 1040 4318 -.....
1440 4309 1456 4312 --
1471 4305 1510 4312 —·-
1536 4305 1568 4310 ··-
1610 4304 1615 4309 “
1664 4304 1702 4309 ·-“’
1715 4301 1824 4308 “”““·““““·-

399 4435 423 4498 ι)
441 4433 523 4500 garn
540 4432 622 4484 arm
641 4431 673 4480 rr.

401 4568 428 4633 1)
447 4566 524 4621 Haec
540 4581 581 4620 res
602 4563 639 4618 ud
656 4580 687 4618 ea
703 4561 841 4629 reserenda
862 4579 915 4617 esse
933 4561 1049 4630 intuear,
1074 4579 1143 4630 pace
1166 4579 1209 4631 ap.
1229 4557 1462 4625 Bahman-Ficta,
1485 4559 1502 4613 l.
1520 4574 1540 4612 c.
1559 4565 1627 4613 3609
1643 4555 1753 4610 directa
1771 4559 1842 4608 sant.
1862 4583 1894 4594 -
1914 4555 1950 4606 In

294 4653 388 4706 litteris
401 4651 549 4720 papalibus
567 4667 623 4704 non
641 4651 726 4704 solam
743 4665 788 4702 eac
804 4665 846 4702 rea
865 4649 1045 4702 ‘irnninentee’
1063 4653 1203 4714 cocantrrr,
1222 4663 1290 4715 perce
1309 4646 1412 4698 incant
1430 4646 1469 4698 rel
1484 4645 1596 4709 naturae
1614 4647 1691 4709 arra,
1716 4641 1762 4696 sed
1778 4657 1823 4695 ene
1841 4657 1949 4708 qrroprre,

295 4755 365 4806 purae
387 4743 499 4807 tempore
515 4737 652 4808 meandi
674 4735 819 4789 antatium
840 4735 958 4802 affarent
981 4736 1020 4789 rel
1044 4735 1156 4788 laborem
1179 4738 1329 4801 emanent.
1441 4733 1468 4798 2)
1490 4729 1622 4784 Robatna
1643 4729 1675 4782 de
1700 4727 1857 4794 Caeciliana,
1881 4728 1951 4782 sacri

296 4825 400 4894 imperii
417 4827 449 4879 in
462 4825 589 4880 Murrina
600 4825 717 4878 tricarim
727 4823 864 4891 pcnerabs,
882 4829 995 4888 «11246,
1014 4823 1081 4889 Apr.
1100 4819 1324 4874 nCarnerinenaea
1342 4819 1372 4870 in
1381 4819 1490 4885 planam
1507 4816 1667 4884 imperialem
1681 4815 1797 4884 praticae
1813 4819 1949 4882 recepeat,

294 4911 429 4966 cernittcns
445 4913 482 4966 eis
493 4927 581 4965 onina
592 4912 684 4978 arlpcs
701 4915 725 4963 et
736 4909 864 4976 offensam
883 4907 988 4975 Ficker,
1005 4906 1116 4962 Forsclr.
1129 4923 1149 4959 r.
1165 4905 1270 4960 nerern
1282 4923 1310 4958 n.
1325 4903 1502 4972 Reclrtsprset.
1515 4902 1626 4956 ltatieras
1637 4907 1654 4956 t.
1669 4903 1689 4954 1
1691 4902 1720 4968 V,
1734 4918 1764 4969 p.
1776 4909 1831 4968 411,
1849 4916 1877 4954 n.
1890 4905 1952 4966 398;

212 5039 232 5050 ..
294 4999 328 5064 cs.
347 4997 580 5060 Rasna-Fara,
599 4998 615 5050 l.
634 5012 656 5052 c.
674 5003 745 5052 3566.
782 4999 816 5050 Α.
836 5003 905 5049 1147.
926 4995 988 5049 Dec.
1008 5002 1024 5045 5
1045 5009 1120 5061 papa
1139 4991 1348 5059 (baneiacam,
1372 5007 1432 5044 crrrn
1449 4990 1540 5042 civitas
1558 5005 1649 5042 eornm
1673 4986 1718 5039 ‘ad
1735 4987 1835 5040 eoelesie
1852 4986 1949 5047 mntem,

294 5091 372 5140 entra
389 5101 465 5152 picen
481 5084 530 5138 din
543 5089 660 5150 massa,
679 5083 821 5136 maura
839 5088 901 5136 earet
918 5084 1035 5150 rer-aac',
1054 5100 1073 5134 a
1089 5079 1246 5148 pnrlrrrsdam
1254 5077 1375 5146 predapiis
1392 5077 1498 5144 arceram
1517 5093 1538 5129 r.
1552 5075 1634 5142 infra.
1676 5073 1750 5128 Unde
1767 5072 1877 5140 epistola
1893 5087 1951 5125 nora

295 5172 444 5240 capistrata,
461 5188 516 5239 pao
530 5185 609 5239 papa
625 5169 721 5222 eisdem
730 5175 839 5238 propter
847 5185 995 5236 pameneae,
1013 5183 1081 5235 praa
1096 5183 1148 5235 pcc
1165 5165 1298 5218 (irratione
1309 5165 1426 5218 ecclcsiae
1438 5163 1516 5230 paeri
1534 5165 1626 5228 essent,
1646 5161 1722 5227 bona,
1740 5173 1809 5226 prae
1825 5175 1843 5210 a
1858 5155 1952 5210 XXX

294 5257 378 5312 annia
394 5257 461 5311 citra
483 5257 654 5325 possiderent,
674 5256 742 5310 sicca
759 5271 790 5308 en
808 5261 919 5324 ternpore
936 5260 1019 5308 mnae
1036 5252 1183 5307 discordiae
1201 5252 1271 5304 inter
1288 5249 1419 5304 ecclesiam
1436 5255 1460 5302 et
1475 5247 1510 5302 F.
1530 5245 1671 5316 ‘mamam
1689 5245 1875 5312 capaciorem
1889 5259 1950 5310 pcr-

293 5342 427 5410 salieaent,
449 5343 599 5412 ‘Lapdnni
620 5342 660 5396 Id.
679 5342 765 5410 Iunii,
785 5359 811 5397 a.
830 5342 851 5396 I
855 5342 888 5394 V’
905 5340 1068 5408 confimarit
1086 5339 1236 5409 (Panna,
1263 5336 1327 5405 Rep.
1348 5337 1456 5404 racccj,
1478 5333 1515 5387 ad
1535 5335 1608 5388 branc
1630 5351 1655 5385 c.
1671 5339 1733 5385 1247
1745 5329 1877 5398 petinere
1893 5345 1949 5383 non

240 5461 268 5500 ω
295 5429 414 5498 ridetur,
432 5447 592 5499 pacmpnam
611 5430 641 5483 in
659 5430 728 5484 Lilii
745 5429 845 5484 Istaia
867 5429 896 5483 di
915 5429 1030 5489 Gamcr„
1046 5446 1075 5497 p.
1095 5433 1158 5492 262,
1173 5425 1240 5478 idern
1256 5439 1348 5478 anniae
1366 5423 1468 5491 lepitnr.
1506 5421 1572 5474 Cam
1595 5423 1683 5472 antem
1705 5433 1743 5486 ep,
1760 5431 1845 5483 nepta
1866 5413 1902 5467 ad
1923 5433 1949 5469 a.

293 5524 365 5586 1146,
379 5523 490 5587 propter
507 5533 538 5570 ca
554 5533 624 5585 pane
641 5532 725 5584 aesna
742 5515 869 5584 dininas,
888 5531 972 5584 neprrc
989 5515 1027 5568 ad
1043 5532 1068 5568 a.
1089 5521 1158 5581 1246,
1177 5512 1243 5580 pain
1263 5509 1299 5564 F.
1318 5507 1462 5578 ‘pnorrdam
1475 5507 1625 5575 insperator'
1643 5509 1708 5558 tnnc
1727 5503 1876 5572 appeltam
1893 5519 1949 5555 nan

293 5603 327 5656 eit
345 5603 391 5672 [qi
405 5619 434 5672 p.
453 5609 514 5669 103,
541 5607 594 5656 not.
615 5604 668 5671 11],
688 5601 785 5669 referri
798 5601 896 5671 possit,
920 5618 977 5655 curn
1000 5618 1025 5654 a.
1047 5599 1146 5669 parari.
1171 5596 1301 5664 V—l'II,
1324 5595 1436 5661 sonasse
1453 5612 1479 5647 a.
1505 5592 1559 5658 VI,
1591 5591 1715 5659 accipiam
1739 5606 1792 5644 esee
1812 5593 1949 5656 paternae.

294 5693 322 5760 3)
347 5691 394 5745 us
415 5697 477 5759 sept.
495 5691 541 5744 cir.
562 5689 761 5745 (icamiam-sis.
