4328 6232
207 329 267 393 168
764 327 812 383 EX
829 327 1049 384 INNOCEN'I'II
1066 327 1105 383 IV
1123 324 1305 385 amissae

200 498 313 564 accim
333 498 421 580 opud
438 496 583 565 Venetiae
603 504 749 578 moretur,
770 499 811 564 ob
835 499 996 581 aliquibus
1017 500 1152 567 amasiis
1168 498 1411 584 patriarchatus
1432 497 1667 582 antennas
1687 498 1863 563 cucumim

194 601 406 683 provisionem
428 621 596 686 conqrrsom
617 601 757 668 oabibai
773 601 889 688 socrat.
1516 602 1611 680 1246,
1634 600 1700 666 lul.
1718 605 1771 665 14.

303 720 366 775 hm.
385 720 436 774 IV
455 720 519 791 Rrp.
541 721 596 777 Vol.
615 722 640 790 Ι,
662 727 724 789 310,·
749 721 810 776 Ino.
828 720 882 789 IV,
906 729 944 776 14.
991 721 1092 777 Pactoli
1117 721 1250 790 eaeorplor
1275 721 1438 777 oontalirm
1463 735 1524 775 mem
1553 719 1700 789 Carcaso,
1728 719 1775 775 Dc
1799 720 1860 775 root.

202 807 338 862 lincam
351 824 381 876 p.
395 813 455 876 366,
472 814 553 862 aas.

305 893 437 963 Pottltoat,
456 894 518 966 Ray.
530 899 767 961 maaca-2635&
785 895 889 963 Bana
899 900 976 949 2009.

457 1146 496 1165 ..
523 1090 678 1166 abbati
705 1089 859 1167 Sancti
887 1088 1070 1185 Georgii
1096 1090 1284 1166 Maioris
1309 1092 1362 1166 de
1388 1089 1599 1167 Veneriis.

309 1239 489 1307 Oonsuevit
514 1241 627 1306 matris
654 1241 795 1309 ecclesie
823 1240 1012 1327 benignitas
1036 1240 1262 1327 indigentibus
1285 1240 1362 1306 filiis
1384 1241 1518 1327 pietatis
1540 1239 1702 1326 gremium
1725 1241 1861 1327 aperire

201 1345 339 1430 illosque
375 1345 531 1432 precipue
567 1351 724 1430 oportune
761 1345 988 1411 subventionis
1019 1345 1182 1411 beneficio
1216 1344 1406 1420 confovere,
1445 1344 1500 1430 qui
1532 1365 1591 1430 pro
1629 1343 1862 1409 ecclesiastiea

200 1448 351 1513 libertate
380 1469 414 1513 se
443 1468 615 1534 corporum
644 1453 846 1534 exponentes
873 1448 1044 1533 periculis,
1072 1448 1264 1514 afflictiones
1297 1455 1431 1535 propter
1458 1445 1521 1513 hoc
1543 1447 1722 1534 pertulisse
1745 1448 1859 1512 multi·

200 1552 303 1639 plices
332 1551 554 1618 dinoscuntur.
613 1550 695 1617 (inm
717 1552 827 1637 itaque
851 1552 1050 1617 venerabilis
1073 1552 1175 1619 irater
1197 1558 1368 1618 noster..
1392 1551 1564 1616 Firmanus
1586 1551 1778 1637 episcopus,
1813 1547 1858 1615 de

202 1655 396 1741 episcopatu
418 1675 476 1720 suo
500 1654 621 1719 dudum
645 1677 704 1741 per
726 1655 852 1720 balivos
876 1654 913 1718 ll.
937 1655 1101 1741 quondam
1123 1655 1346 1720 Romanorum
1368 1655 1572 1742 imperatoris
1594 1655 1737 1734 eiectus,
1761 1653 1859 1718 bonis

202 1758 269 1822 suis
291 1759 441 1823 omnibus
458 1758 700 1845 episcopalibus
717 1758 914 1840 confiscatis,
930 1758 1017 1844 apud
1033 1758 1193 1824 Venetiae
1208 1756 1368 1824 diutinam
1385 1779 1511 1823 moram
1526 1757 1664 1823 traxerit
1686 1762 1721 1822 et
1743 1756 1859 1842 grevia

202 1861 340 1926 subierit
363 1871 713 1948 onera'expensarum:
740 1881 811 1942 nos,
834 1862 984 1927 volentes
1006 1863 1114 1948 ipsum
1139 1863 1319 1949 apostolica
1341 1863 1449 1948 gratia
1471 1862 1635 1949 prosequi,
1658 1867 1696 1925 ut
1719 1861 1858 1926 alicuius

202 1970 295 2050 grate
325 1966 557 2030 consolationis
586 1964 701 2029 solatio
732 1970 910 2044 recreetur,
943 1964 1152 2047 mandamus,
1183 1966 1335 2050 quatinus
1363 1964 1471 2031 eidem
1498 1965 1609 2030 taliter
1635 1965 1785 2031 exulanti
1815 1965 1857 2030 ab

200 2069 363 2154 aliquibus
393 2069 543 2134 ecclesiis
566 2067 800 2154 Aquilegensis
822 2069 1079 2156 patriarchatus,
1111 2090 1174 2155 que
1204 2071 1310 2134 minus
1334 2074 1410 2134 sunt
1432 2067 1473 2134 de
1496 2067 1650 2134 mandato
1673 2067 1854 2154 apostolico

200 2172 296 2238 simili
317 2172 504 2259 provisione
527 2178 679 2257 gravata,
710 2172 814 2238 iacias
837 2175 1008 2238 annuatim
1030 2175 1251 2261 provisionem
1275 2193 1453 2259 congruam
1476 2171 1645 2252 exhiberi,
1673 2159 1762 2236 unde
1785 2171 1857 2257 ipse

200 2295 266 2339 una
304 2296 377 2340 cum
418 2296 477 2340 sex
517 2276 666 2362 personis
705 2297 816 2341 secum
848 2275 1050 2342 morantibus
1086 2281 1311 2364 competenter
1344 2277 1454 2342 valeat
1488 2275 1683 2349 sustentari;
1725 2281 1855 2340 contra-

203 2377 343 2446 dictores
367 2385 431 2446 etc.
445 2417 486 2426 -
510 2401 575 2444 non
599 2380 752 2447 obstante
776 2382 1010 2448 constitutione
1033 2382 1074 2449 de
1099 2380 1227 2447 duabus
1250 2381 1348 2448 dietis
1373 2380 1461 2446 edita
1483 2379 1517 2445 in
1540 2379 1677 2446 concilio
1700 2379 1856 2465 generali.

308 2497 385 2564 Dat.
407 2498 570 2588 Lugduni,
593 2501 627 2565 11
650 2501 730 2569 Idus
753 2502 838 2584 Iulii,
861 2523 946 2568 anuo
970 2507 1096 2588 quarto.

826 2761 1232 2770 ——-—-.—-——-.

987 3004 1075 3080 lib.

306 3114 524 3208 Innocentius
539 3143 596 3207 ιν
608 3165 699 3226 nara
712 3144 890 3229 [annom
906 3145 988 3230 ΠΙ]
1008 3143 1239 3225 nnornsnpo
1253 3142 1449 3227 mnpnnonn
1468 3143 1608 3222 nanno,
1632 3148 1668 3208 nr
1679 3142 1858 3229 [annno]

201 3245 293 3310 coca
314 3245 556 3329 argentinensi,
585 3247 781 3329 sioapodire
802 3247 931 3326 viderit,
953 3267 1051 3330 aequo
1072 3244 1117 3311 ad
1130 3249 1253 3312 oran
1275 3266 1429 3312 aomomm
1451 3245 1656 3312 oootrobervdr'
1673 3246 1858 3331 facultatem

202 3348 356 3415 onnon.
489 3368 495 3391 ι
1522 3352 1617 3429 124⁶,
1639 3348 1704 3415 rnr.
1721 3352 1772 3414 14.

305 3451 368 3506 rnn.
382 3452 430 3506 rr
444 3451 509 3522 aen.
527 3452 620 3521 var,
638 3458 700 3519 ara·
718 3451 779 3507 rno.
792 3453 845 3522 rv,
864 3460 905 3508 rs.

305 3538 404 3607 Beros
420 3545 496 3595 roro.

656 3704 696 3723 ..
724 3647 1078 3742 archiepiscopo
1111 3645 1391 3741 Maguntiuo.

313 3777 412 3858 Cum,
441 3777 527 3843 sicut
557 3798 600 3843 ex
629 3785 723 3865 parte
754 3779 864 3845 dilecti
887 3779 944 3845 filii
968 3830 1001 3845 ..
1026 3780 1125 3847 alecti
1147 3780 1401 3866 Argentinensis
1433 3778 1495 3843 suit
1524 3781 1726 3867 propositum
1749 3803 1858 3848 coram

203 3883 315 3960 nobis,
349 3881 488 3948 eundem
517 3882 658 3946 electum
689 3905 808 3969 magna
837 3905 896 3970 pro
923 3884 1060 3949 instanti
1087 3883 1229 3949 ecclesie
1258 3883 1411 3969 negotio¹
1440 3883 1552 3948 subire
1583 3890 1736 3970 oporteat
1759 3907 1859 3952 onera

205 4006 436 4072 expensarum,
459 3984 662 4066 mandamus,
685 3987 838 4073 quatinus
862 3987 969 4053 eidem
993 3989 1111 4066 electo,
1136 3988 1164 4052 si
1188 3986 1345 4074 expedire
1361 3986 1493 4068 videris,
1518 3987 1733 4054 contrahendi
1754 4011 1858 4078 usqne

203 4091 246 4157 ad
263 4098 387 4156 aemam
403 4112 562 4156 summam
586 4112 625 4156 ac
646 4092 722 4174 illis,
746 4113 820 4158 cnm
836 4092 953 4179 quibus
970 4094 1181 4174 contraxerit,
1205 4093 1431 4179 possessiones
1446 4091 1701 4177 Argentinensis
1717 4094 1858 4160 ecclesie

205 4193 372 4280 obligandi
395 4193 557 4260 concedas
581 4196 776 4262 anctoritate
799 4201 913 4260 nostra
935 4195 1072 4261 liberam
1095 4194 1304 4272 facultatem
1328 4195 1585 4263 contradictores
1608 4200 1672 4261 etc.

311 4313 388 4382 Dat.
412 4321 570 4402 utsupra
592 4315 625 4380 in
648 4317 807 4403 proxima.

985 4752 1073 4829 227.

308 4861 525 4953 Innnnn
551 4889 610 4955 rv
630 4911 720 4974 ,nnn
752 4888 960 4978 [annnam]
987 4893 1127 4975 nennn
1159 4893 1299 4958 oncant
1326 4897 1355 4957 o
1382 4894 1577 4978 apnnnnnn]
1606 4896 1694 4960 rone
1724 4897 1859 4964 annon

203 4992 335 5057 Morino
359 4990 588 5056 Rorrstiborior
604 4993 786 5075 presbytero
808 4997 837 5058 ct
858 4993 1034 5081 Rlioordo]
1055 4997 1168 5062 aanor·
1188 4997 1305 5079 Aopcti
1324 4996 1455 5061 diacono
1477 4998 1697 5064 cordimrtibra
1719 5000 1858 5077 madet,

202 5100 239 5160 at
257 5094 470 5177 manaseas,
499 5115 576 5177 quos
596 5097 744 5162 Aletrini
764 5098 1025 5164 Ferentinatibus
1046 5120 1110 5181 pro
1136 5100 1294 5166 mnan
1316 5120 1397 5185 poco
1426 5101 1509 5166 inter
1529 5121 1580 5166 eos
1601 5101 1686 5167 inito
1707 5102 1857 5181 dedam

203 5200 247 5265 ad
268 5198 512 5265 obamotimwm
532 5201 635 5283 ipsine
655 5201 849 5281 nonnoni
1517 5207 1611 5283 1246,
1633 5205 1702 5275 Iul.
1719 5208 1772 5276 18.

307 5318 906 5476 parvanvnrrsrnznnrrtso.
942 5321 1676 5394 mnanaarensnanotemn

424 5413 498 5463 soa

308 5608 1606 5697 1)OEEtmboedimotttdffltxmpsstdm-Fiabor,umtt
