4328 6232
180 273 243 409 '36
754 324 802 385 EX
819 318 1035 385 ruuocarv‘rtl
1053 315 1091 379 1v
1110 314 1290 381 REGIS'PRO

202 514 410 601 inquisitores
439 518 552 576 eontra
583 508 743 574 hereticos
774 505 966 570 auctoritate
997 501 1084 567 sedis
1112 501 1294 587 apostolice
1323 499 1516 586 deputatos,
1544 500 1786 590 promulgatam
1811 511 1852 572 nt

202 618 329 695 dicitur,
362 636 458 701 quam
485 613 572 678 idem
599 631 709 676 comes
739 609 857 674 asserit
884 607 1007 671 nullam
1031 625 1121 684 esse,
1152 603 1295 668 relaxari
1318 602 1360 666 ad
1384 605 1547 669 cautelam
1557 606 1578 687 ¹,
1609 614 1785 694 antequam
1807 611 1852 677 ad

201 721 399 807 presentiam
429 725 575 782 nostram
604 714 790 793 accederet,
819 710 995 776 secundum
1025 707 1296 773 consuetudinem
1322 707 1444 772 dudum
1472 709 1506 772 in
1521 707 1679 776 Romana
1706 715 1850 780 ecclesia

202 825 420 905 observatam,
443 827 576 907 recepta
599 820 687 905 prius
709 817 750 882 ab
774 837 813 881 eo
836 814 1035 900 obligatione
1058 819 1144 877 terre
1169 833 1227 876 suc
1251 811 1293 877 de
1316 811 1462 898 parendo
1487 834 1588 899 super
1604 815 1667 880 biis
1683 818 1849 884 mandatis

203 927 346 992 ecclesie
363 947 402 990 ac
418 925 573 988 iuratoria
589 921 753 997 cautione;
777 939 834 1006 pro
850 918 966 1003 quibus
983 916 1129 1002 plenarie
1146 914 1357 980 observandis
1372 936 1410 979 ac
1425 916 1652 985 satisfactione
1669 923 1851 1006 prestanda

201 1030 275 1110 illis,
299 1051 357 1116 pro
381 1028 497 1113 quibus
520 1028 586 1091 late
609 1025 741 1089 fuerunt
755 1022 902 1111 predicte
919 1020 1092 1099 sententie,
1116 1021 1145 1083 si
1161 1041 1216 1084 eas
1232 1019 1418 1106 apparuerit
1433 1021 1520 1086 iuste
1536 1023 1631 1106 latas,
1654 1026 1851 1110 quibusdam

203 1133 300 1197 certis
325 1132 482 1218 personis,
506 1128 546 1193 de
563 1149 699 1214 quornm
714 1124 918 1213 providentia
933 1122 1150 1188 indubitatam
1165 1121 1316 1187 fiduciam
1332 1124 1485 1208 gerimus,
1508 1125 1636 1192 litteras
1651 1132 1851 1216 apostolicas

203 1234 414 1300 destinamus.
461 1233 608 1318 Cumque
638 1230 724 1295 idem
756 1249 865 1294 comes
889 1227 1056 1292 absolutus
1080 1226 1121 1291 ad
1144 1234 1289 1291 nostram
1312 1229 1515 1313 presentiam
1538 1231 1571 1295 in
1594 1230 1788 1300 humilitatis
1810 1258 1852 1303 ac

201 1338 382 1402 devotionis
406 1336 522 1422 spiritu
544 1333 749 1421 postmodum
771 1332 975 1409 accessisset,
999 1331 1105 1416 ipsum
1128 1330 1212 1395 facie
1236 1351 1355 1395 serena
1377 1332 1593 1419 recepimus²,
1617 1342 1652 1401 et
1668 1345 1850 1407 tractantes

202 1441 341 1506 eundem
363 1440 565 1524 benignitate
582 1437 837 1503 mansuetudinis
853 1441 1019 1515 consueta,
1043 1455 1118 1499 eum
1134 1440 1190 1500 tue
1206 1436 1455 1500 interventionis
1471 1436 1620 1522 obtentu,
1644 1443 1850 1510 considerato

203 1546 300 1609 etiam
324 1543 408 1628 quod
432 1541 529 1623 idem,
553 1564 625 1608 cum
648 1563 713 1606 non
736 1561 869 1628 parvum
893 1541 1001 1604 locum
1024 1539 1111 1603 inter
1132 1538 1215 1603 alios
1238 1539 1402 1626 principes
1419 1540 1508 1606 orbis
1525 1542 1683 1626 obtineat,
1706 1548 1851 1614 ecclesie

202 1654 310 1734 potest
333 1668 392 1712 sua
415 1646 620 1725 strenuitate,
645 1646 790 1732 potentia
812 1651 845 1708 et
868 1643 1027 1708 industria
1051 1664 1124 1707 esse
1148 1643 1238 1707 utilis
1262 1651 1296 1707 et
1318 1664 1381 1707 non
1404 1643 1568 1711 modicum
1588 1647 1784 1733 fructuosus,
1807 1652 1849 1717 ad

202 1752 340 1836 gratiam
366 1749 545 1837 apostolice
569 1748 655 1814 sedis
679 1749 720 1814 de
743 1748 965 1834 predictorum
986 1746 1124 1811 fratrum
1149 1746 1284 1810 coneilio
1307 1745 1458 1811 duximus
1474 1747 1722 1819 admittendum.
1758 1753 1850 1829 Quo-

203 1855 289 1920 circa
311 1855 436 1938 regiam
453 1854 703 1917 excellentiam·
720 1850 898 1937 rogandam
914 1849 1067 1915 duximus
1083 1856 1117 1915 et
1132 1849 1337 1929 hortandam,
1362 1853 1515 1937 quatinus
1530 1854 1670 1922 eundem
1686 1859 1850 1943 comitem,

201 1964 233 2022 te
263 1957 500 2021 interveniente
533 1957 776 2021 reconciliatum
808 1956 964 2034 ecclesie,
1003 1954 1114 2018 favore
1142 1959 1198 2018 tue
1224 1955 1468 2039 magnificentie
1495 1956 1604 2023 taliter
1632 1965 1853 2047 prosequaris,

202 2059 403 2145 quod-idem
432 2060 465 2123 in
494 2060 672 2145 apostolice
701 2058 788 2124 sedis
816 2081 853 2123 ac
880 2066 937 2123 tua
963 2058 1136 2123 devotione
1168 2065 1327 2144 perpetuo
1355 2081 1551 2146 permanens
1582 2063 1622 2127 ad
1647 2065 1850 2133 celsitudinis

200 2173 256 2229 tue
280 2163 415 2228 servitia
436 2163 552 2226 fortius
576 2165 746 2228 animetur.

307 2284 385 2349 Dat.
408 2283 562 2347 Lateran.
585 2283 660 2351 Kal.
683 2284 813 2350 Ianuar.
837 2305 921 2348 anno
945 2283 1060 2370 primo.

820 2596 1232 2605 ----.-.--.

995 2893 1057 2968 46.

282 3007 521 3107 Innocentius
536 3035 590 3101 IV
605 3056 694 3121 papa
716 3035 902 3121 [Conrado]
924 3038 1015 3102 electo
1034 3035 1213 3102 mamaea·
1234 3035 1374 3113 scandat,
1396 3041 1432 3100 at
1452 3037 1488 3100 in
1505 3037 1668 3120 praelatos
1686 3039 1854 3107 etclcricoa

200 3140 336 3205 moimtis
357 3144 386 3205 et
407 3140 536 3204 diosmis
549 3158 633 3217 setae,
656 3141 711 3221 qui
725 3145 835 3204 contra
854 3141 958 3224 ipsam
973 3159 1040 3205 una
1054 3161 1123 3204 mena
1136 3139 1325 3222 [Witbclmo
1339 3140 1411 3225 IV]
1425 3142 1531 3204 comite
1545 3142 1719 3207 laliacenei
1732 3145 1769 3209 in
1783 3164 1854 3209 aaa·

198 3243 286 3324 (lectu
306 3245 424 3309 amati
444 3242 605 3307 actitarint
626 3248 758 3327 tempore
779 3245 934 3326 captionis
955 3265 1039 3322 meac,
1062 3244 1142 3308 sicrd
1163 3244 1275 3322 deccat,
1291 3243 1449 3324 procedat.
1507 3247 1600 3325 1244,
1622 3245 1766 3313 Iaa.12.

304 3363 370 3417 Ian.
383 3364 433 3417 IV
448 3363 511 3432 Ray.
529 3361 622 3430 val,
640 3370 684 3428 66;
701 3362 800 3433 lael,
817 3369 874 3419 389.

306 3450 403 3520 Βῆριν
413 3456 467 3505 391.

755 3669 794 3687 ..
823 3614 980 3688 electo
1014 3612 1305 3687 Coloniensi.

311 3763 520 3828 Transmisso
542 3760 636 3825 nobis
660 3782 703 3826 cx
726 3768 819 3848 parte
844 3770 900 3827 tua
922 3763 1038 3850 petitio
1069 3762 1273 3842 continebat,
1304 3762 1389 3847 quod
1415 3783 1487 3826 cum
1511 3762 1658 3826 nonnulli
1680 3762 1799 3849 prelati
1821 3771 1855 3830 et

205 3868 260 3933 alii
290 3868 400 3932 clerici
424 3865 631 3931 Coloniensis
655 3866 797 3931 civitatis
821 3873 855 3932 et
878 3866 1022 3932 diocesis
1046 3873 1159 3931 eontra
1183 3873 1216 3931 te
1240 3886 1312 3930 cum
1336 3865 1438 3930 nobili
1461 3865 1531 3930 viro
1555 3914 1588 3929 ..
1612 3867 1731 3931 comite
1754 3866 1854 3932 Iulia·

205 3972 297 4036 censi
320 3971 352 4034 in
377 3971 528 4034 conflictu
552 3970 668 4033 armati
691 3971 859 4034 extiterint
875 3978 930 4035 tue
948 3977 1095 4057 tempore
1111 3970 1272 4057 captionis
1282 3968 1306 4049 ³,
1330 3975 1363 4032 tu
1380 3969 1412 4032 in
1429 3969 1518 4053 ipsos
1534 3991 1593 4056 pro
1609 3976 1700 4033 tanto
1717 3990 1856 4036 excessu

206 4075 401 4139 auctoritate
425 4075 555 4160 propria
578 4075 925 4140 excommunicationis
949 4076 1146 4140 sententiam
1169 4075 1324 4159 exigente
1348 4073 1473 4137 iustitia
1500 4074 1730 4159 promulgasti,
1759 4095 1855 4160 quam

204 4177 385 4265 apostolico
409 4178 529 4263 petiisti
553 4179 730 4242 munimine
754 4179 911 4244 roborari.
951 4178 1113 4253 Quocirca
1137 4178 1340 4257 mandamus,
1367 4176 1532 4261 quatinus,
1555 4176 1583 4241 si
1605 4182 1656 4241 est
1670 4177 1727 4257 ita,
1750 4177 1855 4243 dictos

205 4281 385 4367 sacrilegos
419 4280 543 4346 tamdiu
567 4281 650 4346 etc.b
676 4303 794 4367 usque:
822 4283 965 4363 evitari,
1003 4282 1108 4347 donec
1137 4283 1196 4347 tibi
1229 4303 1267 4346 ac
1301 4281 1441 4346 ecclesie
1470 4278 1656 4344 Coloniensi
1690 4279 1732 4346 de
1765 4287 1856 4346 tanta

205 4386 323 4451 iniuria
354 4385 575 4450 satisfecerint
603 4393 830 4472 competenter
853 4392 981 4450 etcum
1006 4393 1088 4451 etc.⁰
1111 4406 1228 4471 usque:
1260 4381 1468 4459 absolvendi;
1499 4403 1581 4468 quos
1603 4384 1712 4470 siper
1734 4405 1855 4449 annum

205 4488 357 4555 duxerint
387 4489 420 4553 in
450 4510 509 4553 sua
543 4489 724 4576 pertinacia
760 4490 1017 4575 persistendum,
1054 4490 1166 4576 prives
1196 4486 1445 4574 personatibus,
1482 4485 1694 4571 dignitatibus
1723 4494 1757 4552 et
1786 4488 1857 4553 aliis

208 4592 377 4657 beneficiis
401 4593 637 4658 ecclesiasticis
661 4614 700 4658 ac
723 4594 911 4679 prebendis,
935 4594 1061 4659 faciens
1086 4615 1126 4660 ea
1148 4592 1274 4658 idoneis
1299 4592 1438 4657 conferri
1459 4592 1610 4678 personis
1631 4613 1692 4677 per
1707 4592 1792 4671 illos,
1816 4591 1858 4657 ad

207 4717 289 4781 quos
313 4717 426 4760 eorum
450 4697 581 4761 collatio
605 4696 785 4762 dinoscitur
807 4699 990 4785 pertinere;
1013 4697 1272 4763 contradictores
1296 4696 1389 4760 etc.⁴.

314 4815 391 4879 Dat.
416 4814 569 4882 lateran.
594 4814 628 4879 ΙΙ
652 4816 729 4882 Idus
753 4818 883 4883 Ianuar.
908 4840 994 4883 anno
1017 4820 1132 4905 primo.

310 5110 335 5173 ⁸)
353 5128 394 5164 ex.
408 5112 440 5164 R.
511 5110 536 5178 b)
555 5114 609 5164 scil.
626 5113 736 5180 singulis
755 5114 846 5165 diebus
863 5114 998 5166 dominicis
1015 5122 1041 5167 et
1058 5116 1158 5167 festivis
1176 5115 1285 5183 pulsatis
1302 5115 1435 5182 campanis
1454 5120 1481 5165 et
1497 5113 1611 5164 candelis
1627 5112 1741 5164 moenai!
1757 5127 1858 5165 excom·

208 5199 353 5250 muricatos
371 5199 474 5266 publice
496 5201 600 5252 nuntiae
622 5209 648 5252 et
672 5201 786 5251 nuntiari
807 5201 887 5252 facias
910 5217 941 5252 ac
961 5201 994 5252 ab
1018 5202 1138 5253 omnibns
1159 5203 1241 5253 artius
1264 5201 1358 5253 evitari
1380 5196 1860 5263 alamitaa;e.a1,aeeo,esa

207 5293 230 5334 et
247 5285 317 5336 alibi.
387 5284 411 5348 e)
429 5287 484 5336 ecit.
502 5295 607 5338 tuarum
625 5288 771 5340 testimonio
790 5288 932 5340 litterarum
950 5288 984 5340 ad
1001 5287 1088 5340 sedem
1105 5289 1224 5340 venerint
1240 5288 1406 5356 apostolicam
1423 5285 1586 5348 absolvendi;
1603 5282 1664 5334 ibid.

311 5420 338 5484 ι)
357 5418 386 5474 V.
399 5437 426 5473 a
440 5426 483 5474 so.
552 5422 581 5489 a)
601 5407 758 5477 laeana.
774 5428 790 5476 a
807 5427 888 5485 ara·
904 5439 926 5478 e.
945 5439 974 5476 a.
986 5426 1061 5476 roa
1081 5421 1209 5490 Pareae,
1232 5421 1296 5491 Ray.
1309 5431 1401 5478 arros:
1423 5424 1509 5493 prout
1526 5419 1552 5474 ei
1570 5414 1691 5491 [anitii
1707 5413 1775 5475 rin
1790 5432 1859 5475 roeo

207 5503 337 5559 diximus.
406 5506 434 5574 3)
455 5504 492 5572 (Υ.
513 5505 665 5578 &arrlaaaa
684 5507 803 5564 Roseae
819 5525 842 5563 r.
855 5508 999 5564 Hostaden
1012 5526 1041 5578 p.
1057 5517 1165 5563 14-16.
1234 5510 1263 5578 4)
1283 5508 1323 5576 Of.
1341 5510 1418 5563 dicat
1436 5509 1534 5579 Beryae
1549 5506 1662 5563 ate-n
