4328 6232
202 330 241 392 10
757 325 805 380 EX
823 325 1041 382 INNOCENTII
1060 326 1099 381 lV
1117 326 1298 383 REGIS'I'RO

201 500 255 565 vel
278 498 502 585 promissionis
527 498 666 563 alicuius
680 498 801 564 debeat
816 498 960 579 liberari,
986 522 1085 588 super
1099 501 1162 565 hoc
1180 501 1267 586 quod
1284 500 1478 567 debebimus
1495 499 1664 565 faciemus.
1699 499 1856 566 (letarum

199 623 259 667 uos
282 601 483 667 venerabilis
512 601 623 666 fratris
655 603 758 666 nostri
782 603 1021 691 archiepiscopi
1044 604 1252 690 Maguntini¹
1276 605 1406 669 nuutios
1429 604 1554 669 ilariter
1574 605 1740 690 recepisse
1763 623 1802 668 uc
1825 604 1856 668 ei

202 706 406 771 commisisse
422 705 599 790 legationis
617 705 784 772 officium²
803 708 975 794 nullosque
992 708 1106 773 audire
1129 710 1161 772 in
1185 709 1309 774 iustitia
1329 715 1444 774 contra
1459 729 1544 788 eum,
1568 708 1601 772 in
1618 707 1856 793 querimoniam

200 811 351 897 princeps
379 811 452 895 ipse
481 808 623 874 deducit.
671 810 736 875 Sed
768 831 840 875 eum
872 811 958 876 idem
988 812 1254 898 archiepiscopus
1285 834 1424 897 maguus
1452 812 1592 877 ecclesie
1615 810 1679 876 Dei
1708 811 1856 898 prelatus

200 918 377 997 tantusque
401 913 555 999 princeps
580 914 703 977 existat
725 920 759 978 et
782 914 845 999 ipsi
869 915 1009 979 ecclesie
1034 920 1100 977 tam
1124 914 1273 994 devotus,
1297 914 1479 1000 gaudemus
1503 915 1626 1000 utique,
1652 914 1801 999 siquem
1825 913 1856 977 ei

201 1016 358 1080 honorem
393 1017 627 1103 impendimus,
664 1038 759 1103 quem
795 1019 894 1082 etiam
929 1019 1140 1104 proponimus
1171 1026 1304 1084 auctore
1336 1018 1477 1083 Domino
1509 1018 1650 1103 amplius
1684 1017 1856 1081 honorare.

203 1119 309 1206 Super
339 1119 463 1183 iustitia
493 1125 604 1184 tamen
634 1127 749 1185 contra
780 1122 886 1207 ipsum
910 1144 930 1186 a
952 1121 1047 1187 nobis
1077 1122 1242 1208 aliquibus
1271 1122 1436 1207 denegata
1466 1143 1524 1186 nos
1556 1121 1757 1186 conscicntia
1789 1139 1856 1185 non

200 1223 381 1302 remordet,
413 1244 486 1287 cum
516 1223 606 1287 illam
635 1224 843 1290 intendamus
873 1226 1061 1312 petentibus
1091 1226 1239 1312 plenarie
1262 1232 1377 1290 contra
1400 1225 1565 1311 quoslibet
1586 1224 1757 1290 exhibere.
1801 1221 1856 1287 Ad

202 1326 408 1392 devotionem
439 1333 550 1391 autem
576 1327 732 1412 principis
761 1330 932 1394 memorati
956 1328 1078 1394 dictum
1102 1329 1384 1416 arehiepiscopum
1409 1336 1442 1393 et
1465 1328 1547 1392 alios
1571 1329 1691 1392 amicos
1714 1327 1856 1392 ecclesie

201 1430 347 1496 libenter
376 1431 534 1496 reducere
563 1452 767 1512 curaremus,
802 1433 830 1497 si
860 1433 901 1497 ad
936 1433 1135 1497 reddendum
1166 1434 1229 1519 ipsi
1259 1433 1398 1497 ecclesie
1429 1431 1561 1517 suisque
1585 1430 1712 1495 devotis
1740 1451 1855 1516 pacem

202 1533 348 1600 debitam
372 1541 405 1599 et
428 1534 624 1614 servandum
649 1534 787 1600 eandem
811 1536 954 1599 animum
979 1537 1161 1601 inclinaret.
1202 1537 1312 1601 Habet
1335 1537 1469 1622 insuper
1492 1533 1639 1599 eiusdem
1664 1532 1857 1618 conquestio

202 1639 369 1725 principis,
393 1638 480 1724 quod
503 1639 535 1702 iu
558 1639 668 1703 odium
692 1640 742 1703 sui
767 1645 800 1703 et
823 1639 968 1703 favorem
993 1639 1107 1704 dilecti
1129 1639 1188 1703 filii
1205 1639 1325 1703 nobilis
1342 1639 1402 1702 viri
1421 1689 1428 1703 .
1447 1638 1596 1703 ‚comitis
1613 1635 1806 1702 Provincie³
1823 1687 1831 1701 .
1848 1683 1857 1700 .

202 1741 417 1807 Aviuioneusi
442 1741 571 1806 electo4
594 1742 770 1827 legationis
794 1743 936 1807 officium
965 1743 999 1806 in
1030 1743 1095 1807 illis
1126 1743 1272 1829 partibus
1302 1742 1455 1806 duximus
1485 1740 1765 1819 committendum,
1798 1738 1858 1806 sed

202 1844 274 1909 Deo
297 1851 383 1911 teste
407 1846 529 1909 nullam
554 1851 631 1909 tunc
655 1845 696 1910 de
719 1846 875 1932 principe
891 1846 961 1932 ipso
984 1846 1103 1911 fecisse
1124 1847 1330 1911 meminimus
1347 1846 1557 1924 mentionem,
1580 1866 1653 1908 cum
1670 1844 1859 1931 specialiter

203 1955 316 2012 contra
349 1949 512 2014 hereticos
548 1955 582 2012 et
614 1949 757 2014 fautores
794 1950 937 2035 ipsorum
970 1950 1169 2033 legationem
1201 1949 1340 2014 eandem
1371 1949 1412 2013 ad
1444 1948 1580 2013 fratrum
1608 1947 1857 2012 Predicatorum

202 2052 406 2132 instantiam,
440 2054 495 2138 qui
525 2059 659 2139 propter
687 2052 749 2117 hoc
780 2052 821 2116 ad
853 2053 1069 2140 apostolicam
1100 2053 1212 2117 sedem
1242 2052 1282 2116 de
1312 2052 1461 2139 partibus
1491 2051 1613 2116 eisdem
1636 2055 1857 2130 accesserant,

203 2156 307 2220 electo
340 2157 579 2221 iniunxerimus
609 2156 787 2223 antedicto.
845 2156 955 2221 Parati
989 2157 1218 2221 nichilominus
1253 2178 1365 2221 sumus
1400 2178 1460 2244 pro
1495 2155 1611 2220 eodem
1645 2155 1763 2220 comite
1798 2175 1857 2219 sue

204 2258 387 2324 devotionis
418 2260 628 2345 exigentibus
662 2261 785 2324 meritis
816 2261 915 2324 etiam
944 2260 984 2324 ad
1015 2261 1148 2325 maiora.
1193 2259 1262 2324 Nec
1291 2261 1375 2324 iuste
1399 2260 1531 2345 quidem
1555 2259 1647 2343 argui
1671 2277 1858 2346 possumus,

204 2362 290 2448 quod
314 2369 426 2427 contra
449 2369 593 2428 remotos
616 2363 781 2428 hereticos
805 2365 934 2428 omissis
957 2365 1125 2451 proximis,
1148 2363 1346 2429 Lombardie
1364 2363 1517 2428 videlicet
1540 2361 1717 2440 etTuscie,
1740 2381 1856 2448 proce-

202 2465 334 2537 damus:
365 2487 451 2545 nam,
484 2469 568 2532 sieut
592 2466 735 2531 omnium
759 2466 827 2533 lere
851 2474 943 2533 tenet
965 2468 1092 2547 notitia,
1116 2465 1265 2531 Romana
1288 2469 1428 2532 ecclesia
1450 2467 1572 2553 ubique
1596 2471 1857 2551 terrarumante
1910 2482 1915 2520 τ

204 2576 308 2633 ortam
331 2569 417 2633 iuter
440 2570 545 2655 ipsam
563 2576 596 2634 et
611 2571 794 2658 principem
816 2571 955 2635 eundem
973 2571 1168 2636 discordiam
1185 2577 1372 2635 constanter
1394 2570 1657 2657 persequebatur
1679 2569 1860 2634 hereticam

204 2673 410 2759 pravitatem,
435 2680 469 2737 et
492 2694 532 2738 co
555 2673 672 2738 fortius
696 2675 729 2739 in
753 2676 870 2745 vicino,
902 2696 965 2760 quo
989 2675 1070 2738 inibi
1093 2675 1219 2738 ratione
1244 2675 1497 2761 propinquitatis
1522 2673 1649 2737 facilius
1674 2678 1706 2736 et
1728 2672 1861 2759 plenius

205 2775 270 2840 vim
294 2797 352 2841 sue
377 2777 581 2842 auctoritatis
604 2785 735 2865 poterat
758 2799 925 2844 exercere.
971 2779 1015 2842 At
1045 2785 1217 2865 postquam
1250 2779 1404 2865 princeps
1434 2777 1520 2841 idem
1549 2776 1723 2842 ecclesiam
1755 2777 1860 2861 ipsam

206 2880 293 2966 cepit
322 2880 521 2966 opprimere,
557 2882 603 2946 sic
634 2881 777 2968 undique
807 2883 893 2946 vires
925 2883 996 2947 eius
1028 2882 1146 2947 artavit
1175 2882 1307 2966 viasque
1345 2882 1515 2968 praelusit,
1551 2880 1635 2965 quod
1665 2881 1860 2966 impugnare

204 2982 402 3069 pravitatem
436 2984 541 3071 ip'sam
571 2993 605 3050 et
635 2985 796 3049 catholice
828 2984 904 3049 fidei
928 2992 961 3049 et
984 2985 1207 3050 ecclesiastice
1235 2985 1398 3073 libertatis
1421 2991 1632 3070 augmentum
1656 3004 1694 3048 ac
1719 2983 1859 3048 salutem
1912 3003 1915 3038 2

204 3086 367 3168 fidelium,
391 3095 488 3174 prout
511 3089 668 3174 oportuit,
692 3110 867 3174 procurare
891 3089 1048 3174 nequivit.
1093 3087 1146 3152 Ad
1169 3088 1231 3153 hoc
1254 3089 1406 3174 princeps
1430 3089 1502 3174 ipse
1525 3087 1636 3152 mirari
1660 3108 1724 3151 non
1748 3085 1859 3166 debet,

205 3193 234 3256 si
265 3211 340 3255 suos
371 3212 435 3255 nou
467 3191 657 3256 admisimus
687 3192 819 3256 nuntios
851 3193 892 3256 ad
925 3201 1069 3257 nostram
1103 3193 1303 3277 presentiam
1335 3192 1515 3257 destinatos
1527 3193 1550 3270 ⁵,
1585 3212 1657 3255 cum
1692 3210 1860 3276 nunquam

204 3294 370 3359 Romanus
393 3295 542 3381 pontifex
566 3295 869 3360 excommunicatos
893 3296 1037 3360 scienter
1060 3296 1206 3381 recipiat,
1232 3302 1406 3381 antequam
1429 3295 1643 3360 absolutionis
1665 3293 1860 3358 beneficium

205 3399 298 3463 iuxta
329 3398 466 3462 formam
497 3399 637 3462 ecclesie
667 3405 920 3484 consequantur.
965 3398 1110 3464 Insistite
1142 3400 1242 3485 igitur
1275 3400 1430 3464 studiosis
1460 3397 1742 3465 exhortationibus
1773 3396 1861 3483 apud

205 3523 291 3584 cum,
314 3507 351 3566 ut
373 3501 414 3566 de
438 3523 496 3567 sua
519 3502 624 3568 salute
649 3502 789 3568 sollicite
813 3503 972 3588 cogitans,
996 3504 1149 3568 universo
1170 3503 1290 3589 populo
1307 3501 1493 3567 Christiano
1510 3502 1551 3567 de
1567 3502 1658 3588 pacis
1676 3500 1860 3587 tranquilli·
1913 3523 1915 3552 ι

94 3681 96 3685 ,
206 3611 273 3670 tate
297 3605 469 3692 provideat
493 3612 526 3671 et
541 3627 642 3685 arma,
666 3627 729 3692 que
746 3604 902 3671 adversus
918 3606 1091 3671 ecclesiam
1108 3607 1327 3672 irreverenter
1344 3607 1530 3692 assumpsit,
1554 3610 1668 3671 contra
1684 3604 1862 3685 hereticos,

205 3709 407 3775 scismaticos
431 3712 579 3795 aliosque
603 3710 751 3776 inimicos
775 3709 956 3775 orthodoxe
980 3710 1056 3774 fidei
1080 3732 1123 3776 ex
1146 3709 1333 3774 reverentia
1355 3709 1446 3773 filiali
1470 3715 1649 3775 convertat.
1694 3708 1750 3774 Sic
1773 3707 1863 3773 enim

206 3917 373 4001 quentium
397 3917 511 4001 culpas
535 3916 651 4002 punire
675 3915 749 3980 ideo
773 3916 995 4001 pretermittit,
1019 3923 1056 3980 ut
1072 3917 1144 3981 illas
1160 3918 1193 3980 in
1210 3917 1320 3981 futuro
1335 3917 1467 4002 gravius
1483 3917 1667 3998 ulciscatur,
1691 3923 1725 3982 et
1748 3915 1862 3981 sedem

206 4019 419 4105 apostolicam
443 4017 525 4082 adeo
549 4017 611 4081 sibi
636 4018 852 4084 constitueret
875 4020 1088 4084 favorabilem
1112 4027 1146 4085 et
1168 4021 1359 4105 benignam,
1392 4027 1427 4084 ut
1450 4021 1482 4084 in
1505 4021 1582 4102 hiis,
1614 4042 1677 4107 que
1707 4020 1862 4107 principis

206 4123 309 4208 ipsius
332 4122 489 4186 honorem
512 4122 708 4208 respiciunt,
743 4123 891 4188 studeret
921 4125 994 4189 eius
1018 4124 1183 4188 desideria
1206 4125 1390 4209 prevenire.
1436 4122 1561 4196 Quodsi
1589 4124 1673 4190 forte
1697 4145 1733 4189 se
1757 4123 1863 4188 moni-

206 4224 346 4289 tionibus
370 4225 488 4289 vestris
520 4231 585 4288 tam
617 4225 804 4290 salubribus
837 4227 1003 4316 humiliter
1031 4249 1096 4292 non
1124 4227 1273 4306 inclinet,
1305 4228 1454 4292 volumus
1484 4235 1518 4292 et
1544 4228 1745 4314 presentium
1770 4225 1863 4291 vobis

205 4329 403 4395 auctoritate
426 4328 628 4408 mandamus,
652 4331 803 4415 quatinus
827 4330 867 4395 ad
891 4351 950 4395 nos
974 4331 1121 4418 protinus
1145 4331 1300 4399 redeatis.

314 4450 391 4517 Dat.
413 4449 577 4537 Anagnia,
595 4450 663 4516 VII
686 4450 876 4518 Kalendas·
900 4451 1115 4538 Septembris,
1139 4472 1224 4516 anno
1248 4453 1360 4538 primo.

308 4711 333 4776 ⁸)
350 4712 387 4762 ito
398 4710 445 4772 R.,·
462 4712 527 4763 Non.
540 4710 625 4779 Rapa.

250 4841 257 4851 ’
311 4848 336 4912 l)
356 4844 485 4914 sigefridi
496 4845 558 4900 ΙΙΙ.
618 4847 645 4915 2)
659 4847 780 4916 Lepatua
798 4864 881 4916 reaque
898 4847 937 4900 cd
949 4866 975 4901 c.
990 4855 1053 4902 1249
1069 4865 1125 4902 non
1141 4849 1213 4914 βάκ
1230 4866 1295 4903 raom
1313 4849 1361 4904 efai
1374 4850 1521 4916 paneadae
1538 4848 1660 4916 qn'stolce
1673 4863 1763 4917 papae
1774 4864 1865 4915 cupier-

205 4936 282 4998 snnt,
305 4947 375 4999 quac
397 4937 460 4985 ante
477 4931 549 4985 brem
566 4949 672 4986 annam
689 4935 812 5002 aarum,
837 4939 887 4986 aret
904 4933 940 4986 cd
957 4950 1018 4987 cum
1035 4934 1229 4989 attrectassent
1246 4941 1296 4989 ortt
1313 4952 1410 4989 nonren
1427 4935 1485 4987 eice
1501 4940 1713 5002 commemorant,
1738 4934 1770 4986 ia
1786 4936 1866 4988 nella

205 5025 295 5072 tomen
312 5033 372 5071 cum
388 5017 528 5086 legationes
544 5034 651 5071 munem
667 5019 749 5088 frangi
766 5019 862 5073 mentio
878 5019 910 5084 fit
927 5035 1011 5086 nepus
1028 5019 1058 5072 in
1076 5021 1250 5089 immiptione
1267 5022 1352 5075 ulfias
1370 5038 1430 5075 eura
1447 5021 1523 5088 lopati
1539 5021 1617 5074 tenuo
1634 5020 1795 5090 insignitam
1812 5036 1865 5075 crac

205 5104 327 5173 legimus·
348 5103 395 5172 qui
415 5104 511 5158 titulae
532 5104 637 5159 lamini
657 5105 728 5172 aas,
752 5106 798 5158 cui
820 5120 956 5159 concarata
979 5111 1048 5174 cat,
1073 5106 1105 5158 in
1124 5106 1244 5175 chcatio
1261 5124 1364 5175 qaoqsoe
1381 5122 1479 5175 conpar
1495 5105 1700 5161 mbcabebctur.
1736 5109 1865 5162 Attumne

206 5190 273 5243 tatic
290 5188 422 5243 mandem
440 5195 464 5243 ct
476 5190 621 5259 parilem
633 5207 684 5260 per
694 5191 805 5246 numios
816 5197 973 5247 menecrates
984 5192 1108 5261 recepisse
1116 5198 1213 5261 potest,
1231 5193 1326 5261 qualia
1338 5194 1438 5261 legatus
1448 5191 1543 5246 tabee
1555 5194 1708 5261 amicornm
1725 5195 1755 5261 ρ’.
1769 5194 1865 5250 stota

205 5276 236 5328 in
258 5275 347 5331 Mino.
365 5273 390 5328 d.
403 5275 471 5329 Iac.
487 5276 506 5342 fi
523 5280 611 5330 batem
627 5275 718 5331 (lescle
731 5277 753 5330 1
755 5276 785 5345 V,
804 5284 855 5333 387
871 5283 896 5332 et
912 5294 983 5346 aequ.
1053 5278 1081 5346 3)
1102 5279 1263 5352 menone
1280 5278 1439 5351 Bermpcrii
1452 5278 1503 5333 IV.
1574 5279 1602 5350 4>
1620 5279 1703 5346 Zodra-
1719 5280 1752 5347 (ί.
1766 5280 1865 5350 Borea

205 5367 247 5429 aa,
265 5368 304 5429 31,
324 5369 461 5418 roo-103.
531 5364 557 5430 o)
579 5362 618 5433 Os.
633 5362 862 5436 mame-Face,
881 5365 897 5416 l.
912 5380 933 5417 c.
945 5370 1010 5419 aava
1021 5364 1043 5421 t.
