4328 6232
336 296 376 361 78
892 287 939 345 ax
958 285 1175 346 iunocentii
1195 281 1232 340 ll'
1251 280 1430 340 attalanae

335 469 448 534 tudine
472 468 504 533 in
528 468 590 533 hac
612 473 718 553 parte.
762 463 969 545 Mandemus,
996 465 1147 550 quatinus
1171 467 1275 527 testes
1297 460 1442 540 idoneos,
1466 481 1548 546 quos
1571 458 1677 525 diotm
1700 456 1866 523 lohannes
1889 478 1992 545 super

335 573 395 637 hoe
429 592 540 635 coram
573 578 606 635 te
640 569 773 634 duxerit
806 568 1049 655 producendos,
1085 569 1114 632 si
1142 567 1184 632 de
1215 565 1360 653 ipsorum
1390 571 1494 629 morte
1523 571 1658 650 propter
1685 564 1910 629 imminentem
1939 563 1989 627 eis

335 676 554 739 infirmitatem
579 674 696 738 merite
719 672 924 747 formidatur,
954 671 1134 758 prudenter
1155 672 1302 756 recipere
1325 691 1364 734 ac
1387 669 1562 753 diligenter
1584 668 1775 733 examinare
1796 687 1988 752 procurans,

335 799 447 844 eorum
471 777 560 842 dicta
584 777 644 842 sub
668 777 775 862 sigillo
799 782 855 839 tuo
879 777 973 841 nobis
989 777 1192 841 transmittas
1207 775 1344 852 inclusa,
1367 773 1497 859 provise
1513 770 1599 862 qued
1616 770 1717 837 nobili
1732 771 1801 836 rire
1817 770 1988 837 Willelmo

334 883 425 948 lratri
450 904 518 962 suo,
547 902 644 967 quem
667 879 852 945 huiusmodi
876 880 1034 964 confingit
1057 879 1236 965 negotium,
1264 877 1437 964 prudentia
1460 882 1517 940 tua
1539 875 1721 955 denuntiet,
1746 881 1784 938 ut
1805 877 1988 962 receptioni
2054 896 2066 931 ⁵

336 987 469 1051 testium
493 987 520 1050 si
537 985 617 1050 velit
639 984 778 1064 intersit,
803 990 837 1047 et
851 1004 951 1070 super
966 982 1212 1049 denuntiatione
1230 982 1276 1046 sie
1295 981 1382 1045 facta
1397 979 1501 1044 iacias
1516 979 1717 1044 autenticum
1734 979 1989 1045 instrumentum

337 1091 462 1156 conliei.
509 1088 543 1153 Si
572 1096 605 1153 et
635 1089 707 1173 ipse
740 1109 840 1174 super
862 1087 978 1152 eodem
1002 1087 1134 1171 negotio
1159 1092 1271 1156 eontra
1294 1084 1356 1147 hee
1378 1105 1436 1169 pre
1459 1090 1552 1169 parte
1576 1102 1636 1147 sua
1658 1087 1760 1148 testes
1783 1083 1990 1149 huiusmodi·

337 1214 446 1258 ceram
469 1199 502 1255 te
525 1192 775 1279 presentarerit,
799 1211 856 1256 eos
880 1191 1028 1276 recipere
1053 1210 1091 1254 ac
1113 1182 1304 1254 examinare
1329 1187 1469 1251 sollicite
1492 1207 1554 1252 nec
1576 1208 1639 1250 non
1663 1187 1805 1274 ipsorum
1822 1186 1911 1252 diota
1928 1188 1990 1252 sub

335 1297 449 1363 eedem
474 1296 580 1381 sigillo
604 1297 698 1360 nobis
720 1295 942 1360 transmittere
965 1315 1030 1359 non
1053 1299 1242 1380 postponas.

443 1417 518 1483 Dat.
543 1415 705 1501 Lugduni,
728 1414 813 1480 Non.
836 1415 941 1501 April.
965 1435 1050 1479 anno
1074 1411 1226 1476 secundo.

440 2085 659 2178 Innocentius
673 2110 730 2176 rr
743 2132 836 2192 papa
857 2110 1023 2196 [Arma]
1046 2111 1251 2191 ,atraere
1273 2111 1467 2178 Aeaeam
1495 2111 1616 2189 seen,
1645 2110 1747 2177 mee
1776 2116 1937 2192 aspare
1959 2132 1993 2176 e

335 2216 426 2294 celle,
457 2216 485 2279 si
506 2216 656 2298 princeps
681 2235 791 2298 pecare
822 2215 916 2278 iuxta
940 2214 1080 2298 fororem
1110 2235 1197 2279 nnete
1223 2217 1395 2299 praeterite
1424 2215 1464 2277 ab
1491 2214 1618 2278 eeclesia
1645 2218 1675 2277 ct
1700 2215 1768 2297 ipse
1796 2220 1991 2296 acceptatum

335 2319 478 2396 observet,
500 2319 587 2382 viros
608 2318 828 2382 metesimtiees
850 2321 955 2399 captes
977 2317 1117 2381 libertati
1139 2318 1249 2382 reddat
1270 2323 1299 2383 et
1322 2323 1439 2382 terram
1460 2316 1604 2381 ecclesiae
1626 2318 1788 2397 restituet·
1808 2320 1846 2382 ia
1860 2319 1993 2384 coneilio

334 2444 405 2488 ecre
426 2424 610 2489 celebrando
631 2423 797 2505 superbis
819 2428 849 2486 et
869 2424 954 2500 eltis,
973 2426 1071 2504 pueut
1093 2423 1130 2487 de
1152 2425 1222 2489 iure
1239 2422 1351 2509 fuerit,
1368 2443 1590 2506 processeram
1611 2443 1644 2488 se
1665 2441 1738 2487 esse.

1635 2529 1729 2606 1245,
1752 2527 1832 2610 Apr.
1849 2531 1903 2595 30.

439 2646 502 2699 Ian.
522 2646 570 2699 IV
590 2645 653 2715 Rae.
676 2646 730 2702 Vol.
748 2646 776 2715 Ι,
799 2654 865 2714 205;
889 2646 948 2700 lab.
965 2646 1010 2713 ΙΙ,
1034 2662 1090 2699 cur.
1109 2655 1133 2701 e.
1175 2647 1272 2701 Perteii
1293 2648 1425 2716 eecaplm
1449 2647 1613 2702 cmstulimus
1637 2663 1698 2701 crem
1720 2647 1811 2717 mys.
1835 2648 1912 2703 Aee.
1934 2648 1995 2704 eccl.

335 2749 360 2786 Ω,
390 2748 396 2760 “
423 2741 436 2765 ¹¹
515 2763 546 2770 -
572 2777 577 2787 ‚

376 2736 575 2884 ΜῬἱτῗὴαεῖ,
594 2818 657 2887 Ray.
671 2826 763 2885 erese
781 2819 879 2887 Repe
891 2824 964 2874 1359.

837 3072 875 3089 ..
904 3015 1168 3108 patriarche
1196 3011 1493 3090 Antioeenoh.

448 3165 591 3229 Litteras
624 3170 697 3229 tuas
727 3164 823 3229 solita
852 3164 1055 3250 benignitate
1083 3165 1268 3251 recepimus
1292 3171 1325 3228 et
1349 3185 1461 3228 earum
1485 3171 1632 3229 tenorem
1657 3166 1756 3251 pleno
1780 3168 1994 3256 concepimus

336 3271 517 3335 intellectu.
568 3267 655 3333 Sane
690 3267 785 3332 nobis
820 3275 854 3334 et
886 3268 1042 3333 fratribus
1076 3269 1197 3333 nostris
1231 3270 1309 3333 elim
1344 3269 1376 3332 in
1410 3275 1521 3333 nostra
1554 3276 1588 3334 et
1620 3270 1765 3356 ipsorum
1795 3272 1995 3337 constitutus

338 3373 507 3460 presentia
529 3373 681 3452 retulisti,
705 3371 792 3458 quod
816 3394 889 3437 eum
913 3371 1089 3438 adsedem
1113 3373 1326 3459 apostolicam
1350 3370 1511 3437 veniendo
1535 3372 1709 3437 transitum
1732 3393 1792 3459 per
1812 3374 1995 3462 principem

338 3477 511 3542 habuisses
524 3478 547 3555 ¹,
577 3476 682 3562 ipsum
712 3477 884 3541 inveneras
915 3477 1006 3563 pacis
1038 3474 1185 3556 avidum,
1217 3482 1250 3540 et
1278 3476 1360 3539 sieut
1388 3474 1518 3540 dixerat
1547 3475 1634 3540 idem
1657 3475 1733 3557 tibi,
1763 3484 1899 3562 paratus
1922 3486 1996 3543 erat

338 3580 512 3645 observare
551 3601 666 3665 pacem
701 3580 881 3644 seeundum
917 3581 1054 3645 formam
1087 3580 1129 3643 ab
1163 3578 1304 3644 ecelesia
1339 3587 1371 3643 et
1400 3577 1516 3642 eodem
1545 3601 1629 3643 auno
1659 3580 1807 3665 proximo
1836 3582 1995 3667 preterito

338 3689 555 3770 acceptatam,
579 3690 613 3746 et
636 3683 702 3745 alia
724 3683 833 3762 etiam,
857 3704 920 3768 que
944 3705 1016 3747 curn
1041 3680 1255 3768 quorumdam
1279 3682 1414 3745 fratrum
1430 3688 1616 3747 nostrorum
1631 3681 1826 3748 adderemus
1843 3684 1993 3766 consilio,
2064 3717 2072 3727 ·

339 3787 530 3872 adimplere.
568 3784 637 3849 Nos
660 3793 770 3850 autem
795 3788 919 3851 nullum
943 3788 1141 3873 specialiter,
1164 3787 1218 3871 qui
1242 3808 1341 3873 super
1364 3787 1427 3850 hiis
1450 3787 1535 3851 inter
1559 3787 1732 3851 ecclesiam
1756 3794 1790 3853 et
1812 3789 1995 3875 principem

338 3892 444 3976 ipsum
475 3895 644 3968 tractaret,
681 3889 833 3954 duximus
866 3889 1098 3976 deputandum.
1144 3891 1296 3955 Diximus
1326 3891 1387 3955 tibi
1415 3896 1541 3969 tamen,
1570 3911 1642 3954 cum
1671 3912 1692 3954 a
1718 3890 1798 3956 sede
1826 3893 1996 3957 recessisti
2067 3968 2074 3974 ‚

339 3992 497 4079 predicta,
521 3991 607 4076 quod
631 4000 820 4080 acceptaret
843 3996 993 4073 ecelesia,
1019 3997 1046 4059 si
1070 3996 1218 4081 prefatus
1241 3995 1393 4081 princeps
1409 3995 1510 4059 vellet
1533 3996 1694 4081 premissa
1709 3996 1841 4061 effectui
1857 3994 1994 4061 deman-

339 4097 433 4177 dare,
465 4096 617 4181 quodque
646 4097 749 4182 ipsius
779 4099 935 4184 principis
962 4099 994 4162 in
1023 4099 1084 4163 hae
1112 4104 1205 4185 parte
1234 4098 1328 4163 nobis
1358 4098 1559 4163 rescriberes
1587 4099 1803 4167 voluntatem:
1832 4106 1868 4164 et
1894 4100 1995 4164 certis

339 4201 486 4286 personis
516 4201 632 4264 litteris
661 4201 782 4265 nostris
811 4203 1027 4275 iniunximus,
1062 4224 1144 4288 quas
1172 4224 1232 4289 per
1260 4202 1415 4267 dilectum
1445 4202 1547 4267 lilium
1577 4202 1713 4268 tratrem
1742 4201 1770 4270 Ι.
1792 4201 1835 4268 de
1857 4202 1994 4268 Boian.e

339 4303 534 4369 familiarem
558 4310 705 4368 nestrum
728 4304 881 4370 duximus
903 4305 1127 4385 destinandas,
1153 4307 1236 4370 alias
1259 4305 1319 4370 tibi
1340 4326 1439 4392 super
1461 4305 1523 4371 lroc
1547 4306 1674 4370 litteras
1696 4305 1880 4391 dirigendo,
1907 4312 1946 4370 ut
1967 4307 1995 4371 si

339 4407 445 4472 dietus
468 4408 620 4495 princeps
643 4413 764 4474 terram
787 4409 928 4475 ecclesie
951 4411 1150 4489 restitueret,
1179 4410 1283 4494 ipsam
1306 4415 1418 4473 nestro
1441 4410 1573 4473 nomine
1594 4409 1744 4494 recipere
1766 4415 1994 4495 procurarent.

339 4511 389 4574 Tu
413 4528 491 4575 vero·
520 4510 621 4575 nichil
649 4518 774 4579 eertum
803 4533 902 4598 super
925 4513 987 4577 hiis
1010 4513 1140 4599 penitus
1164 4512 1378 4598 rescripsisti,
1408 4511 1466 4576 sed
1489 4511 1576 4597 quod
1599 4511 1640 4576 ad
1664 4512 1995 4599 compromittendum

339 4636 437 4700 super
465 4616 597 4699 negotio
621 4614 878 4681 Lembarderum
905 4617 937 4681 in
966 4638 1025 4681 uos
1054 4623 1087 4681 et
1115 4615 1272 4701 quosdam
1301 4617 1384 4680 alios
1416 4614 1555 4680 arbitros
1581 4615 1668 4681 idem
1700 4618 1855 4704 princeps
1876 4617 1996 4682 obtulit

339 4726 561 4804 separatum,
589 4720 809 4805 excepitqued
833 4742 948 4806 pacem
973 4719 1181 4799 Constantia,
1206 4741 1303 4805 quam
1327 4741 1457 4806 semper
1479 4742 1514 4784 se
1538 4721 1655 4785 asserit
1678 4721 1865 4806 excepisse,
1895 4741 1935 4786 ae
1957 4729 1996 4786 ut

339 4822 541 4907 principibus
566 4821 693 4907 imperii
717 4829 750 4886 et
773 4824 854 4904 aliis,
879 4823 1007 4888 clericis
1031 4830 1064 4889 et
1087 4823 1190 4903 laicis,
1214 4824 1362 4909 plenarie
1385 4832 1528 4888 uestram
1554 4824 1764 4889 restituamus
1785 4825 1937 4909 gratiam,
1960 4825 1995 4889 in

340 4946 468 4990 emnem
503 4932 656 4989 eventum
691 4925 879 5010 exposcit²;
916 4925 957 4991 de
992 4927 1110 5012 quibus
1140 4927 1172 4990 in
1205 4927 1352 5012 predicta
1383 4928 1488 4991 forma
1517 4928 1609 5014 pacis
1639 4928 1762 4993 mentio
1790 4927 1903 5015 aliqua
1931 4948 1997 4992 non

444 5185 469 5251 a)
482 5187 606 5240 nurum
677 5185 703 5252 1))
717 5186 861 5247 anema,
879 5189 1103 5241 summane.
1174 5188 1198 5251 c)
1211 5187 1441 5248 maneamne,-
1456 5154 1645 5257 aeranem
1714 5187 1996 5258 transsumam

444 5322 470 5387 1)
494 5319 529 5374 et
548 5320 651 5374 ridere
668 5328 781 5376 merem
798 5338 873 5376 casm
886 5323 1061 5392 premedeate,
1079 5340 1140 5378 eum
1156 5339 1170 5377 e
1185 5324 1268 5377 Terra
1280 5323 1382 5377 &rma
1398 5323 1503 5379 rediret.
1533 5326 1627 5380 Menae
1639 5327 1725 5382 Mart.
1742 5344 1768 5383 a
1780 5332 1844 5383 mm
1855 5322 1998 5395 ludim

2047 4753 2073 4791 85

339 5403 377 5457 ml
393 5405 574 5474 immolarem
591 5406 646 5459 iam
663 5422 782 5461 meram
796 5408 900 5476 fumum
918 5409 1151 5478 aum-Furor,
1170 5411 1186 5464 1.
1199 5426 1221 5466 c.
1233 5416 1305 5477 3165,
1323 5417 1415 5464 34660
1433 5416 1458 5464 et
1475 5427 1546 5481 meu.
1617 5413 1645 5481 2)
1665 5411 1804 5482 Quodn·
1820 5410 1996 5483 eifum
2043 5434 2073 5481 aa

338 5492 481 5558 imparatos
504 5498 569 5546 turre
593 5494 633 5545 rel
650 5494 735 5561 pesele
754 5501 816 5563 pem
837 5494 933 5566 [initio
955 5497 1049 5550 mmsis
1067 5497 1151 5567 Apa]
1170 5512 1218 5565 per
1243 5496 1398 5565 meptidmm
1420 5496 1621 5552 Tmmaicorum
1642 5498 1765 5553 emnam
1783 5494 1905 5569 ὥς
1928 5496 1996 5557 M

339 5583 441 5647 bettio,
458 5584 533 5633 34⁶7.
1858 5612 1861 5617 .
