4784 6334
855 405 1055 462 EPISTOLAE
1073 403 1267 461 subucula.
1302 405 1378 460 1248.
1882 408 1944 474 417

290 577 385 643 miles
418 578 688 664 Capudaquensis
724 579 865 646 diocesis
899 582 933 645 in
967 586 1080 644 nostra
1113 581 1284 666 proposuit
1316 580 1485 666 presentia
1518 582 1730 662 constitutus,
1767 582 1808 648 de
1842 604 1944 668 regno

290 682 403 747 Sicilie
425 681 547 747 dudum
571 683 710 764 eiectus,
740 684 835 749 bonis
867 685 934 750 suis
963 683 1110 769 paternis
1138 688 1172 748 et
1200 685 1355 748 maternis
1385 684 1537 749 omnibus
1562 687 1764 768 confiscatis,
1795 687 1943 752 deiectus

289 787 478 851 innumeros
508 788 652 872 patiatur
681 794 716 852 et
749 787 842 874 penis
874 786 1061 853 exterminii
1088 787 1253 873 affligatur
1282 788 1415 852 ameris:
1456 809 1530 870 nos,
1568 791 1820 855 necessitatibus
1854 811 1943 854 com·

290 891 455 976 patientes
484 891 600 976 ipsius,
628 891 838 972 mandamus,
868 890 1021 976 quatinus
1050 889 1157 956 eidem
1184 891 1280 956 militi
1308 897 1341 956 et
1370 892 1437 956 suis
1467 891 1645 958 heredibus
1674 914 1716 957 ex
1740 915 1779 960 eo
1803 894 1942 959 descen-

290 993 441 1058 dentibus
465 994 506 1059 de
530 995 640 1080 aliquo
663 995 865 1082 competenti
886 993 986 1060 feudo
1008 994 1141 1058 militari
1165 1016 1307 1079 congruo
1332 994 1546 1061 consideretis
1569 997 1672 1084 ipsius
1688 997 1802 1061 militis
1817 998 1943 1062 meritis

290 1097 324 1162 in
351 1119 452 1183 regno
480 1098 643 1185 predicto,
676 1122 774 1186 quam
801 1101 866 1166 cito
895 1121 931 1165 se
955 1099 1093 1164 facultas
1116 1099 1284 1182 obtulerit,
1316 1101 1510 1166 auctoritate
1534 1107 1648 1166 nostra
1670 1101 1842 1188 providere
1865 1123 1941 1188 pro-

290 1225 401 1280 cures;
425 1203 683 1271 contradictores
707 1213 768 1272 etc.

396 1324 473 1391 Dat.
496 1325 658 1414 Lugduni,
674 1325 706 1391 V
728 1325 778 1390 Id.
802 1326 1015 1414 Septembris,
1040 1349 1126 1393 anno
1143 1327 1218 1394 VI⁰.

913 1556 1325 1566 -——-—-——-—-

1077 1766 1162 1840 587.

394 1877 612 1970 Innocentius
635 1905 692 1970 111
705 1927 795 1991 papa
818 1906 950 1992 P[atro]
973 1906 1085 1972 Sancti
1110 1908 1240 1990 Gcarpii
1261 1907 1305 1971 ad
1326 1907 1432 1973 Volant
1455 1908 1598 1972 Auream
1620 1907 1752 1971 diacono
1774 1905 1944 1981 cardinali,

288 2007 474 2088 apostolicae
496 2008 578 2072 sadis
600 2009 713 2091 lapata,
741 2011 886 2088 mandat,
915 2015 950 2074 at
972 2032 1041 2076 cam
1063 2011 1202 2075 chrica
1224 2012 1322 2075 milite
1344 2011 1381 2076 dc
1403 2011 1555 2076 Limclatc
1577 2009 1802 2092 maranata,
1830 2009 1887 2090 qni
1907 2008 1944 2072 in

286 2111 407 2192 nepam
421 2112 564 2176 micae
584 2117 614 2177 ct
627 2113 828 2198 [Willielmi]
844 2115 927 2197 repis
941 2113 1157 2180 Romanarum
1176 2115 1313 2196 fideliter
1336 2115 1464 2194 labaret,
1486 2135 1581 2196 snper
1602 2114 1802 2178 matrimonio
1823 2113 1944 2194 irrepa-

288 2213 401 2278 lariter
422 2218 579 2280 contracto
601 2215 767 2299 dispensat.
1584 2219 1678 2295 1248,
1702 2217 1787 2298 Sept.
1805 2220 1857 2282 13.

392 2333 456 2388 Ian.
473 2334 523 2389 IV
538 2334 604 2404 Rea.
623 2335 684 2389 La.
704 2336 749 2404 VI,
767 2337 787 2403 f.
803 2345 824 2405 7,
843 2354 869 2390 n.
884 2345 936 2392 175.

393 2419 523 2489 Pottbast,
543 2421 719 2491 ch.13459,·
739 2423 840 2494 Barca
855 2431 927 2479 4168.

415 2597 457 2672 Ρ.
486 2599 640 2674 Sancti
669 2601 847 2696 Georgii
875 2605 1098 2678 adVelum
1124 2606 1321 2680 Aureum
1348 2606 1540 2694 diacono
1568 2603 1817 2692 cardinali,

792 2726 1073 2818 apostolice
1102 2727 1236 2800 sedis
1262 2728 1440 2820 legato.

397 2869 450 2933 llx
478 2879 571 2957 parte
607 2871 718 2937 dilecti
749 2874 807 2937 tilii
836 2873 975 2939 Henrici
1010 2874 1122 2938 militis
1152 2873 1193 2940 de
1221 2874 1407 2939 Limelate²
1435 2871 1631 2938 Leodiensis
1661 2871 1799 2938 diocesis
1830 2893 1944 2936 cruce·

289 2971 408 3057 signati
438 2973 500 3038 luit
528 2975 623 3039 nobis
655 2975 821 3041 humiliter
849 2978 1083 3064 supplicatum,
1114 2984 1149 3041 ut
1178 2998 1251 3041 cum
1279 2979 1351 3063 ipse
1381 2976 1545 3062 quandam
1575 2976 1751 3040 carnaliter
1773 2976 1943 3039 mulierem

289 3097 502 3159 cognoscens,
526 3078 733 3164 postmodum
749 3079 903 3161 Aelidim,
927 3101 990 3165 que
1008 3081 1040 3144 in
1056 3087 1171 3165 quarto
1194 3081 1482 3167 consanguinitatis
1504 3078 1607 3165 gradu
1629 3081 1759 3144 mulieri
1782 3079 1944 3144 attinebat

290 3179 407 3256 eidem,
437 3181 608 3246 immemor
630 3183 723 3247 huius
745 3185 824 3248 facti
847 3186 910 3249 sibi
933 3185 1215 3249 matrimonialiter
1237 3185 1406 3270 copularit,
1436 3205 1510 3249 cum
1541 3184 1600 3264 eis,
1629 3181 1715 3268 quod
1739 3184 1771 3247 in
1795 3183 1841 3247 sic
1865 3204 1942 3246 con-

288 3287 391 3347 tracto
413 3286 619 3351 matrimonio
642 3295 777 3372 possent
800 3287 903 3353 libera
927 3308 1109 3368 remanere,
1133 3287 1324 3374 dispensare
1348 3287 1605 3352 misericorditer
1621 3307 1821 3352 curaremus.
1860 3285 1942 3350 Sum

288 3386 389 3470 igitur
422 3386 507 3452 idem
543 3389 638 3453 miles
672 3390 705 3453 in
740 3391 872 3475 negotio
908 3392 1049 3455 ecclesie
1083 3413 1121 3455 ac
1152 3392 1312 3455 carissimi
1340 3393 1373 3455 in
1402 3391 1532 3456 Christo
1566 3391 1624 3454 filii
1655 3392 1758 3455 nostri
1787 3436 1824 3454 ..
1854 3387 1942 3473 regis

288 3488 508 3555 Romanorum
532 3493 680 3572 illustris,
706 3492 745 3556 ad
770 3493 854 3577 quod
878 3499 928 3558 est
944 3496 1050 3559 crucis
1067 3501 1235 3560 caractere
1251 3495 1438 3579 insignitus,
1462 3494 1612 3558 dicatur·
1625 3492 1765 3558 fideliter
1780 3492 1941 3568 laborare,

287 3599 422 3678 propter
445 3594 530 3679 quod
553 3594 670 3680 dignus
692 3595 839 3661 redditur
861 3599 969 3680 gratia
992 3605 1026 3662 et
1048 3599 1175 3679 lavore,
1207 3597 1412 3679 mandemus,
1442 3598 1610 3682 quatinus,
1640 3597 1668 3661 si
1697 3602 1749 3661 est
1776 3595 1836 3674 ita,
1866 3614 1941 3657 cum

208 3712 235 3752 ²⁵
289 3694 413 3761 eisdem
437 3699 542 3763 milite
565 3719 603 3763 ac
626 3718 728 3763 uxore
752 3720 851 3786 super
873 3699 935 3765 hoc
958 3701 1153 3766 auctoritate
1177 3707 1291 3765 nostra
1313 3701 1496 3787 dispenses,
1519 3706 1616 3787 prout
1637 3697 1814 3764 secundum
1832 3697 1940 3762 Deum

288 3799 434 3885 ipsorum
457 3801 660 3866 animarumb
683 3803 782 3867 saluti
805 3803 926 3869 videris
951 3804 1117 3891 expedire.

396 3920 473 3986 Det.
496 3920 661 4010 Lugduni,
684 3922 734 3990 Id.
757 3923 971 4010 Septembris,
995 3947 1080 3990 anno
1095 3925 1170 3992 VI0.

906 4155 1319 4164 ——m—-qn

1071 4363 1158 4438 588.

393 4471 611 4566 Irsnocantins
632 4500 691 4565 IV
701 4521 793 4582 papa
815 4501 1001 4566 Hermanno
1022 4503 1197 4568 marchioni
1218 4503 1256 4568 da
1277 4504 1392 4568 Baden
1420 4504 1567 4568 ducatum
1588 4502 1749 4581 Ananiae,
1779 4502 1808 4566 ei
1829 4501 1889 4565 rita
1912 4503 1941 4563 et

289 4601 463 4668 liberaliter
484 4603 568 4668 inter
593 4605 720 4669 vinosa
747 4605 945 4690 Meranda]
966 4606 1092 4672 dacisca
1113 4608 1267 4672 Austriac
1292 4627 1390 4673 acore
1416 4627 1476 4672 sna
1501 4607 1664 4684 donatam,
1694 4605 1738 4670 ad
1764 4625 1858 4687 qaam
1881 4625 1941 4684 per

210 4727 237 4768 so
288 4707 508 4772 occansionem
530 4706 754 4773 hereditariam
775 4708 936 4774 devolatus
957 4711 1007 4789 sit,
1030 4711 1205 4792 confirmat.
1582 4711 1675 4788 1248,
1699 4709 1784 4790 Sept.
1801 4711 1852 4775 14.

392 4823 458 4878 Inn.
477 4825 529 4879 IV
543 4825 607 4896 Rea.
626 4827 686 4882 La.
705 4827 752 4895 VI,
769 4827 826 4896 113,
845 4844 873 4881 n.
886 4836 941 4884 141.

393 4910 525 4981 Panas,
544 4913 610 4983 Ra.
623 4919 716 4979 130225
734 4915 830 4984 Barpar
846 4920 921 4972 4133.

555 5093 704 5168 Nobili
731 5095 827 5168 viro
855 5095 1106 5170 Hermanno
1133 5095 1382 5170 marchioni
1409 5098 1463 5170 de
1489 5097 1671 5171 Bad0n⁰.

395 5239 459 5305 Illa
481 5263 579 5328 quam
602 5242 644 5307 ad
670 5245 886 5330 apostolicam
908 5245 1020 5311 sedem
1042 5244 1144 5311 habas
1176 5245 1307 5310 devotio
1334 5251 1548 5333 promeretur,
1578 5253 1615 5310 ut
1637 5246 1702 5310 tuis
1726 5245 1938 5331 petitionibus

210 5368 237 5408 ss
290 5364 329 5408 eo
351 5344 563 5411 favorabilius
586 5369 779 5432 annuemus,
806 5370 870 5433 quo
894 5350 1024 5436 plenius
1048 5350 1170 5415 iustitie
1194 5350 1326 5436 sapiunt
1349 5348 1495 5414 debitum
1518 5356 1552 5415 et
1575 5349 1753 5434 equitatem
1774 5350 1837 5413 iuri
1860 5370 1937 5414 con-

391 5575 415 5636 ⁸)
432 5571 570 5624 diciturR.
674 5570 698 5638 b)
716 5573 850 5643 ipsorum!
866 5571 983 5644 [sols]
1001 5577 1116 5643 ipsorum
1133 5577 1277 5628 ammarum
1292 5576 1324 5628 R.
1429 5576 1452 5641 ⁰)
1471 5576 1508 5628 ita
1525 5576 1601 5628 etiam
1619 5576 1647 5627 in
1664 5576 1788 5644 maraine.

392 5689 418 5756 1)
437 5688 570 5742 Linsalatte
582 5705 665 5758 prope
681 5692 727 5748 aa.
743 5693 848 5763 Waac,
866 5709 879 5748 a
895 5709 959 5748 incr.
976 5699 1000 5748 a
1016 5709 1055 5749 ar.
1071 5693 1118 5750 aia
1137 5694 1289 5749 Bracdlaa

393 5783 459 5838 lira.
473 5784 557 5839 Porr.
568 5785 605 5840 Il.
1697 5789 1732 5850 5³
