4328 6232
796 366 997 423 EPISTOLAE
1014 368 1204 427 auunculus.
1240 371 1317 428 1244.

1040 543 1084 609 ΙΙ.

977 671 1146 745 Eidem.

343 807 444 890 eum,
473 813 558 877 sicut
585 819 618 879 tc
641 817 828 902 accepimus
852 818 1037 898 intimante,
1067 818 1213 883 nonnulli
1237 820 1468 887 ministeriales
1490 822 1725 910 Aquilogensis
1749 825 1888 890 ecclesie

243 916 406 976 contrata
430 934 469 978 ac
492 914 634 982 eandem·
654 919 830 985 ecclesiam
854 923 1104 1008 conspirationis
1127 922 1333 1007 prostiterint
1355 924 1468 990 illicite
1496 927 1694 1008 iuramenta,
1725 927 1890 1013 iidemque

244 1012 277 1079 de
304 1020 397 1081 tante
426 1021 681 1107 presumptionis
712 1044 852 1089 excessu
878 1025 1028 1111 inspirati
1057 1024 1213 1090 divinitus
1243 1028 1430 1112 penitentes
1459 1029 1650 1097 desiderent
1678 1030 1721 1095 ad
1749 1032 1889 1097 ecclesio

201 1136 209 1172 ε
246 1117 344 1184 redire
366 1123 569 1203 mandatum,
599 1146 669 1205 nos,
692 1125 877 1193 devotionis
900 1134 956 1193 tue
979 1128 1134 1214 precibus
1157 1127 1335 1214 benignum
1358 1131 1585 1218 impertientes
1608 1155 1791 1216 assensum,
1814 1157 1889 1220 pre-

246 1224 377 1287 sentium
394 1225 453 1290 tibi
469 1230 662 1294 auctoritate
680 1232 900 1313 concedimus,
924 1238 960 1296 ut
975 1232 1065 1318 ipsos
1081 1233 1142 1297 hac
1159 1234 1229 1298 rice
1246 1234 1287 1298 ab
1303 1234 1491 1300 huiusmodi
1506 1237 1697 1303 iuramentis
1713 1238 1890 1304 absolvens

247 1333 274 1391 et
300 1347 357 1393 eos
388 1329 431 1394 ad
458 1330 721 1399 observationem
750 1335 897 1421 ipsorum
924 1336 1122 1402 denuntians
1144 1358 1211 1401 non
1234 1339 1354 1420 teneri,
1390 1339 1514 1406 eisdem
1539 1341 1690 1426 iniungas
1712 1362 1771 1427 pro
1795 1342 1890 1427 culpe

246 1429 331 1496 modo
352 1434 568 1518 penitentiam
591 1444 844 1524 competentem.

343 1554 421 1621 Dat.
446 1555 611 1644 Lugduni,
633 1559 698 1625 XV
720 1558 795 1624 Kal.
819 1559 949 1628 Ianuar.
975 1583 1061 1628 anno
1086 1561 1241 1628 secundo.

857 1842 1267 1850 *—

1039 2123 1099 2196 76.

200 2264 217 2301 ¹⁰
343 2231 564 2325 binarius
579 2260 638 2326 rr
650 2281 738 2342 papa
765 2261 873 2326 accan·
900 2266 929 2326 a
951 2263 1058 2346 psai·
1084 2262 1121 2327 a
1143 2262 1359 2345 aunarium
1384 2263 1582 2328 creveram
1604 2263 1732 2328 caasa
1753 2262 1895 2342 iaaac,

253 2362 446 2429 nantario
473 2366 652 2447 praeposito
682 2365 795 2430 Sancti
826 2365 989 2432 Canibcrti
1014 2365 1208 2432 Coloniensis
1232 2363 1362 2449 fractas
1384 2365 1585 2448 praebendae
1614 2366 1756 2430 eccleciae
1783 2366 1895 2431 Sancti

254 2465 396 2530 lobannis
418 2465 610 2546 Lcodicnsis,
632 2469 662 2532 ci
677 2473 845 2550 postauam
868 2469 904 2532 in
924 2468 1024 2551 palcis
1045 2472 1155 2550 captas
1176 2469 1275 2548 faerit
1297 2469 1478 2547 stcbtractoa
1500 2468 1706 2534 restituendos
1727 2473 1845 2533 carcat.

1547 2575 1643 2650 1244,
1664 2571 1741 2638 Dcc.
1755 2574 1808 2636 21.

344 2655 408 2708 Inn.
422 2655 470 2709 IV
484 2656 661 2726 manner,
680 2655 875 2725 126;Inb.H,
896 2664 934 2710 74.

202 2740 219 2777 ¹⁵
345 2741 444 2809 Bcrycr
460 2747 516 2796 821.

298 2977 333 2993 ..
362 2921 517 2995 abbari
545 2926 585 2994 et
615 2977 655 2996 ..
684 2921 824 3013 priori
851 2922 903 2994 de
930 2916 1611 3012 Rumersdorp⁸²·Treverensis
1638 2920 1844 2995 diocesia.

350 3069 502 3134 Dilectus
530 3070 617 3135 lilius
639 3070 841 3135 notharius²
865 3071 1051 3157 prepositus
1076 3071 1218 3136 ecclesie
1243 3071 1357 3136 Sancti
1381 3070 1552 3136 Cuniberti
1576 3070 1780 3137 coloniensis
1803 3070 1897 3137 nobis

256 3176 474 3258 conquerendo
503 3175 710 3254 monstravit,
742 3175 829 3260 quod
859 3197 932 3240 cum
960 3175 1031 3262 ipse
1060 3175 1092 3239 in
1121 3175 1255 3239 servitio
1286 3176 1424 3241 ecclesie
1456 3181 1570 3261 captus
1601 3196 1674 3238 oum
1706 3174 1841 3260 prelatis
1866 3179 1899 3236 et

256 3276 315 3341 aliis
339 3278 494 3343 trencin
517 3277 658 3363 galeis⁸,
688 3328 721 3344 ..
745 3277 910 3343 decanusb
935 3284 969 3342 et
992 3278 1170 3363 capitulum
1194 3278 1307 3343 Sancti
1327 3278 1481 3344 Iohannis
1505 3277 1710 3357 Leodiensis,
1733 3298 1797 3341 non
1821 3297 1898 3340 con·

201 3384 219 3419 ²⁰
257 3379 428 3447 siderantes
451 3382 537 3468 quod
561 3382 648 3447 idem
665 3383 869 3468 prepositus⁰
892 3380 1037 3446 debebat
1055 3402 1158 3466 usque
1174 3381 1216 3445 ad
1232 3383 1453 3447 reversionem
1469 3403 1560 3446 suam
1578 3380 1725 3446 residens
1742 3380 1897 3466 reputari,

255 3481 367 3549 fructus
384 3485 555 3571 prebende
572 3507 642 3567 sne,
666 3507 763 3572 quam
779 3487 813 3549 in
830 3505 943 3550 eorum
961 3485 1101 3550 ecclesia
1117 3485 1254 3561 obtinet,
1275 3483 1337 3548 sibi
1354 3491 1467 3549 contra
1481 3485 1637 3550 iustitiam
1652 3483 1898 3548 subtraxerunt.

255 3585 449 3669 dasdamus,
474 3591 638 3675 quatinus,
663 3592 691 3654 si
715 3597 766 3656 est
788 3590 845 3670 ita,
868 3591 968 3676 ipsos,
992 3589 1077 3675 quod
1100 3589 1247 3675 predicto
1270 3591 1436 3676 preposito
1458 3589 1606 3675 plenarie
1631 3587 1835 3652 satisfaciant
1858 3585 1898 3651 de

256 3690 420 3756 subtractis
444 3714 483 3757 ac
507 3694 538 3759 ei
560 3693 708 3759 redditus
731 3694 818 3780 ipsos
842 3693 1024 3759 exhibeant
1045 3699 1082 3757 ut
1097 3699 1261 3774 tenentur,
1285 3694 1464 3758 monitione
1479 3694 1638 3778 premissa
1654 3713 1713 3779 per
1727 3712 1898 3757 censuram

257 3796 504 3861 ecclesiasticam
528 3799 750 3884 appellatione
773 3801 899 3863 remota
923 3797 1060 3882 cogatis.

205 3912 222 3951 ²³
352 3916 430 3981 Dat.
453 3915 617 4001 Lugduni,
640 3917 708 3983 XII
731 3916 807 3985 Kal.
830 3916 985 4000 Ianuarii,
1009 3938 1094 3982 anno
1118 3918 1274 3985 secundo.

1046 4476 1106 4549 77.

353 4586 571 4682 Innocentius
586 4616 611 4681 1
615 4616 645 4681 V
653 4637 745 4697 papa
773 4615 892 4682 civibus
917 4613 1154 4682 Coloniensibns
1180 4618 1209 4679 ct
1234 4613 1391 4678 universis
1419 4612 1588 4697 oppidanis
1613 4611 1807 4678 Coloniensis
1826 4630 1901 4692 pro

263 4717 369 4783 cinciae
396 4719 541 4798 mandat,
568 4724 605 4782 nt
624 4718 809 4804 [canam]
830 4719 1060 4803 archiepiscopo
1085 4717 1263 4784 Coloniensi
1290 4717 1334 4781 ad
1359 4716 1506 4782 solvenda
1533 4715 1637 4780 debita
1662 4714 1805 4780 ecclcsim
1826 4733 1902 4778 snae

264 4821 424 4887 samniam
446 4823 622 4889 uideant.
1555 4822 1648 4897 1244,
1671 4816 1747 4884 Dec.
1761 4820 1814 4881 22.

355 4943 417 4997 ran.
431 4943 476 4997 rr
493 4943 560 5012 aa.
576 4942 629 4997 νοι.
642 4943 666 5011 r,
680 4950 740 5010 aa
758 4942 816 4996 na.
829 4942 869 5010 11,
881 4950 920 4997 cc.

213 5018 231 5058 ⁸
355 5030 455 5100 Borycr
466 5036 523 5084 846.

356 5274 381 5338 ι)
397 5276 435 5326 ita
450 5274 484 5326 Β.
496 5274 552 5325 ΜΔ
559 5274 592 5336 U,·
613 5276 786 5342 Raimerstorp
797 5273 830 5325 B.
924 5270 949 5338 δ)
968 5274 1095 5324 decanum
1108 5271 1139 5323 B.
1231 5270 1255 5335 c)
1273 5270 1323 5321 hoc
1338 5270 1512 5336 perscriptam
1528 5267 1561 5319 R.
1573 5265 1662 5317 MAU
1676 5283 1729 5332 pro
1751 5265 1904 5333 propositus.

268 5354 298 5409 1⁸
310 5360 394 5414 littaris
409 5361 503 5414 notatis
520 5362 538 5428 ᾗ
555 5380 589 5405 =
606 5362 752 5428 propositus
768 5360 877 5412 ratim
889 5366 1022 5425 putam
1038 5374 1116 5424 quam
1132 5364 1220 5409 notam
1237 5355 1347 5422 scriptos·
1359 5355 1420 5422 Ray.
1439 5355 1458 5406 n
1479 5373 1513 5397 =
1530 5353 1580 5404 hoc
1597 5352 1691 5418 lecerit·

357 5497 385 5567 1)
403 5495 455 5552 Ea
473 5501 538 5567 sapt.
555 5496 602 5551 cia
621 5495 756 5551 Ncacoicd.
837 5495 866 5561 2)
885 5494 970 5549 Hanc
989 5494 1022 5547 in
1039 5510 1078 5562 ep.
1092 5491 1150 5548 80b
1167 5491 1281 5561 [Beroen
1298 5491 1361 5560 829]
1384 5488 1543 5559 promanans
1563 5484 1795 5554 consanyaincam
1818 5484 1905 5540 ardri-

271 5578 370 5651 Μ
391 5580 566 5639 Μαάθ
590 5583 754 5651 appellatam
780 5597 833 5636 esec
855 5580 980 5635 Pcrtzino
1002 5578 1150 5633 casamarii.
1229 5576 1256 5644 3)
1276 5575 1360 5645 Capti
1382 5575 1413 5629 in
1436 5573 1526 5645 galeis
1550 5573 1583 5626 in
1604 5571 1697 5625 anais
1715 5570 1861 5639 papalibus
1884 5571 1906 5626 ii

216 5666 238 5709 ⁸
272 5670 390 5745 m,
405 5666 644 5747 adnm
654 5669 775 5723 mian
787 5685 813 5722 a.
823 5675 894 5738 1241,
909 5666 1112 5734 Messanam
1124 5663 1171 5736 [a
1183 5669 1202 5718 t.
1213 5663 1237 5732 1,
1249 5663 1350 5732 aare]
1361 5661 1554 5731 {aminoen
1565 5657 1730 5730 tapam
1740 5657 1905 5712 aman.
