4328 6232
203 314 267 375 5⁰6
768 310 815 364 Ex
837 309 1053 365 lxxecunuu
1072 308 1109 363 ll'
1127 309 1310 365 REGISTBO

199 508 219 547 a
242 485 360 549 ceteris
391 486 517 571 pluries
547 486 751 550 extitissent.
784 484 915 549 demum
943 485 1005 563 hii,
1035 486 1090 570 qui
1118 486 1150 548 ia
1182 483 1327 570 capitulo
1351 484 1424 569 ipso
1447 489 1693 562 remanserant,
1725 481 1865 547 eundem

199 589 390 673 episcopum
414 588 621 652 concorditer
645 589 830 674 elegerunt.
870 588 972 652 Cuius
987 589 1106 652 electio
1122 609 1196 652 cum
1211 588 1329 651 fuisset
1344 585 1466 651 dilecto
1482 588 1550 651 filio
1565 594 1682 652 nostro
1696 585 1738 651 P.
1754 586 1867 650 Sancti

199 689 336 776 Georgii
363 691 404 755 ad
424 690 546 756 Velum
574 693 724 757 Aureum
753 693 890 757 diacono
922 692 1093 771 cardinali,
1124 700 1202 756 tunc
1232 691 1265 756 in
1295 690 1447 777 partibus
1472 690 1685 756 Alammanie
1717 689 1867 774 fungenti

198 795 374 880 legationis
398 796 518 869 officio,
542 804 747 882 presentata,
771 796 880 863 iidem.
904 796 958 880 qui
981 798 1070 882 prius
1094 797 1355 882 appellaverant,
1381 796 1416 860 in
1438 795 1511 860 eius
1533 799 1769 880 comparentes
1790 813 1867 879 pre·

199 898 318 963 sentia.
342 920 385 963 ex
409 899 572 985 premissa
595 922 707 980 eausa,
735 908 769 965 et
792 901 869 985 quia
892 900 977 962 sicut
999 900 1194 963 asserebant
1215 906 1290 985 post
1310 899 1569 985 appellationem
1591 917 1709 962 eorum
1732 896 1868 961 canoni·

199 1022 272 1064 cam
295 1003 368 1087 ipsa
391 1003 510 1065 electio
534 1010 731 1089 attemptata
755 1003 877 1067 fuerat.
908 1024 950 1066 ne
979 1003 1188 1066 confirmaret
1215 1000 1371 1079 eandem,
1401 1000 1442 1064 ad
1471 1022 1530 1065 nos
1557 999 1730 1066 duxerunt
1757 998 1868 1065 denuo

199 1104 444 1190 appellandum,
468 1105 671 1171 addicientes
695 1106 784 1191 quod
810 1107 1000 1191 patiebatur
1023 1106 1110 1170 idern
1132 1107 1308 1192 episeopus
1330 1106 1363 1168 iu
1380 1106 1567 1169 litteratura
1580 1102 1762 1169 defectum.
1802 1101 1869 1168 Sed

200 1208 367 1294 predictus
391 1208 580 1289 cardinalis,
610 1218 765 1296 presente
790 1210 969 1275 venerabili
993 1210 1094 1273 fratre
1123 1216 1235 1273 nostro
1261 1259 1294 1274 ..
1316 1208 1476 1273 Remensi
1503 1207 1780 1294 arehiepiscopo¹
1806 1206 1868 1271 loci

200 1312 461 1397 metropolitano.
490 1328 524 1376 et
547 1335 720 1399 personam
743 1314 843 1378 electi
867 1322 900 1377 et
923 1313 1096 1378 electionis
1121 1332 1313 1399 processum
1336 1312 1516 1398 diligenter
1536 1312 1750 1389 examinans,
1778 1331 1869 1375 eom·

200 1424 294 1500 perte
318 1415 405 1500 quod
429 1417 573 1481 electus²
596 1418 666 1503 ipse
683 1418 871 1482 litterature
889 1416 1084 1482 sufficientis
1107 1416 1278 1485 existeret.
1302 1416 1433 1501 cognito
1453 1416 1552 1481 etiam
1570 1412 1659 1500 quod
1674 1414 1868 1501 appellatio.

200 1540 264 1603 que
288 1520 377 1603 prius
402 1520 598 1605 interposita
621 1521 742 1587 fuerat.
772 1521 932 1606 impedire
955 1522 1119 1606 nequiuit.
1148 1520 1223 1604 quin
1257 1519 1301 1583 hii
1331 1520 1386 1604 qui
1416 1525 1644 1584 remanserant
1666 1517 1701 1581 in
1725 1517 1869 1605 capitulo

201 1622 360 1687 canonice
384 1623 444 1686 sibi
468 1631 605 1709 possent
627 1646 803 1710 personam
828 1625 979 1690 idoneam
1003 1626 1131 1709 eligere
1155 1625 1188 1687 in
1210 1630 1391 1709 pastorem.
1423 1623 1619 1688 electionem
1651 1621 1761 1708 ipsam
1790 1640 1869 1684 con·

200 1726 330 1789 firmare
362 1728 498 1791 curavit.
549 1728 798 1792 decedentibus
828 1729 939 1813 itaque
967 1728 1009 1792 ad
1041 1728 1202 1814 prefatam
1235 1725 1348 1791 sedem
1378 1726 1458 1805 hiis,
1493 1726 1548 1811 qui
1577 1724 1778 1790 electionem
1808 1723 1868 1787 im·

200 1829 393 1915 pugnabant
421 1831 576 1910 eandem,
608 1844 641 1894 et
671 1834 777 1918 ipsam
809 1855 851 1896 ex
880 1833 1050 1917 premissis
1080 1831 1203 1908 causis,
1237 1836 1271 1892 et
1300 1829 1378 1914 quia
1406 1837 1444 1893 ut
1471 1828 1627 1894 dicebant
1659 1827 1716 1892 die
1739 1848 1805 1913 que
1827 1824 1870 1890 ad

201 1933 390 2017 eligendum
420 1944 544 1999 statuta
572 1957 636 1998 non
667 1935 775 1999 fuerat
804 1936 960 2000 extiterat
990 1934 1174 2011 celebrata,
1203 1933 1323 1997 cassari
1351 1931 1560 2018 petentibus,
1589 1954 1649 1996 nos
1677 1953 1740 1996 eos
1767 1951 1869 2016 super

200 2036 282 2100 hocb
306 2038 461 2120 exigente
485 2039 611 2101 iustitia
633 2058 699 2101 non
723 2038 878 2102 duximus
903 2037 1093 2102 audiendos.
1130 2036 1283 2121 Denique
1299 2035 1464 2100 obiciente
1479 2056 1545 2099 uno
1561 2035 1711 2122 ipsorum
1726 2032 1870 2121 quedam

201 2138 233 2202 in
258 2161 432 2225 personam
456 2142 563 2213 electi.¹
589 2149 623 2206 et
646 2142 760 2206 eodem
785 2144 891 2207 eleeto
915 2148 1049 2228 propter
1071 2142 1132 2205 hoc
1155 2161 1266 2204 eoram
1290 2139 1386 2203 nobis
1408 2139 1629 2226 personaliter
1643 2144 1868 2226 comparente.

200 2263 240 2305 ac
262 2243 320 2306 lite
345 2245 531 2330 superbiis
556 2246 703 2330 legit-ime
727 2253 922 2315 contestata.
946 2246 1150 2332 prestitoque
1173 2244 1214 2308 de
1238 2242 1379 2308 dicenda
1402 2243 1540 2308 veritate
1562 2242 1760 2329 apartibus
1782 2242 1869 2306 iura·

202 2353 323 2425 mento,
348 2355 382 2412 et
405 2348 501 2412 factis
525 2349 743 2434 positionibus
767 2356 801 2412 et
823 2348 1094 2434 responsionibus
1118 2347 1159 2411 ab
1182 2347 1307 2423 eisdem
1331 2346 1470 2412 testibus
1492 2347 1662 2433 productis
1677 2354 1715 2412 et
1729 2352 1868 2412 attesta-

202 2451 346 2516 tionibus
369 2453 560 2538 publieatis,
589 2476 627 2517 ac
652 2452 771 2517 auditis
795 2455 918 2539 partisc
942 2453 1198 2538 allegationibus
1220 2452 1407 2537 utriusque:
1439 2449 1572 2516 tandem
1601 2459 1717 2537 partes
1748 2450 1867 2516 eedem

203 2562 313 2619 nostro
345 2578 381 2620 se
411 2555 547 2619 arbitrio
578 2558 723 2621 totaliter
755 2557 987 2621 submiserunt.
1039 2557 1108 2620 Nos
1139 2562 1265 2632 autem,
1302 2553 1512 2619 considerato
1545 2552 1633 2639 quod
1666 2560 1870 2620 memoratus

201 2659 391 2745 episeopus,
425 2660 509 2723 sieut
532 2681 573 2723 ex
599 2663 758 2725 relatione
783 2662 876 2726 nobis
900 2662 1003 2747 ipsius
1027 2660 1174 2724 constitit
1197 2659 1379 2738 cardinalis,
1410 2658 1465 2743 qui
1489 2657 1692 2723 examinavit
1714 2656 1869 2725 eundem.

202 2761 386 2825 litterature
415 2763 608 2828 sufficientis
640 2766 768 2828 existit.
806 2765 1013 2828 considerato
1048 2765 1146 2828 etiam
1183 2762 1271 2848 quod
1299 2761 1341 2826 de
1372 2762 1510 2826 obiectis
1539 2762 1602 2827 sibi
1629 2761 1730 2826 nichil
1761 2764 1870 2828 fuerat

203 2865 335 2928 omnino
359 2866 541 2951 probatum,
565 2874 702 2952 pensato
726 2870 862 2954 insuper
885 2868 970 2953 quod
995 2868 1080 2932 idem
1098 2868 1272 2930 honestate
1290 2867 1366 2945 vite,
1390 2886 1515 2929 morum
1531 2867 1722 2931 maturitate
1738 2868 1868 2954 fulgere

203 2966 395 3047 dinoscitur,
423 2991 485 3054 que
508 2972 594 3034 eirca
618 2972 724 3055 ipsum
749 2972 781 3035 in
806 2971 976 3056 premissis
1000 2972 1156 3035 canonice
1181 2978 1254 3033 aeta
1277 2971 1426 3050 fuerunt,
1456 2971 1651 3035 auctoritate
1680 2971 1867 3057 apostolica

204 3070 428 3156 approbantes
453 3083 486 3138 et
509 3075 702 3160 supplentes
726 3075 766 3140 dc
791 3075 997 3162 plenitudine
1021 3075 1193 3160 potestatis
1218 3073 1392 3153 defectum,
1416 3074 1444 3138 si
1467 3075 1578 3139 forsan
1601 3075 1723 3161 aliquis
1747 3074 1781 3140 in
1804 3074 1868 3139 hiis

204 3175 312 3253 fuerit,
336 3175 476 3240 eundem
501 3176 733 3242 Cameracensi
758 3179 897 3244 ecclesie
921 3179 963 3242 de
986 3179 1121 3242 fratrum
1146 3184 1333 3242 nostrorum
1356 3178 1492 3242 consilio
1516 3179 1550 3242 in
1573 3178 1768 3265 episcopum
1791 3200 1866 3265 prc-

204 3280 344 3344 l’eeimus
368 3287 402 3345 et
425 3289 602 3367 pastorem,
633 3283 683 3346 cni
708 3290 824 3368 postca
847 3283 1021 3348 sacerdotii
1045 3283 1192 3348 ordinem
1216 3283 1358 3347 conferri
1381 3283 1518 3347 fecimus
1548 3289 1582 3346 et
1608 3303 1669 3346 nos
1697 3281 1764 3368 ipsi
1787 3304 1865 3347 con-

204 3383 395 3447 secrationis
424 3405 542 3449 munus
574 3386 727 3450 duximus
761 3387 1025 3473 impendendum.
1075 3387 1285 3457 blandamus,
1320 3387 1474 3471 quatinus
1502 3383 1645 3450 eundem
1673 3386 1866 3472 episcopum

204 3490 370 3569 tamquam
393 3493 520 3571 patrem
551 3496 584 3553 et
615 3497 781 3575 pastorem
811 3492 992 3554 animarum
1023 3497 1205 3554 vestrarum
1233 3489 1352 3553 devote
1381 3489 1611 3574 suscipientes,
1641 3486 1865 3554 obedientiam

204 3586 265 3651 sibi
288 3593 322 3651 et
344 3591 563 3655 reverentiam
588 3592 731 3658 debitam
756 3593 963 3679 impendatis,
993 3595 1125 3658 monitis
1150 3601 1183 3658 et
1206 3592 1368 3657 mandatis
1391 3593 1462 3657 eius
1485 3591 1672 3658 salubribus
1696 3592 1868 3659 humiliter

204 3689 412 3756 intendendo.
457 3693 614 3780 Alioquin
640 3698 849 3776 sententiam,
873 3717 971 3782 quam
995 3696 1081 3762 idem
1105 3697 1167 3762 ritc
1192 3703 1255 3762 etc.

312 3800 390 3870 Dat.
413 3804 575 3891 Lugduni,
592 3806 623 3870 V
645 3809 694 3872 Id.
718 3808 852 3895 Aprilis,
876 3809 1053 3876 ann0v10.

830 4022 855 4027 —
869 4022 927 4028 .-—..
936 4023 971 4027 —
986 4024 992 4028 .
1002 4022 1241 4029 -—--—-.---—

987 4215 1076 4287 683.

307 4303 526 4397 Iraarccattas
549 4333 607 4398 IV
619 4356 710 4415 paupe
731 4335 901 4420 [Nicoma]
923 4337 1062 4418 episcope
1088 4335 1307 4402 Carrscruceaai
1334 4334 1481 4411 arrarrdof,
1510 4338 1546 4397 ut
1572 4334 1736 4399 obseruari
1760 4336 1870 4420 foedat

204 4433 433 4498 ordirmlioacm
454 4458 476 4498 a
490 4435 621 4522 Patro]
636 4438 749 4502 Sauracti
766 4438 896 4521 Georgii
917 4439 961 4503 ad
977 4439 1086 4505 Voluca
1101 4440 1245 4504 Auream
1266 4439 1398 4504 dimotae
1419 4437 1581 4503 cardinali
1601 4437 1719 4503 alitum
1742 4439 1778 4503 ia
1802 4440 1868 4518 lite,
1969 4436 1980 4469 ³

205 4558 285 4618 quac
315 4537 396 4600 fater
427 4540 593 4605 canoaicos
614 4541 801 4607 Laodicescs
830 4544 1060 4626 aacesipaalos
1086 4548 1116 4608 et
1142 4563 1206 4607 arca
1237 4543 1465 4624 eraecsipaatos
1491 4541 1529 4607 dc
1545 4541 1754 4623 presentebus
1770 4564 1870 4624 proc·

205 4639 379 4705 decideram
400 4660 533 4705 austrum
555 4647 625 4707 orte
643 4644 757 4729 faerit.
1527 4648 1622 4723 1249,
1644 4645 1731 4726 Apr.
1746 4648 1778 4712 9.

309 4759 372 4813 aaa.
386 4759 434 4813 IV
444 4760 507 4830 Ray.
521 4762 580 4817 Ia'b.
596 4763 645 4831 VI,
661 4765 681 4830 s.
693 4773 733 4832 37,
751 4783 779 4819 a.
792 4775 846 4820 451.
878 4765 1028 4834 Eaenqdar
1040 4766 1154 4834 Maedi,
1177 4766 1253 4820 Meae.
1269 4770 1287 4820 t.
1303 4765 1369 4832 VII,
1385 4782 1413 4834 p.
1425 4771 1477 4820 482
1492 4764 1654 4819 mactmus
1664 4780 1727 4820 cass
1740 4766 1865 4837 Rqasts's.

309 4845 440 4914 laeam,
460 4848 522 4916 aeq.
535 4855 627 4913 aare
645 4850 742 4919 Herpa
759 4858 836 4905 aras.

711 5069 750 5087 ..
779 5013 993 5105 episeopo
1021 5012 1355 5086 Carneraeensi.

315 5139 405 5205 Inter
432 5143 605 5206 canonicos
638 5145 885 5229 crucesignatos
914 5166 957 5209 ex
985 5151 1076 5230 parte
1106 5167 1172 5209 una
1201 5151 1234 5208 et
1264 5144 1420 5230 quosdam
1449 5147 1622 5211 canonicos
1654 5170 1720 5213 non
1750 5173 1855 5216 cruce·

205 5244 351 5328 signatos
375 5241 569 5310 Leodiensis
600 5249 741 5312 ecclesie
766 5270 806 5313 ex
830 5250 949 5330 altera,
981 5270 1079 5335 super
1102 5270 1141 5312 eo
1164 5247 1249 5333 quod
1273 5247 1350 5311 dieti
1374 5249 1596 5334 crucesignati
1618 5252 1781 5336 petebant
1801 5253 1854 5316 sibi

639 5391 1008 5399 .-.———-------—--
1023 5390 1241 5397 ---—------—-—
1255 5392 1282 5396 --
1309 5390 1326 5396 -
1368 5390 1692 5400 ——n-——n-—a-..

307 5464 332 5532 ⁸)
350 5467 432 5519 cletus
451 5467 483 5519 a.
590 5466 615 5535 b)
633 5470 683 5521 hoc
701 5470 769 5527 deest
787 5471 820 5522 Il.
925 5471 949 5535 c)
967 5470 1013 5521 tia.
1031 5488 1044 5522 s
1061 5470 1090 5522 ia
1108 5471 1163 5523 leco
1181 5488 1243 5523 roso
1260 5481 1284 5534 ct
1300 5474 1358 5525 ctio
1375 5474 1494 5531 ascaro.

308 5588 334 5654 l)
353 5586 461 5649 Ialatto,
