4328 6232
644 330 695 387 EX
713 330 932 387 INNOCENTII
950 330 990 386 IV
1007 329 1188 387 unelsruo

424 568 464 587 ..
492 513 672 586 decano
700 515 743 586 et
770 510 977 605 capitulo
1004 508 1403 587 virdunensibus,

192 644 276 708 Cum
299 642 454 708 dilectum
478 644 579 708 filium
602 650 749 708 nostrum
772 643 810 707 P.
828 642 939 709 Sancti
955 642 1091 730 Georgii
1114 643 1154 710 ad
1171 643 1290 708 Velum
1307 641 1453 706 Aureum
1476 637 1650 702 diaconum
1671 657 1739 700 car·

83 747 227 811 dinalcm
246 747 287 811 ad
303 753 414 833 partes
429 745 637 822 Alamannia,
655 747 828 811 commisso
845 747 908 812 sibi
924 747 1021 834 plene
1036 747 1214 833 legationis
1228 745 1346 824 officio,
1360 744 1575 821 destinemus,
1588 740 1738 805 volumus

84 860 118 915 ct
139 852 342 937 presentium
366 851 460 915 vobis
484 852 679 916 auctoritate
704 850 912 930 mandamus,
942 851 1094 937 quatinus
1119 852 1160 916 ad
1185 850 1382 916 electionem
1405 849 1438 912 in
1461 852 1575 911 vestra
1598 843 1740 908 ecclesia

83 953 291 1019 laciendam¹
321 962 398 1019 ante
428 955 531 1041 ipsius
559 955 662 1039 legati
696 953 873 1020 adventum
908 956 1041 1021 minime
1077 953 1327 1042 procedentes²,
1356 951 1462 1017 cidem
1494 948 1638 1015 ecclesie
1668 968 1737 1011 cum

81 1079 140 1121 suo
165 1059 300 1122 consilio
326 1068 359 1123 et
382 1079 520 1123 assensu
546 1057 585 1122 de
609 1064 742 1144 pastore
767 1057 886 1123 idoneo
902 1059 1074 1147 providere
1091 1060 1212 1124 curetis
1234 1058 1287 1121 vel
1299 1055 1467 1142 recipiatis
1491 1054 1584 1118 illum
1608 1052 1642 1115 in
1665 1072 1739 1137 pre-

81 1163 204 1229 sulem,
237 1161 278 1227 dc
309 1184 372 1250 quo
403 1165 466 1251 ipsi
496 1164 636 1229 ecclesie
665 1163 798 1228 duxerit
829 1163 1075 1249 providendum.
1121 1163 1191 1229 Nos
1214 1163 1302 1228 enim
1326 1159 1533 1225 decernimus
1557 1157 1686 1222 irritum
1709 1161 1740 1219 et

82 1267 191 1345 inane,
215 1265 344 1352 siquid
369 1288 469 1353 super
492 1268 554 1332 hoc
579 1274 691 1332 contra
713 1267 903 1332 mandatum
927 1275 1075 1333 nostrum
1099 1267 1274 1355 contigerit
1296 1263 1462 1332 attentari.

192 1377 271 1442 Dat.
294 1375 458 1462 Lugduni,
480 1376 564 1442 XVI
587 1376 662 1442 Kal.
686 1376 821 1463 Aprilis,
844 1399 930 1443 anno
954 1386 1081 1466 quarto.

709 1608 1118 1617 ———...——

872 1799 959 1872 308.

188 1894 408 1987 Innocentius
424 1917 481 1983 IV
495 1941 584 2000 popu
606 1919 848 2003 arciriquscopis
869 1925 899 1984 ct
919 1920 996 1984 aliis
1011 1921 1172 2003 praelatis
1186 1920 1402 1984 Abrruarmiac
1425 1918 1566 1997 ηιαιιάαἰ,
1590 1922 1626 1981 ut
1642 1915 1744 2002 surdo

82 2029 113 2088 et
135 2025 284 2104 bcrwficr'o
305 2025 513 2088 ecclesiastiea
534 2024 687 2088 indevotis
705 2024 860 2109 acscrcm
887 2030 917 2089 et
937 2025 975 2089 dc
997 2025 1128 2090 consilio
1146 2025 1270 2110 P[ctrs]
1285 2023 1399 2091 Sancti
1421 2024 1552 2106 Georgii
1572 2022 1619 2086 ud
1638 2020 1746 2086 Velare

82 2131 229 2193 Aureum
243 2128 370 2191 diaconi
382 2127 568 2206 cardinalis,
584 2128 868 2212 apostolicaesedis
884 2130 988 2212 upari,
1003 2129 1120 2195 deuotis
1135 2128 1312 2214 moserant.
1379 2129 1473 2206 1247,
1488 2126 1594 2194 Mart.
1607 2131 1659 2191 17.

188 2238 252 2292 bra.
265 2238 315 2292 IV
329 2238 393 2308 Ray.
412 2237 467 2292 Vct
480 2240 504 2307 L
517 2245 582 2306 4235
600 2238 660 2294 Iro.
676 2238 731 2307 IV,
750 2254 806 2292 cur.
824 2247 865 2294 56.

188 2325 287 2394 Βῆριν
298 2332 368 2380 9971.

171 2487 548 2581 Archiepiscopis
576 2494 621 2562 et
648 2489 894 2583 episcopis,
922 2491 1183 2580 abbatibuS,
1211 2491 1451 2583 prioribus
1478 2495 1522 2564 et
1549 2489 1663 2564 aliis

269 2609 581 2684 ecclesiarum
609 2611 813 2703 prelatis
840 2633 923 2704 per
949 2613 1245 2687 Alamaniam
1272 2610 1567 2687 constitutis

194 2743 298 2809 Recte
329 2743 601 2809 considerationis
642 2744 794 2809 examine
828 2745 912 2809 libra
948 2744 1148 2830 presidentis
1184 2743 1397 2832 appenditur,
1433 2765 1506 2808 cum
1542 2742 1748 2808 subditorum

85 2849 204 2912 merita
232 2849 280 2913 sic
309 2848 396 2913 iusta
418 2849 632 2914 extimatione
668 2855 861 2935 pensantur,
893 2856 929 2912 ut
956 2848 1149 2914 devotomm
1173 2849 1339 2933 obsequiis
1366 2846 1541 2913 retributio
1570 2846 1674 2932 digua
1700 2864 1748 2911 re·

87 2951 247 3036 spondeat
281 2958 316 3016 et
344 2951 510 3038 obprobrii
532 2972 619 3037 pena
651 2953 803 3038 perpetui
829 2951 1010 3017 infidelium
1041 2953 1126 3018 colla
1154 2959 1298 3040 premat;
1329 2954 1375 3017 sic
1406 2952 1494 3018 euim
1523 2953 1557 3016 in
1587 2951 1748 3016 bonorum

87 3054 257 3119 beneficiis
281 3055 391 3140 plures
414 3055 456 3119 ad
471 3056 627 3120 virtutum
644 3056 763 3121 merita
778 3057 948 3141 eriguntur
971 3063 1004 3121 et
1027 3057 1060 3121 in
1082 3077 1256 3144 pravorum
1279 3057 1373 3142 penis
1396 3056 1517 3120 ceteris
1533 3051 1746 3138 delinquendi

89 3157 229 3222 audacia
250 3158 453 3245 prohibetur.
500 3158 583 3223 Oum
607 3160 733 3245 itaque,
764 3161 849 3224 sicut
871 3161 1068 3246 accepimus,
1093 3161 1241 3225 nonnulli
1265 3160 1377 3225 clerici
1400 3166 1434 3225 et
1455 3159 1531 3224 laici
1554 3178 1576 3222 a
1598 3157 1695 3223 vobis
1715 3162 1749 3223 et

88 3262 206 3327 vestris
230 3262 381 3327 ecclesiis
404 3262 504 3327 feuda
527 3269 562 3328 et
577 3263 803 3329 ecclesiastica
814 3262 978 3328 beneficia
992 3263 1180 3330 obtinentes
1196 3263 1389 3328 adheserint
1411 3269 1446 3328 ct
1459 3262 1569 3329 adhuc
1585 3261 1748 3329 adherere

86 3372 279 3452 presumant
307 3365 476 3432 Friderico
500 3367 663 3452 quondam
686 3366 910 3432 Romanorum
939 3368 1127 3454 imperatori
1150 3374 1185 3434 et
1208 3367 1361 3433 Oonrado
1384 3373 1461 3433 nato
1485 3366 1650 3450 eiusdem,
1672 3386 1749 3454 per·

87 3469 296 3536 secutoribus
319 3471 460 3537 ecclesie
477 3472 671 3552 manifestis,
695 3471 845 3536 volumus
869 3478 903 3536 ct
918 3471 1120 3558 presentium
1144 3471 1238 3537 vobis
1257 3471 1457 3537 auctoritato
1474 3469 1623 3536 districte
1639 3467 1748 3556 preci-

86 3572 206 3659 piendo
220 3573 426 3656 mandamus,
444 3576 598 3660 quatinus
622 3574 722 3639 leuda
745 3582 779 3640 et
802 3575 962 3641 beneficia
984 3576 1056 3662 ipsa
1079 3577 1128 3640 eis
1144 3576 1274 3641 auferre
1298 3596 1337 3639 ac
1353 3575 1469 3640 eadem
1494 3574 1567 3639 aliis
1583 3573 1748 3652 fidelibus,

87 3675 214 3741 devotis
232 3678 385 3757 ecclesie,
409 3677 449 3742 de
467 3679 602 3743 consilio
626 3685 659 3743 et
675 3679 882 3764 beneplacito
899 3678 1010 3745 dilecti
1033 3681 1091 3744 filii
1107 3679 1209 3744 nostri
1225 3679 1263 3747 P.
1278 3678 1391 3744 Sancti
1407 3677 1543 3764 Georgii
1568 3677 1611 3743 ad
1627 3677 1750 3743 Velum

88 3779 235 3843 Aureum
259 3779 389 3845 diaconi
413 3781 599 3864 cardinalis,
623 3782 803 3869 apostolice
828 3781 915 3846 sedis
938 3782 1050 3867 legati,
1074 3783 1224 3847 conferre
1249 3783 1386 3859 curetis3
1410 3782 1671 3847 contradictores
1687 3791 1750 3849 etc.

87 3882 243 3967 Alioquin
267 3882 375 3949 eidem
398 3885 509 3970 legato
534 3886 651 3950 litteris
674 3887 793 3950 nostris
811 3885 1021 3970 iniungimus,
1045 3890 1081 3948 ut
1103 3886 1175 3971 ipse
1200 3906 1300 3971 super
1322 3886 1383 3951 hou
1398 3885 1590 3950 mandatum
1613 3893 1749 3974 aposto·

89 3987 188 4051 licum
212 3995 405 4074 exequatur.

198 4098 274 4165 Dat.
298 4100 461 4187 Lugduni,
484 4102 566 4167 XVI
589 4102 665 4170 Kal.
688 4102 823 4187 Aprilis,
848 4123 935 4167 anno
958 4107 1083 4189 quarto.

714 4329 775 4335 ..—-
789 4329 903 4334 ——---
915 4327 1118 4335 .——-

874 4521 960 4594 309.

193 4616 410 4709 Irrnoccatias
429 4644 453 4709 I
457 4644 487 4709 V
491 4666 583 4726 popo
604 4644 736 4731 P[ctro]
757 4645 869 4711 Sancti
894 4644 1023 4729 Georgii
1044 4644 1088 4708 od
1115 4643 1224 4708 Velum
1245 4645 1392 4708 Aureum
1416 4645 1548 4709 diacono
1575 4645 1750 4724 ccidirmli,

86 4749 273 4830 apostolicae
298 4749 382 4814 sedis
408 4749 520 4832 leqato,
543 4750 688 4828 succedat,
711 4753 746 4812 ut
768 4750 931 4813 terrircracs
950 4748 1115 4829 praelatos
1136 4748 1368 4826 Aluuramrioe,
1391 4747 1522 4813 Durum
1543 4752 1574 4812 et
1595 4748 1750 4814 Polom'uc

88 4857 219 4930 rnorreat,
231 4856 384 4917 utcontra-
396 4853 432 4918 F
427 4854 451 4938 [
446 4854 614 4918 ridericum
613 4854 634 4939 ]
644 4854 802 4936 quondum
813 4855 1029 4934 inperatorem
1042 4871 1161 4916 errrcem
1172 4851 1365 4932 praedicent.
1403 4855 1497 4929 1247,
1509 4851 1613 4916 Mart.
1631 4855 1685 4915 18.

193 4961 256 5014 Ino.
270 4960 318 5014 IV
326 4960 391 5030 Ray.
410 4960 465 5015 Vol.
479 4962 502 5029 l,
516 4960 654 5028 422311111.
667 4961 721 5030 IV,
733 4978 788 5016 cur.
802 4969 844 5017 48.
881 4960 981 5015 Pcrtzr'e‘
991 4962 1122 5028 aemprlar
1132 4962 1292 5016 volucrimus
1308 4978 1370 5017 mem
1384 4961 1510 5031 Thana,
1526 4962 1603 5016 Mors.
1619 4961 1750 5017 Polom'uc

87 5054 106 5102 t.
126 5048 195 5117 hp,
209 5058 250 5116 44,
269 5066 296 5102 a.
310 5056 351 5102 90.
391 5047 446 5119 Ep.
471 5065 533 5104 mem
556 5049 832 5103 neumanensis
854 5047 893 5101 ita
915 5045 1070 5114 concordat,
1093 5052 1124 5100 ct
1146 5048 1184 5100 od
1205 5064 1263 5101 eam
1280 5048 1449 5103 comendam
1470 5048 1581 5104 candem
1598 5049 1750 5104 aucam

86 5135 204 5199 [mrum
220 5134 366 5188 aarum
383 5151 437 5191 case
452 5134 596 5190 ardoinus.

195 5221 326 5290 Portare
347 5222 412 5291 Ray.
426 5229 518 5289 natm
535 5222 634 5290 Bcrpcr
651 5229 723 5276 9964.

195 5434 220 5497 ι)
240 5430 389 5499 ramus
408 5430 847 5501 necessust-ranarum
870 5429 1048 5485 amoma
1069 5429 1236 5499 [ucoca
1255 5430 1581 5500 amyrmeuom
1600 5430 1748 5490 arm

86 5517 268 5659 me}
278 5517 362 5571 aaa·
378 5518 598 5585 mumma·
616 5518 718 5589 napa
735 5526 808 5575 aaa.
906 5519 935 5583 a)
955 5517 995 5583 cs.
1013 5516 1192 5571 socom
1208 5515 1240 5570 a
1254 5516 1372 5583 sm
1390 5516 1467 5573 Pus
1482 5519 1566 5589 raus
1578 5516 1747 5637 mg?
