4328 6232
737 352 938 409 EPISTOLAE
955 353 1146 412 SELEC'I’AE.
1184 358 1258 413 1246.
1764 362 1823 425 143

165 532 278 591 nmen
300 545 462 612 regnem
483 526 545 608 ei·‚
569 527 597 591 si
619 526 754 592 venietb
777 528 997 613 personaliter
1019 528 1103 594 inira
1125 534 1254 615 tempus
1278 530 1461 615 legitimum
1485 532 1555 596 sine
1579 532 1678 596 armis
1701 539 1824 598 etcum

165 627 295 694 modico
317 629 487 710 comitatu,
510 629 588 715 quin
610 630 719 716 ipsum
741 652 842 716 super
864 631 942 713 hoo,
966 633 994 698 si
1017 632 1058 698 do
1083 634 1153 699 inre
1178 641 1211 699 et
1235 635 1320 698 siout
1342 634 1382 699 do
1406 634 1476 700 iure
1499 634 1612 716 luerit,
1636 636 1825 712 audiamue3

166 733 235 813 eni,
267 740 366 819 prout
394 731 544 798 eiusdem
573 733 696 799 nuntiis
720 735 929 819 presentibus
954 735 1111 817 diximus,
1140 736 1315 816 faciemus,
1339 738 1367 802 si
1390 738 1532 803 voluerit
1555 739 1682 819 venire,
1706 740 1824 818 caveri,

166 836 254 921 qnod
277 836 313 901 in
336 857 373 902 se
396 836 451 902 vel
474 837 542 902 suis
565 859 631 902 non
653 837 831 903 sustinebit
854 838 998 924 aliquam
1021 840 1188 906 lesionem.

277 955 354 1022 Dat.
378 956 545 1043 Lugduni,
567 957 600 1022 X
621 956 696 1023 Kal.
721 957 793 1024 Iun.
816 979 901 1022 anno
925 957 1007 1022 ΙΙΙ.1

957 1496 1040 1572 188.

272 1611 492 1705 Innocentius
506 1633 562 1701 IV
568 1655 660 1719 papa
671 1621 718 1702 'de
733 1636 899 1702 Kaistetm
922 1640 952 1702 ct
967 1640 1005 1704 ae
1017 1636 1192 1722 Zwifalten
1211 1637 1375 1703 abbatibus
1390 1641 1419 1701 ct
1434 1639 1615 1718 praeposito
1630 1637 1773 1703 ccclesiae
1787 1635 1824 1700 de

171 1738 397 1807 Wettenbasen
417 1736 561 1817 suaedas,
589 1739 684 1803 atde
710 1739 776 1805 vita
805 1743 834 1805 ct
855 1740 975 1804 nectitis
996 1740 1198 1826 [Epenona's]
1220 1741 1306 1807 electi
1328 1740 1538 1806 Brinirnnsis
1560 1740 1740 1823 inqaairant,
1770 1740 1826 1821 qai

165 1843 254 1907 latas
276 1842 313 1905 in
335 1863 368 1907 se
389 1864 412 1907 a
433 1842 583 1924 magatro
604 1843 735 1908 Albcrto
762 1843 983 1908 archidiacono
1006 1843 1193 1909 Patavinrsa‘
1214 1844 1429 1925 suspensionis
1450 1848 1478 1908 ct
1500 1842 1827 1908 excommunicationis

164 1945 342 2011 mnatantins
359 1962 416 2010 sea
433 1963 536 2009 annos
551 1945 732 2026 etamplius
746 1946 947 2028 vilipenderit
961 1949 990 2010 ct
1004 1949 1100 2010 totam
1115 1946 1261 2012 daaatenn
1275 1947 1418 2013 caelatae
1434 1946 1645 2011 Briainensis
1664 1943 1826 2008 [vitaras

96 2090 111 2113 ..
164 2049 328 2131 qnondam
354 2045 537 2129 inperatori
566 2048 765 2126 concam-rit,
797 2050 844 2113 ito
870 2053 907 2112 at
935 2049 1091 2113 transitus
1113 2050 1150 2114 de
1175 2050 1328 2115 Teutonis
1351 2050 1387 2113 in
1410 2050 1542 2114 Italiam
1564 2048 1752 2129 praeclusas
1773 2046 1824 2111 sit.

1498 2154 1592 2231 1246,
1614 2151 1689 2216 Ian.
1706 2154 1737 2216 4.

272 2234 340 2288 aa
351 2233 402 2289 ιν
416 2235 479 2304 aa.
495 2234 553 2290 1⁷01.
568 2235 593 2303 1,
613 2240 681 2303 aaa·
703 2235 763 2291 nu.
779 2236 839 2304 ΠΙ,
857 2243 909 2289 aar.

274 2320 375 2391 Beryae
391 2327 464 2377 1896.

167 2574 210 2592 ..
239 2519 294 2592 dc
331 2511 536 2593 Kersen2
563 2517 905 2593 Cisterciensis
933 2523 977 2591 et
1006 2575 1044 2592 ..
1073 2516 1370 2592 Zuilieltim⁰³
1397 2520 1550 2592 sancti
1578 2518 1825 2592 Benedicti

99 2676 111 2709 ε,
165 2638 391 2714 ordinum
415 2639 667 2715 abbatibus
690 2645 788 2715 el..
809 2640 1056 2732 preposito
1077 2639 1286 2715 ecclesie
1308 2632 1413 2738 [de]d
1435 2633 1825 2713 Weirenhusen⁰⁴

440 2761 763 2855 Augustensis
796 2766 841 2835 et
872 2760 1265 2837 Constantiensis
1301 2760 1554 2835 diocesum.

255 2910 387 2986 Quanto
409 2933 481 2994 eos,
504 2912 560 2998 qni
583 2911 751 2976 nobiseum
774 2912 905 2976 suntin
928 2919 1055 2998 partem
1078 2911 1309 2977 sollicitudinis
1333 2912 1474 2992 evocati,
1498 2911 1665 2977 sinceriori
1689 2911 1825 2975 caritate

166 3014 336 3101 diligimus
366 3023 400 3082 et
426 3015 627 3083 intendimus
656 3016 832 3095 bonorare,
860 3021 952 3079 tanto
975 3015 1090 3079 maiori
1114 3015 1223 3079 dolore
1247 3015 1430 3094 turbamur,
1455 3036 1529 3080 cum
1552 3036 1592 3080 oa
1615 3014 1656 3079 do
1679 3014 1826 3100 ipsorum

168 3118 329 3205 operibus
352 3117 549 3202 referuntur,
572 3140 636 3206 que
658 3119 768 3185 Deum
791 3118 961 3184 offendunt
983 3125 1017 3183 et
1040 3118 1189 3183 homines
1213 3117 1445 3184 scandalizant.
1492 3118 1579 3183 Sauo
1600 3118 1687 3183 inter
1703 3126 1825 3197 cetera,

89 3250 116 3289 a·
169 3241 235 3306 que
258 3219 300 3286 do
323 3220 508 3309 nephandis
531 3222 656 3288 actibus
681 3222 936 3288 ..Brixiuonsis
958 3222 1056 3288 electi
1072 3221 1166 3286 nobis
1182 3227 1258 3285 sunt
1272 3222 1440 3287 insinuata
1456 3222 1598 3302 sinistra,
1623 3222 1719 3302 idem,
1742 3225 1826 3287 latas

168 3322 203 3388 in
234 3343 311 3389 eum
342 3345 363 3391 a
393 3325 549 3411 magistro
579 3325 718 3392 Alberto
746 3327 976 3393 archidiacono
1006 3325 1196 3391 Pataviensi
1226 3328 1422 3391 auctoritate
1457 3326 1639 3412 apostolica
1671 3327 1825 3411 exigente

167 3427 297 3492 iustitia
331 3430 557 3516 suspensionis
593 3437 627 3495 et
668 3430 1014 3496 excommunicationis
1051 3430 1254 3494 seutentias⁵
1288 3451 1347 3516 per
1381 3451 1441 3494 aex
1480 3450 1584 3494 annos
1619 3436 1653 3494 et
1687 3429 1825 3515 amplius

135 3612 139 3619 .
167 3530 425 3619 dampnabiliter
440 3532 656 3621 vilipendens,
679 3534 789 3599 claves
812 3534 955 3599 ecclesio
973 3532 1244 3619 contempnendo,
1269 3539 1302 3598 et
1318 3533 1487 3598 electionis
1505 3553 1562 3597 sue
1580 3532 1825 3597 confirmatione

168 3654 377 3722 nequaquam
401 3635 540 3701 obtenta
562 3637 596 3701 iu
620 3637 846 3724 spiritualibus
870 3644 903 3702 et
919 3637 1156 3724 temporalibus
1173 3637 1446 3703 administrationi
1462 3637 1668 3702 Brixineusis
1685 3637 1825 3702 ecclesie

91 3766 117 3805 :a
171 3759 208 3802 se
235 3737 391 3825 ingerens
414 3739 639 3827 impudenter,
670 3742 859 3807 comitatum
883 3748 917 3807 et
939 3740 1137 3821 districtum,
1166 3742 1230 3805 imo
1253 3748 1355 3807 totum
1380 3741 1532 3806 ducatum
1557 3742 1660 3829 ipsius
1685 3741 1826 3806 ecclesie

170 3861 245 3906 cum
275 3842 392 3908 eastris
421 3850 456 3909 et
483 3843 754 3910 ministerialibus
784 3845 855 3911 cius
884 3844 1053 3909 Friderioo
1082 3843 1244 3931 quondam
1272 3845 1460 3931 imperatori
1489 3851 1522 3909 et
1548 3843 1731 3909 fautoribus
1756 3844 1827 3909 eius

170 3945 338 4011 concessit
351 3945 386 4011 in
401 3967 570 4013 enormem
592 3948 739 4034 predicte
760 3949 900 4015 ecclesie
923 3949 1082 4013 lesionem
1100 3954 1134 4012 et
1155 3948 1338 4036 principum
1354 3949 1551 4014 Alamannia
1575 3970 1641 4013 non
1663 3947 1827 4014 modicum

170 4048 387 4137 preiudicinm
419 4054 453 4115 et
482 4072 677 4137 gravamen,
707 4051 950 4138 propterquod
981 4051 1138 4117 transitus
1162 4051 1202 4116 de
1226 4051 1413 4118 Theutonia
1441 4053 1474 4118 iu
1496 4051 1628 4118 Italiam
1656 4058 1723 4116 tam
1746 4051 1827 4138 ipsis

169 4152 376 4241 principibus
407 4154 527 4241 quam¹
554 4156 737 4242 peregrinis
766 4163 800 4222 et
833 4156 905 4219 aliis
938 4155 1060 4221 Christi
1092 4155 1244 4222 fidelibus
1276 4165 1327 4222 cst
1357 4159 1542 4244 preclusus,
1580 4157 1709 4244 aliaque
1741 4157 1828 4222 bona

114 4296 121 4325 2
172 4256 323 4322 eiusdem
346 4257 497 4339 ecclesie,
519 4279 582 4344 que
606 4258 684 4324 olim
708 4266 925 4325 consueverat
948 4261 1107 4325 bonorum
1131 4261 1349 4346 spiritualium
1374 4268 1407 4326 ot
1431 4260 1659 4347 temporalium
1677 4259 1827 4325 ubcrtatc

171 4360 302 4443 florere,
326 4359 412 4426 adeo
435 4359 594 4448 dilapidat
617 4370 651 4428 et
673 4365 845 4444 consumit,
867 4369 904 4428 ut
927 4364 1105 4430 verendum
1130 4365 1182 4443 sit,
1212 4364 1385 4449 quodnisi
1409 4365 1439 4429 oi
1463 4364 1562 4430 aeleri
1586 4362 1730 4428 remedio
1754 4383 1825 4428 suc·

172 4471 339 4546 curratur,
370 4464 584 4552 irreparabile
615 4464 849 4532 detrimentum
878 4466 1033 4532 incurret.
1084 4464 1168 4539 Quia
1195 4488 1273 4533 voro
1304 4468 1364 4532 hec
1394 4488 1467 4532 oum
1490 4466 1563 4532 Deo
1593 4473 1627 4531 ot
1655 4465 1827 4531 honestate

172 4574 284 4633 nostra
312 4565 518 4645 dissimulare
547 4588 612 4633 non
642 4590 817 4657 possumus
848 4590 910 4634 noc
940 4568 1115 4650 debemus,
1139 4591 1217 4652 nos,
1246 4573 1398 4638 volentes
1427 4590 1527 4657 super
1555 4568 1617 4635 hoo
1647 4591 1690 4635 ex
1721 4567 1828 4633 officio

275 4827 301 4893 ⁸)
319 4828 358 4880 11.
369 4828 419 4890 B.‚·
436 4829 462 4881 ai
479 4829 547 4882 deest
564 4828 650 4896 Boyn.
738 4828 763 4893 b)
782 4830 818 4881 H.
831 4830 864 4882 B.
869 4845 879 4894 ;
897 4831 1004 4882 veniens
1021 4830 1108 4898 Rayn.
1196 4831 1219 4897 e)
1239 4832 1276 4882 ita
1293 4832 1325 4882 P.
1343 4839 1367 4883 et
1384 4831 1459 4897 Man,
1476 4832 1520 4898 qni
1537 4830 1726 4897 ineruptionem
1744 4829 1828 4880 ώτιιω

171 4915 293 4973 wmtitr
310 4914 451 4969 'bnilielnin
462 4915 496 4968 B.
593 4912 619 4982 d)
638 4917 670 4968 de
688 4916 756 4970 deest
767 4916 800 4968 B.
888 4916 911 4982 θ)
927 4918 1098 4970 Weirehusan
1110 4919 1141 4971 P.
1154 4927 1178 4971 et
1190 4918 1271 4980 Mara·
1283 4919 1453 4972 Wairehusen
1465 4918 1498 4970 B.
1586 4915 1606 4984 s)
1625 4934 1702 4984 quam
1715 4916 1783 4968 deest
1795 4913 1827 4966 It.

277 5033 304 5099 1)
324 5030 367 5098 Of.
384 5032 486 5088 litteras
502 5037 535 5088 nt
553 5031 660 5089 oidensr
676 5033 818 5104 encyclicas
836 5035 871 5088 ab
888 5034 1044 5102 inperatore
1056 5034 1141 5089 eodan
1157 5036 1212 5102 sere
1223 5039 1333 5103 ternpore
1344 5033 1376 5088 ale
1387 5034 1439 5089 bac
1451 5035 1641 5089 conseminans
1651 5049 1694 5100 ap.
1705 5032 1829 5086 Bolam-

173 5116 279 5186 Fialrtr,
295 5118 313 5172 l.
326 5135 348 5174 a.
360 5124 434 5175 3569.
536 5119 564 5188 2)
582 5118 668 5174 Han
685 5135 738 5174 asae
756 5119 871 5173 abbatent
881 5119 913 5174 de
925 5120 1064 5174 Kanleim
1078 5126 1218 5188 padomum
1234 5120 1266 5175 de
1282 5120 1367 5174 wdern
1378 5122 1413 5188 cs.
1426 5138 1454 5176 n.
1468 5128 1521 5175 179.
1621 5119 1648 5187 3)
1661 5118 1828 5185 Zws'esalten,

173 5206 203 5257 in
219 5222 300 5274 ragno
317 5204 469 5272 Wartemb,
488 5204 667 5275 Danaam,
686 5221 718 5260 ea
735 5222 796 5259 mn.
815 5211 839 5260 et
856 5222 908 5261 oco.
926 5207 974 5260 cie.
994 5206 1128 5274 Enispa.
1236 5207 1263 5274 4)
1286 5206 1321 5261 Ut
1342 5206 1445 5261 sidant
1464 5205 1654 5261 Wettenbnsen
1677 5221 1710 5259 aa
1726 5220 1764 5258 or.
1782 5203 1829 5259 oio.

177 5290 245 5348 Uin.
350 5294 379 5360 5)
397 5291 514 5346 Inttaraa
535 5290 574 5345 aa
594 5291 664 5347 bane
685 5309 739 5346 rans
759 5297 906 5362 medentes
922 5309 1007 5363 neone
1024 5294 1055 5347 in
1074 5293 1138 5362 Ray.
1160 5293 1260 5349 Abanti
1278 5293 1393 5347 Bebaint
1410 5310 1494 5361 nepae
1511 5294 1542 5346 in
1559 5292 1683 5361 meantes
1700 5291 1830 5345 Aranni

117 5406 123 5429 .
174 5381 327 5448 rasorium
368 5378 491 5435 ditatas
507 5397 533 5435 a
555 5386 621 5435 1240
637 5379 705 5450 Sept.
725 5387 741 5435 5
762 5379 887 5449 Greporio
905 5380 956 5434 lx
971 5396 1061 5449 papae
1077 5380 1181 5448 sonpnt
1204 5379 1428 5448 ‘Salaberpernnn
1449 5379 1681 5434 sancimen
1700 5377 1830 5447 qnisoopoe

172 5482 259 5520 omnes
287 5466 343 5521 aias
366 5464 453 5532 [rasis
475 5466 613 5521 canebam
641 5467 823 5535 obsnwnm',
850 5467 891 5522 ita
919 5472 950 5522 nt
975 5467 1086 5521 numios
1112 5468 1144 5521 in
1167 5467 1279 5521 Italiam
1301 5467 1400 5521 mitam
1428 5484 1483 5520 non
1506 5472 1606 5535 posset,
1635 5465 1713 5531 infra
1740 5469 1830 5519 aman

172 5569 222 5620 aa,
240 5568 306 5620 arms
322 5550 414 5607 eodm
429 5567 505 5609 anno
517 5559 580 5623 post
591 5553 695 5623 paedia
710 5554 963 5624 mannassen,
981 5570 1150 5624 mannans,
1166 5554 1316 5623 maumam
1328 5553 1391 5623 [aaa
1401 5553 1494 5622 potius
1511 5553 1632 5623 mons]
1642 5551 1831 5607 asaiam

174 5636 1052 5714 mmmmnmnianananancmeeeam
1071 5641 1153 5694 bam
1170 5637 1830 5709 mnwnicipotest5Hdtler,Alb.o.Beb.p.19.
