4790 6340
223 1520 248 1558 lo

861 388 1061 444 ermionae
1079 386 1274 445 SELECTAE.
1310 390 1387 444 1247.
1893 393 1954 456 287

300 560 456 624 dilectum
485 558 587 623 filium
610 559 812 625 Bardoldum
842 561 883 626 de
907 562 1104 627 Horburchl
1137 565 1329 629 canonicum
1353 563 1645 648 Argentinensem,
1677 563 1954 648 consanguineum

300 664 460 728 dictorum
484 664 652 746 comitum,
682 666 878 750 recipientes
908 668 949 731 ob
981 669 1197 732 reverentiam
1221 669 1401 753 apostolice
1426 667 1514 732 sedis
1539 674 1572 732 et
1595 671 1739 730 nostram
1764 666 1797 730 iu
1820 667 1953 731 canoni-

302 788 377 831 cum
400 773 434 830 et
457 767 490 831 in
506 766 652 848 tratrem,
668 768 870 854 prebendam
894 770 934 848 ei,
958 771 984 834 si
1008 792 1073 855 qua
1096 771 1128 835 in
1145 772 1287 836 ecclesia
1303 779 1411 836 vestra
1435 776 1530 834 vacat
1554 770 1594 833 ad
1612 790 1746 855 presens
1771 771 1823 834 vel
1840 790 1953 854 quarn-

302 872 366 935 cito
391 892 427 935 se
456 869 595 935 facultas
619 871 793 952 obtulerit,
825 872 1006 937 liberaliter
1036 875 1212 938 conferatis
1237 913 1276 922 —-
1307 897 1372 939 nou
1401 876 1576 940 obstante·
1603 879 1693 937 certo
1724 873 1953 937 canonicorum

300 995 438 1038 numera
469 974 652 1039 iuramento
680 975 734 1038 vel
764 975 874 1060 aliqua
896 976 1050 1041 firmitate
1074 977 1209 1058 vallato,
1242 979 1296 1042 vel
1324 978 1351 1042 si
1381 978 1473 1042 vobis
1496 976 1674 1040 direximus
1698 976 1820 1061 scripta
1842 983 1955 1040 nostra

298 1099 357 1165 pra
381 1079 466 1159 aliis,
490 1077 607 1163 quibus
631 1078 823 1143 auctoritate
841 1081 1042 1166 presentium
1066 1083 1217 1146 uolumus
1240 1082 1456 1169 preludioium
1480 1080 1641 1166 generari,
1666 1079 1734 1144 sive
1759 1078 1845 1164 quod
1868 1080 1954 1144 idem

298 1181 337 1247 B.
369 1182 450 1247 alias
473 1181 688 1246 beneficiatus
717 1183 849 1256 existit,
881 1205 941 1247 seu
964 1184 1075 1269 aliqua
1098 1184 1186 1248 sedis
1202 1185 1382 1270 apostolice
1399 1184 1614 1270 indulgentia,
1637 1203 1697 1269 per
1720 1202 1817 1267 quam
1841 1189 1954 1268 posset

297 1284 483 1349 huiusmodi
506 1285 614 1370 gratia
637 1285 806 1352 retardari.
850 1285 1006 1372 Alioquin
1031 1288 1212 1353 venerabili
1235 1288 1328 1352 fratri
1353 1295 1464 1352 nostro
1488 1337 1521 1354 ..
1546 1287 1698 1372 episcopo
1717 1285 1953 1369 Argentiueusi

299 1409 358 1474 per
379 1386 507 1453 litteras
531 1395 660 1453 nostras
683 1389 902 1475 iniungimus,
931 1397 967 1454 ut
995 1391 1066 1477 ipse
1094 1412 1193 1477 super
1216 1391 1278 1456 boc
1301 1391 1490 1456 mandatum
1514 1388 1730 1477 apostolicum
1755 1395 1952 1473 exequatur;

302 1491 561 1556 contradictores
586 1499 647 1557 etc.

407 1613 484 1682 Dat.
507 1613 670 1700 Lugduni,
693 1614 808 1680 Idibus
830 1615 928 1696 Iunii,
951 1636 1037 1680 auno
1060 1621 1186 1700 quarto.

927 1879 1338 1888 Ἢ

1083 2143 1169 2216 393.

404 2239 622 2337 Innocentius
641 2273 700 2337 IV
717 2295 807 2356 papa
838 2275 945 2340 abbati
970 2279 1000 2340 et
1025 2276 1190 2340 conventui
1214 2273 1478 2338 Murbacensr‘bus
1506 2275 1550 2339 art
1570 2296 1679 2358 preces
1699 2279 1853 2364 [Hernici
1875 2283 1954 2369 ΙΗ]

299 2374 435 2454 episcopi
449 2375 693 2457 Arpentinensis
716 2381 746 2440 et
766 2376 807 2442 R.
830 2377 950 2442 domini
971 2379 1008 2442 ele
1029 2377 1182 2463 Ufenberc
1202 2378 1258 2463 [.2]
1280 2377 1421 2455 mandat,
1442 2380 1478 2440 ut
1500 2378 1640 2443 Iohanni
1662 2383 1809 2449 canoniea
1830 2384 1954 2451 Luben-

300 2477 439 2556 tauns,
468 2479 523 2560 qui
544 2483 654 2560 captus
674 2480 774 2561 fuerit
798 2485 828 2546 et
849 2480 969 2546 damna
989 2482 1102 2565 praeta
1123 2481 1311 2546 sustinuerit
1333 2479 1372 2545 ab
1394 2480 1538 2546 recusae
1566 2482 1719 2564 inimicis,
1745 2485 1782 2550 in
1809 2487 1953 2570 bereeficio

300 2582 481 2664 competenti
496 2583 695 2666 provideant.
1597 2590 1690 2667 1247,
1713 2589 1790 2657 Iun.
1814 2595 1865 2659 13.

403 2701 466 2755 Inn.
479 2701 530 2755 IV
539 2703 603 2772 Ray.
622 2703 676 2758 Vol.
690 2705 713 2773 I,
725 2713 794 2773 404,-
810 2705 872 2760 Lab.
885 2705 936 2774 IV,
957 2709 1015 2759 831.
1051 2705 1208 2772 Ecenrplru,
1226 2703 1297 2772 prod
1312 2704 1410 2772 Bauer
1427 2703 1518 2773 edriid,
1538 2720 1598 2759 eam
1616 2706 1734 2776 Repertis
1752 2711 1864 2765 wntulit
1881 2715 1904 2765 et
1921 2727 1954 2766 aa

299 2787 338 2842 ets
354 2788 485 2856 supplent
508 2787 539 2843 V.
553 2788 591 2844 Οι.
610 2791 645 2846 Α.
664 2791 745 2845 Man.

403 2875 501 2944 Beryer
515 2881 591 2932 2829.

306 3021 532 3095 ..abbati
564 3026 606 3094 et
639 3022 886 3096 conventui
920 3021 1293 3096 Morbaeensibus
1326 3021 1500 3094 ordinis
1532 3024 1678 3096 sancti
1714 3024 1953 3099 Benedicti

861 3141 1146 3216 Basiliensis
1173 3141 1393 3215 diocesis,

409 3272 502 3357 (lum,
527 3275 612 3340 siout
634 3274 832 3360 accepimus,
857 3274 998 3339 dilectus
1020 3274 1106 3338 filius
1128 3274 1286 3358 magister
1307 3273 1473 3339 Iohannes
1490 3275 1666 3341 eanonicus
1682 3275 1952 3344 Lubenbacensis

300 3383 415 3464 captus
442 3378 541 3443 fuerit
569 3399 607 3442 ac
631 3379 773 3464 dampna
805 3379 918 3462 gravia
949 3378 1142 3442 sustinuerit
1163 3377 1204 3441 ab
1228 3377 1367 3442 ecclesie
1390 3377 1545 3458 inimicis,
1574 3399 1645 3460 nas,
1671 3381 1819 3445 volentes
1845 3382 1953 3466 ipsum

299 3481 341 3547 ob
365 3482 427 3546 hac
459 3488 493 3546 et
523 3481 659 3546 obtentu
694 3481 894 3547 venerabilis
918 3481 1027 3546 fratris
1056 3482 1159 3546 nostri
1183 3531 1214 3547 ..
1238 3480 1493 3566 Argentineneis
1522 3483 1669 3568 episcopi
1693 3489 1726 3548 et
1748 3484 1868 3548 nobilis
1891 3485 1953 3548 riri

299 3585 341 3651 R.
370 3585 494 3650 domini
523 3584 564 3650 de
587 3583 788 3666 Ufenherc²,
818 3585 913 3649 uobis
941 3605 999 3669 pro
1030 3584 1101 3670 ipsa
1131 3584 1400 3676 supplicantium,
1430 3585 1536 3669 gratia
1563 3586 1717 3670 prosequi
1745 3591 1777 3650 et
1808 3587 1952 3662 suroreb,

301 3689 552 3754 universitatem
580 3693 723 3753 vestram
753 3685 932 3773 rogandam
960 3686 1112 3751 duximus
1137 3693 1170 3751 et
1193 3685 1405 3769 monendam,
1436 3686 1629 3752 mandantes
1661 3688 1814 3773 quatinus
1844 3689 1952 3755 eidam

300 3793 457 3878 magistra
480 3792 621 3856 Iohanni
644 3791 686 3857 ob
703 3792 924 3856 reverentiam
941 3790 1120 3877 apostolice
1146 3789 1232 3855 sedis
1256 3796 1290 3854 et
1305 3796 1468 3855 nostram⁰
1492 3791 1525 3854 iu
1548 3791 1657 3875 aliquo
1680 3792 1840 3858 beneficia
1865 3814 1951 3858 conr·

300 3895 427 3982 petenti
449 3895 490 3960 ad
513 3901 656 3960 vestram
673 3895 881 3961 collationem
898 3900 1082 3980 spectante,
1106 3894 1192 3979 quod
1214 3895 1385 3959 consuevit
1407 3895 1535 3959 clericis
1560 3895 1764 3960 secularibus
1780 3897 1951 3982 assignari,

301 3999 329 4063 si
351 4006 448 4063 vacat
470 3999 512 4064 ad
528 4020 666 4085 presens
688 3999 742 4064 rel
758 4020 856 4084 quarn
872 3999 1012 4084 primum
1029 4005 1091 4063 etc.
1115 4019 1235 4083 usque:
1259 3997 1433 4083 providere
1457 3999 1578 4063 curetis
1595 4037 1636 4048 —
1659 4020 1724 4063 non
1749 3999 1901 4065 obstante
1926 4001 1952 4064 si

300 4103 394 4169 vobis
418 4124 477 4191 pro
500 4104 574 4168 aliis
598 4104 719 4190 scripta
741 4111 855 4168 nostra
877 4103 1068 4184 direximus,
1091 4103 1209 4188 quibus
1232 4102 1427 4166 anctoritate
1450 4104 1652 4187 presentium
1676 4107 1737 4168 etc.
1761 4109 1797 4166 ut
1819 4104 1853 4167 in
1875 4124 1951 4189 pro-

303 4207 393 4272 xima
415 4228 536 4293 usque:
560 4207 727 4273 retardari.
772 4206 928 4291 Alioquin
944 4205 1127 4271 venerabili
1142 4207 1235 4270 fratri
1251 4211 1362 4270 nostru
1388 4205 1616 4272 ..Basiliensi
1637 4205 1815 4291 episcopo³
1838 4206 1952 4272 damus

301 4312 420 4376 uostris
436 4312 555 4377 litteris
577 4311 610 4375 in
626 4311 798 4392 mandatis,
821 4316 857 4375 ut
872 4330 931 4375 vos
947 4308 989 4373 ad
1009 4310 1040 4374 id
1057 4310 1236 4374 monitione
1253 4309 1415 4394 premissa
1430 4330 1489 4395 per
1505 4330 1677 4374 censuram
1694 4310 1952 4374 ecelesiasticam

300 4415 525 4501 appellatione
549 4423 675 4480 remota
698 4417 883 4502 compellat.

408 4535 484 4600 Dat.
509 4542 545 4599 ut
568 4556 676 4622 supra.

920 4658 1332 4668 ....——--—

1084 4885 1170 4959 394.

405 4981 624 5075 Innocentius
634 5008 691 5074 IV
705 5029 798 5090 papa
816 5008 1035 5094 [Moenum
1050 5008 1126 5095 IX]
1147 5029 1247 5091 repem
1262 5008 1422 5074 Francius
1445 5005 1564 5084 laudat,
1587 5005 1669 5087 quod
1690 5006 1775 5069 solas
1796 5006 1832 5068 in
1854 5005 1953 5070 aredio

301 5137 407 5199 repara
429 5119 531 5179 terrae
553 5114 677 5196 cleperit
698 5111 742 5176 ud
762 5131 943 5178 succursum
965 5112 1109 5178 eeclesiae
1131 5132 1195 5176 non
1217 5113 1317 5176 solum
1332 5131 1484 5194 exponere
1498 5109 1707 5175 substantiam
1729 5109 1783 5172 sert
1804 5109 1952 5192 deputare

406 5375 431 5442 ⁸)
449 5394 485 5428 aa
502 5393 555 5428 non
573 5376 638 5428 obst.
658 5395 690 5418 =
708 5373 958 5427 nonobstantibus?
1053 5369 1078 5439 b)
1097 5375 1210 5424 favorem
1228 5371 1261 5424 R.
1350 5369 1374 5438 ⁰)
1393 5378 1480 5422 nostra
1498 5369 1532 5422 Β.

406 5512 432 5579 1)
452 5509 500 5564 Ere
517 5515 579 5578 sept.
598 5514 621 5563 et
638 5525 675 5562 or.
695 5509 742 5564 eia.
762 5508 873 5564 Ootmer.
915 5508 974 5564 Sub
991 5508 1055 5562 Iun.
1069 5515 1086 5562 5
1099 5523 1175 5576 papa
1191 5506 1308 5576 episoma
1325 5505 1517 5575 Aryentmenei
1533 5502 1718 5570 mariaeerat,
1742 5507 1773 5556 ut
1789 5518 1851 5557 eum
1867 5501 1954 5556 eodan

303 5595 435 5664 Batoldo,
455 5596 518 5663 ‘filio
537 5594 658 5648 marani
674 5593 706 5648 de
718 5594 859 5663 Rauen.
877 5609 957 5662 sarpa
969 5594 1126 5662 ριιινιιιιιαιι
1141 5593 1321 5660 &notamen
1337 5591 1515 5659 dispumaret·
1527 5591 1626 5659 Berper
1640 5596 1711 5646 2795.
1824 5589 1851 5657 2)
1869 5588 1954 5643 flua

299 5682 382 5750 subse
394 5687 525 5750 paramus
544 5679 697 5748 liudulfum
714 5679 746 5736 dc
769 5679 904 5750 Usenbcrc,
922 5679 954 5734 dc
969 5695 1022 5749 qao
1040 5679 1071 5747 ct
1089 5695 1117 5735 n.
1136 5686 1190 5733 271.
1295 5677 1322 5743 3)
1341 5676 1492 5732 munao.
