4328 6232
254 343 317 406 370
810 335 857 391 EX
876 334 1094 391 INNOCENTII
1111 334 1151 390 IV
1167 333 1348 391 REGISTRO

252 512 397 599 quenda,
432 519 467 577 tu
502 512 550 576 eis
583 512 776 576 anctoritate
808 517 920 575 nostra
949 510 1110 575 concedas
1138 511 1278 595 aliquem
1308 509 1461 574 devotum
1490 509 1629 575 ecclesio
1658 530 1698 573 ac
1719 513 1902 594 potentem,

253 617 308 703 qui
330 617 410 682 velit
433 623 466 681 et
487 617 598 680 valeat
619 615 709 701 ipsos
732 614 908 680 defendere
932 635 969 678 ac
992 616 1135 699 ipsorum
1159 620 1192 678 et
1214 614 1354 679 ecclesie
1372 613 1539 698 negotium
1554 613 1679 677 utiliter
1695 631 1903 699 promovere,

253 723 323 801 cui,
347 721 561 786 consideratis
586 721 656 785 eius
680 720 846 784 laboribus
869 726 902 783 et
926 719 1098 803 expensis,
1121 719 1162 783 de
1185 717 1280 782 bonis
1304 717 1510 803 episcopatus
1534 723 1568 781 et
1590 716 1815 797 ecclesiarum,
1839 736 1902 800 que

253 825 426 910 collegiata
451 831 543 905 sunt,
567 830 600 888 et
624 824 761 888 aliarum
784 823 924 887 civitatis
949 829 981 887 et
1005 822 1145 887 diocesis
1168 821 1360 886 Basiliensis
1383 821 1576 887 auctoritate
1599 825 1713 885 nostra
1735 818 1905 906 provideri

253 931 366 1010 facias,
389 937 485 1014 prout
508 928 656 993 decuerit
679 935 712 994 et
736 928 877 993 videris*
899 927 1075 1014 expedire3
1098 927 1354 992 contradictores
1377 932 1439 992 etc.

357 1049 433 1115 Dat.
457 1056 494 1116 ut
516 1050 646 1135 supra¹.

871 1188 1283 1200 ——u———n—-u

1032 1450 1119 1526 528.

359 1566 576 1660 haustas
598 1592 655 1657 ru
667 1613 755 1674 papa
781 1590 945 1677 napea
973 1591 1074 1671 orca,
1097 1591 1192 1657 reiro
1205 1590 1371 1676 saissa·
1391 1595 1421 1656 a
1441 1593 1518 1658 aaa
1531 1591 1755 1678 amanis
1767 1591 1908 1657 sacam

255 1701 285 1762 ct
314 1697 421 1762 Vicum
448 1701 478 1761 ct
513 1697 582 1761 alia
614 1701 733 1774 castra,
765 1695 878 1776 quibus
910 1716 931 1759 a
958 1695 1131 1778 capitaneis
1163 1695 1323 1760 Fra'dcrici
1355 1695 1512 1776 quondum
1543 1696 1743 1776 imperatoris
1776 1695 1909 1776 spoliati

251 1800 385 1887 fuerint,
413 1800 559 1878 restitnit,
581 1799 746 1864 conmmrrs
767 1802 803 1860 nt
818 1799 1044 1879 possessionem
1066 1818 1179 1875 amnon,
1202 1818 1298 1880 qnam
1318 1798 1378 1863 cito
1392 1798 1527 1879 possiat,
1547 1798 1780 1882 inprcdiantnr.

358 1920 423 1974 Ian.
437 1919 485 1973 IV
500 1919 561 1988 Rip.
577 1918 632 1972 Vol.
650 1918 675 1986 1,
687 1925 751 1982 ann
773 1917 834 1972 Lao.
852 1918 882 1985 V,
900 1925 959 1973 coa
1520 1905 1613 1982 1248,
1634 1901 1737 1968 Mart.
1760 1908 1816 1969 31.

359 2007 457 2075 Bnper
473 2013 545 2062 3852.

347 2185 590 2259 Nobilibus
616 2183 724 2257 viris
751 2239 761 2257 .
790 2238 800 2258 .
827 2184 1038 2276 prefecto
1065 2185 1214 2272 Urbis,
1240 2184 1373 2259 Petro
1401 2182 1614 2256 Bonifatii
1640 2188 1685 2258 et
1711 2183 1822 2259 aliis

917 2302 1245 2379 PrefectaniS².

363 2454 553 2540 Apostolico
584 2454 672 2520 sodis
698 2453 903 2541 providentia
934 2459 1092 2518 consueta
1118 2453 1320 2518 subditorum
1347 2455 1464 2519 merito
1491 2454 1633 2520 sollertis
1656 2454 1906 2521 deliberationis

259 2560 410 2624 examine
437 2559 584 2637 discutit,
612 2568 646 2624 et
676 2580 738 2645 que
769 2559 904 2622 rationis
933 2557 1053 2623 iudicio
1077 2559 1202 2644 potiora
1224 2558 1358 2638 diffinit,
1380 2559 1579 2645 premiorum
1602 2567 1790 2624 remunerat
1812 2557 1908 2622 retri-

262 2662 395 2726 butione
430 2662 603 2743 maiorum,
637 2662 842 2727 uberioribus
879 2662 935 2725 illa
969 2662 1195 2747 prosequendo
1228 2662 1394 2727 favoribus
1432 2670 1465 2728 st
1502 2663 1668 2728 beneficiis
1705 2662 1909 2749 plenioribus

260 2765 448 2831 attollendo.
493 2766 580 2830 Hiuc
603 2773 668 2845 est,
692 2766 777 2852 quod
802 2787 875 2830 oum
898 2787 955 2830 vos
979 2778 1042 2830 etc.
1071 2774 1105 2831 ut
1134 2788 1233 2852 supra
1262 2768 1294 2831 in
1318 2767 1431 2832 CXIII
1460 2766 1624 2853 capitulol'
1647 2787 1764 2852 usque:
1789 2786 1909 2852 procu·

259 2891 347 2948 rare,
371 2869 489 2934 vestris
524 2869 814 2954 supplicationibus
849 2869 1009 2948 inclinati,
1043 2868 1180 2934 Bledam
1191 2870 1214 2952 ³,
1238 2870 1380 2934 Vicum⁴
1403 2877 1437 2935 et
1465 2871 1530 2934 alia
1560 2878 1668 2935 castra
1689 2877 1803 2934 vestro
1835 2889 1909 2932 cum

259 2973 416 3052 dominio,
440 2972 580 3052 iuribus,
603 2971 781 3036 honoribus
811 2971 989 3037 eorundem
1017 2974 1233 3059 omnibusque
1263 2975 1336 3038 aliis
1365 2975 1584 3061 pertinentiis,
1614 2973 1734 3058 quibus
1757 2971 1909 3037 omnibus

259 3076 420 3162 capitanei
442 3074 601 3139 Friderici
626 3075 786 3161 quondam
810 3077 1013 3163 imperatoris
1029 3099 1097 3158 vos,
1120 3099 1179 3165 pro
1204 3077 1346 3164 eoquod
1364 3084 1478 3143 contra
1492 3078 1601 3164 ipsum
1618 3076 1725 3141 eidem
1740 3074 1907 3141 adheretis

259 3179 409 3259 ecclesie,
434 3179 623 3265 spoliarant,
647 3179 739 3244 vobis
762 3181 944 3266 vestrisque
969 3181 1227 3264 successoribus,
1251 3182 1334 3245 sicut
1356 3204 1396 3246 oa
1426 3181 1583 3246 hactenus
1611 3179 1787 3258 habuistis,
1811 3180 1908 3245 resti·

258 3284 377 3349 tuimus
399 3282 440 3347 de
464 3282 570 3367 gratia
591 3282 736 3369 speciali,
758 3289 871 3348 tenore
890 3285 980 3349 vobis
997 3286 1198 3371 presentium
1215 3285 1443 3364 concedentes,
1468 3293 1503 3349 ut
1517 3283 1740 3370 predictomm
1764 3284 1910 3347 omnium

259 3387 511 3473 possessionem,
535 3387 698 3472 quamcito
721 3387 910 3451 facultatem
933 3387 1122 3472 habueritis,
1144 3389 1247 3454 libere
1268 3387 1395 3468 ingredi
1411 3388 1559 3453 valeatis.
1604 3386 1695 3451 Nulli
1711 3393 1777 3452 eto.
1799 3395 1910 3452 nostra

260 3490 474 3555 restitutionis
498 3497 532 3554 et
555 3490 776 3555 concessionis
799 3497 860 3554 eto.

367 3610 445 3675 Dat.
468 3609 632 3695 Lugduni,
655 3609 689 3673 Π
712 3609 786 3675 Kal.
809 3610 944 3696 Aprilis,
967 3632 1053 3676 anno
1070 3611 1127 3676 V0.

882 3893 1289 3901 -.-——.-——---—

1041 4171 1127 4244 5f9.

369 4283 586 4376 Innocentius
607 4311 663 4376 IV
678 4333 770 4392 papa
789 4313 951 4398 [Geniali]
971 4313 1078 4377 abbat-i
1099 4311 1256 4397 Furfcnsi
1278 4311 1422 4388 manda,
1446 4315 1484 4374 nt
1506 4311 1660 4376 Gnaltcro
1681 4312 1796 4376 clerico
1811 4313 1915 4393 plebis

259 4417 296 4480 de
326 4416 411 4481 Vada
438 4415 641 4480 Faesulanus
671 4415 815 4493 diocesis,
849 4417 905 4496 qai
937 4438 1004 4480 utra
1039 4438 1108 4481 curn
1139 4416 1207 4480 scis
1234 4436 1256 4478 a
1282 4413 1442 4478 Fridorici
1467 4413 1649 4493 [autoribus
1668 4434 1734 4493 pro
1754 4414 1915 4479 dcvotim

261 4521 403 4584 ecclcsiae
425 4519 533 4582 canitis
554 4520 703 4584 irrolcstiis
725 4538 889 4600 oppressus
910 4520 961 4597 sit,
983 4518 1141 4584 omission
1161 4521 1289 4581 sanctae
1310 4516 1489 4580 Felicitatis
1509 4515 1547 4579 de
1560 4517 1709 4599 Aupnsta
1727 4517 1915 4582 Tiburtinae

261 4622 391 4688 diocesis
413 4621 563 4707 conferat.
1528 4621 1623 4698 1248,
1644 4618 1748 4684 Mart.
1772 4625 1828 4686 31.

365 4741 428 4794 Ian.
447 4742 495 4796 IV
509 4741 572 4810 Ray.
590 4742 644 4796 Vol.
663 4743 764 4810 L53o;
782 4741 844 4796 lau
860 4741 891 4811 V,
901 4749 957 4797 822.
993 4742 1144 4811 Epatobm
1161 4757 1194 4795 ec
1213 4740 1330 4809 Rapestis
1346 4737 1482 4807 ebsnipsit
1499 4737 1529 4792 V.
1549 4736 1590 4794 ct.
1609 4737 1641 4793 0.
1659 4737 1691 4792 do
1708 4737 1806 4794 Faue

366 4828 465 4897 Berper
483 4835 556 4884 3870.

369 5075 392 5137 ⁸)
411 5073 504 5124 viderit
522 5072 554 5122 Ji.
658 5071 683 5137 l³)
702 5072 765 5123 llaec
791 5089 830 5138 ep.
857 5090 901 5138 ap.
928 5072 1026 5138 Berpcr
1043 5077 1107 5125 3162
1130 5075 1230 5140 isuepra
1251 5091 1304 5124 non
1323 5075 1478 5140 praebeto&
1501 5073 1546 5124 sed
1563 5074 1641 5124 cerba
1658 5073 1713 5126 sinc
1731 5073 1811 5125 dubio
1827 5072 1914 5125 eaden

257 5160 370 5224 suerunt
387 5167 462 5225 atque
479 5177 561 5226 supra
577 5160 605 5210 in
622 5178 648 5210 n.
666 5163 727 5212 300.

367 5278 393 5340 1)
412 5276 569 5344 &ananim
586 5278 618 5330 in
637 5279 700 5347 Rep.
719 5284 771 5333 trec
789 5296 838 5347 cp,
856 5280 905 5334 aa
922 5280 1008 5335 mdenr
1025 5280 1068 5334 aa
1083 5281 1202 5349 episcopo
1214 5279 1410 5350 Arpantincnoi
1425 5279 1515 5332 albati
1531 5277 1563 5331 dc
1580 5277 1732 5348 Wdtinpaa
1748 5284 1774 5333 ἀ
1789 5280 1909 5348 sinopa

260 5363 411 5431 praeposito
427 5368 451 5416 ot
467 5365 584 5433 comio
602 5365 798 5420 Basilierndus
815 5365 937 5434 dtreotae,
955 5367 986 5419 tn
1001 5368 1119 5433 sarman
1139 5366 1256 5420 Werncri
1272 5366 1391 5420 concerni
1407 5365 1560 5418 amansii
1576 5363 1608 5418 dc
1624 5364 1778 5435 ΜΨ
1794 5365 1909 5434 πῆμα,
1946 5393 1951 5405 -

263 5449 318 5515 ‘qui
345 5449 574 5517 inprotaooendo
599 5452 717 5506 accim
741 5453 843 5521 ncpotio
871 5453 969 5507 laboret
994 5450 1635 5522 mannamndenw'otobid‘mnltomn
1660 5448 1909 5515 mmai-'r

264 5533 361 5601 Bayn
377 5541 452 5603 asos,
469 5542 546 5606 eoos,
564 5545 645 5606 asra·
661 5539 693 5593 de
709 5538 794 5594 adan
808 5539 937 5594 Wnnero
953 5539 984 5606 ct
1002 5546 1069 5594 sorr
1084 5545 1108 5595 a
1125 5546 1196 5596 scor.
1271 5540 1299 5608 ἓ)
1318 5537 1357 5607 ot
1375 5554 1402 5592 n.
1421 5543 1482 5595 334.
1551 5538 1580 5608 3)
1598 5537 1631 5593 Ε
1643 5553 1708 5596 aar.
1725 5537 1776 5599 cin
1792 5535 1908 5596 Vm

263 5619 888 5687 ulnmaaoattcaaauanant'uerlo.
