4328 6232
755 335 802 392 EX
822 334 1041 393 INNOOEN'PII
1059 333 1097 388 IV
1116 331 1299 390 REGIS'I'RO

984 653 1073 728 680.

303 769 521 864 Innocentius
546 794 604 861 IV
616 818 706 881 papa
732 798 872 879 episcopo
901 796 1124 861 Tarracinensi
1153 795 1300 873 manem,
1331 797 1367 858 nt
1393 794 1544 876 magistro
1565 791 1661 856 Pctro
1688 791 1727 856 dc
1750 791 1859 866 Atina,

199 902 346 982 scriptori
366 920 431 979 sno,
453 901 584 982 aliqnod
604 901 641 965 ae
664 900 829 983 beneficiis
850 922 930 983 qaae
953 900 1143 977 Interiora,
1165 919 1260 981 napos
1281 898 1396 962 indicis
1411 897 1537 983 P[etri]
1558 896 1596 961 de
1615 896 1724 975 Vinea,
1748 895 1860 959 bairai

198 1006 236 1069 in
252 1004 421 1085 provincia
447 1003 563 1068 Terrae
584 1002 728 1082 Laboris,
752 1002 904 1088 conferat.
1523 1002 1617 1079 1249,
1641 1001 1724 1080 Apr.
1743 1003 1774 1064 1.

305 1124 367 1177 Ina.
387 1123 434 1176 IV
449 1122 515 1190 Rea.
535 1123 594 1177 Lib.
610 1123 655 1189 VI,
672 1124 750 1191 fido,
768 1140 796 1178 n.
809 1131 868 1178 654.
901 1122 1024 1190 Epistola
1041 1138 1097 1175 non
1116 1125 1329 1175 carcassonen
1347 1120 1461 1175 nnnsenr
1483 1121 1544 1175 lan
1561 1121 1701 1188 rapistroto
1719 1123 1764 1172 ar.

305 1209 432 1277 Pontiae,
454 1209 516 1277 aa.
531 1216 624 1275 13271;
642 1211 739 1279 Beracr
756 1216 831 1264 4644.

686 1445 724 1462 ..
755 1389 985 1481 episcopo
1020 1387 1374 1461 Terracinensi.

311 1537 459 1602 Dilectus
489 1537 575 1602 filius
606 1540 764 1624 magister
791 1539 909 1604 Petrus
938 1538 979 1602 de
1003 1538 1146 1601 Atino⁸¹
1179 1537 1317 1623 scriptor
1346 1542 1459 1601 noster
1487 1538 1520 1601 in
1546 1543 1660 1602 nostra
1691 1538 1863 1624 proposuit

203 1644 368 1730 presentia
391 1642 595 1722 constitutus,
619 1644 705 1729 quod
729 1644 850 1708 dudum
874 1641 915 1707 ad
941 1691 973 1708 ..
998 1643 1149 1707 abbatem
1173 1641 1285 1706 Sancti
1302 1639 1486 1705 Constantii
1508 1640 1548 1705 de
1565 1641 1696 1727 Aquino
1721 1643 1861 1727 eiusque

203 1748 361 1832 collegam
385 1747 519 1810 anobis
543 1746 669 1812 litteras
693 1746 895 1834 impetravit,
924 1768 985 1834 per
1007 1769 1089 1832 quas
1112 1745 1347 1811 mandabamus
1378 1743 1518 1824 eisdem,
1547 1752 1583 1809 ut
1611 1745 1675 1831 ipsi
1699 1747 1861 1831 magistro

203 1851 257 1916 vel
286 1851 490 1937 procuratori
518 1871 576 1914 suo
605 1852 676 1915 eius
707 1852 836 1915 nomine
868 1849 1029 1935 capellam
1060 1849 1172 1914 Sancti
1195 1847 1351 1913 Germani
1380 1847 1421 1913 de
1451 1847 1547 1929 Sora,
1577 1848 1619 1913 ad
1647 1850 1863 1915 collationem

203 1953 331 2018 abbatis
362 1953 551 2018 casinensis
580 1961 618 2019 ut
645 1953 763 2019 dicitur
797 1956 1030 2040 pertinentem,
1066 1959 1176 2017 amoto
1212 1952 1253 2017 ab
1288 1952 1361 2037 ipsa
1388 1951 1413 2017 1.
1445 1952 1562 2017 clerico
1590 1960 1712 2039 nepote
1747 1953 1864 2018 iudicis

203 2056 240 2121 P.
257 2057 297 2121 de
312 2056 450 2139 Vinea²,
475 2059 530 2143 qui
553 2079 626 2122 eam
651 2080 723 2124 cum
748 2059 820 2124 aliis
844 2058 1085 2144 personatibus,
1110 2056 1259 2121 ecclesiis
1286 2062 1320 2119 et
1340 2056 1508 2122 beneficiis
1524 2056 1676 2123 detinere
1691 2056 1866 2122 dicebatur

205 2169 317 2225 contra
341 2161 517 2225 canonicas
546 2162 766 2244 sanctionesl',
795 2163 990 2227 auctoritate
1018 2167 1132 2225 nostra
1160 2160 1406 2226 conterrentes
1430 2162 1536 2247 ipsum
1560 2163 1592 2226 in
1617 2163 1865 2250 possessionem

204 2266 306 2351 ipsius
330 2265 471 2331 ecclesie
495 2265 687 2331 inducerent
717 2267 939 2353 corporalem,
971 2264 1226 2329 contradictores
1250 2261 1365 2351 [eto.]⁰.
1403 2264 1527 2331 Verum
1551 2288 1624 2331 curn
1649 2266 1691 2332 de
1715 2265 1865 2354 predicta

205 2369 334 2455 capella
357 2370 513 2455 scriptum
538 2370 580 2434 sit
603 2391 661 2456 pro
685 2371 750 2434 alio
775 2369 859 2434 siout
881 2370 993 2447 fertur,
1019 2389 1056 2431 ao
1080 2368 1179 2447 etiam
1203 2388 1262 2453 per
1285 2367 1426 2434 eundern
1443 2368 1660 2436 Casinensem
1684 2371 1864 2436 abbatem³

206 2472 288 2537 adeo
321 2473 363 2535 sit
396 2472 429 2536 in
464 2472 724 2558 possessionibus
759 2472 935 2552 diminuta,
975 2472 1062 2558 quod
1097 2491 1196 2556 super
1230 2492 1270 2536 ea
1303 2472 1427 2536 nullum
1462 2479 1519 2537 aut
1552 2474 1716 2540 modicum
1752 2483 1865 2561 speret

206 2575 376 2639 comodum
401 2584 583 2662 reportare,
616 2583 652 2640 ut
682 2581 794 2641 nostra
822 2577 928 2661 gratia
956 2576 1076 2640 effectu
1104 2596 1168 2639 non
1200 2581 1327 2656 careat,
1356 2575 1417 2639 sibi
1446 2579 1540 2663 petiit
1566 2579 1761 2666 suppliciter
1789 2601 1865 2666 pro-

206 2678 318 2743 videri.
363 2678 570 2760 Mandemus,
609 2679 762 2766 quatinus
790 2679 896 2744 eidem
922 2679 1079 2762 magistro
1108 2679 1206 2743 Petro
1235 2679 1409 2743 ecclesiam
1437 2682 1540 2745 sancti
1566 2682 1659 2747 Petri
1686 2683 1727 2747 ad
1754 2683 1866 2748 Cellas

206 2782 388 2847 Teanensis
411 2783 553 2848 diocesis
577 2785 628 2848 vel
657 2782 789 2867 aliquod
819 2781 908 2846 aliud
937 2781 977 2846 de
1008 2781 1179 2846 beneficiis
1202 2781 1230 2847 1.
1252 2783 1386 2867 prefati,
1417 2804 1479 2869 que
1502 2784 1618 2850 habuit
1641 2787 1673 2850 in
1697 2787 1865 2873 provincia

206 2886 309 2951 Terre
332 2885 483 2966 Laboris,
516 2909 589 2952 eum
618 2908 696 2951 cura
722 2886 775 2951 vel
806 2887 876 2951 sine
908 2907 999 2966 curo,
1032 2885 1117 2971 quod
1147 2884 1233 2950 idern
1264 2887 1423 2971 magister
1453 2887 1586 2954 duxerit
1612 2890 1866 2976 acceptandum,

207 2991 404 3055 auctoritate
427 2997 539 3055 nostra
562 2991 713 3056 conseras
736 2995 770 3055 et
792 2990 953 3073 assignes,
976 2990 1150 3076 ipsumque
1173 2989 1226 3054 rel
1249 2998 1494 3075 procuratorem
1518 2993 1598 3071 cius,
1626 3001 1739 3058 amoto
1761 2994 1804 3058 ab
1828 3016 1868 3060 eo

208 3091 295 3157 dioto
325 3092 351 3158 Ι.
382 3093 434 3158 vel
468 3095 533 3159 alio
568 3095 715 3180 quolibet
748 3093 935 3169 detentore,
971 3091 1003 3154 in
1038 3093 1109 3155 eius
1144 3093 1347 3178 corporalem
1381 3097 1626 3180 possessionem
1662 3096 1801 3163 inducas
1836 3103 1870 3163 et

208 3195 366 3262 delendas
390 3197 559 3263 inductum
584 3236 623 3246 —
647 3220 713 3263 non
737 3194 946 3262 obstantibus
970 3195 1057 3281 quod
1081 3194 1167 3261 idern
1198 3198 1356 3281 magister
1385 3199 1466 3263 alias
1495 3199 1710 3267 beneficiatus
1743 3202 1869 3274 existit.

209 3322 267 3366 scu
290 3299 501 3385 indulgentiis
525 3301 773 3388 quibuscunque
797 3301 878 3365 locis
903 3301 955 3365 vel
978 3302 1124 3386 personis
1149 3303 1313 3366 concessis
1337 3311 1394 3368 aut
1428 3305 1545 3371 litteris
1576 3307 1781 3391 apostolicis,
1811 3327 1871 3394 per

207 3425 289 3491 quas
322 3403 508 3470 huiusmodi
541 3406 648 3493 possit
682 3406 789 3492 gratia
822 3404 970 3492 impediri
1006 3411 1040 3470 et
1074 3404 1114 3469 de
1148 3405 1264 3490 quibus
1298 3405 1369 3471 fieri
1405 3416 1555 3495 oporteat
1589 3411 1622 3474 in
1656 3412 1868 3495 presentibus

206 3509 425 3591 mentionem,
450 3536 506 3587 -;
539 3510 794 3575 contradictores
817 3517 880 3576 etc.
924 3508 994 3574 Nos
1018 3508 1105 3574 enim
1129 3508 1335 3575 decernimus
1357 3512 1481 3577 irritum
1505 3521 1539 3578 et
1567 3514 1679 3594 inane,
1714 3514 1868 3600 quicquid

207 3611 294 3677 aliud
318 3613 504 3700 superbiis
527 3621 638 3700 preter
660 3613 850 3679 mandatum
872 3618 1018 3677 nostrum
1043 3613 1218 3697 contigerit
1241 3616 1405 3680 attentari.

315 3734 392 3801 Dat.
416 3734 581 3819 Lugduni,
604 3735 680 3801 Kal.
704 3736 838 3823 Aprilis,
862 3755 946 3799 anno
963 3733 1036 3798 vr.

834 4015 1244 4022 ---..-..-.-.---———-—-———·

315 4388 507 4484 Insanos
530 4416 586 4484 rr
601 4439 707 4503 papa
728 4419 875 4501 55555
896 4419 933 4487 a
956 4421 1107 4505 555555
1129 4422 1224 4488 earo
1247 4421 1359 4490 saner
1384 4424 1513 4510 esaye
1535 4424 1579 4491 aa
1599 4423 1711 4492 resae
1727 4427 1863 4493 aaran

211 4522 342 4589 diacono
363 4522 524 4588 cardinali
545 4523 581 4586 in
603 4543 699 4606 repro
721 4524 853 4591 Siciliae
875 4529 904 4590 ct
927 4525 1028 4591 [tatia
1050 4527 1152 4593 media
1175 4527 1367 4614 conferenda
1389 4529 1533 4612 scraptae.
1570 4539 1574 4544 '
1906 4556 1909 4588 ÷

1444 4634 1538 4712 1249,
1560 4633 1643 4714 Aa.
1661 4637 1785 4702 r-r.

316 4746 381 4800 Inn.
395 4746 442 4800 IV
460 4747 526 4817 Rea.
546 4747 605 4803 Lib.
622 4747 667 4814 VI,
685 4748 705 4815 s.
721 4756 832 4815 70—74,
850 4765 907 4803 cnr.
920 4767 947 4803 a.
961 4756 1070 4805 27-67.
1106 4749 1194 4805 Notae
1211 4751 1409 4821 chronologicae
1426 4753 1599 4823 epistolarem
1616 4755 1701 4809 lenires
1718 4757 1870 4814 collectionis

212 4833 301 4886 minus
318 4837 447 4898 correctae
463 4839 540 4888 sant:
564 4851 612 4889 cae
629 4835 708 4904 solae,
731 4852 799 4904 quae
816 4837 911 4891 litteris
924 4838 1002 4905 plene
1015 4838 1177 4906 perscriptae
1193 4839 1327 4908 leprcntnr,
1352 4856 1425 4893 cerac
1446 4845 1517 4909 arnt,
1542 4841 1617 4894 rerba
1635 4842 1710 4896 ‘Dat
1730 4851 1762 4897 nr
1779 4846 1869 4913 aspra·

208 4935 261 4987 pro
278 4919 348 4972 noea
370 4919 478 4973 incertis
499 4921 581 4974 terreri
601 4927 714 4989 arronem
735 4924 768 4988 cf.
787 4923 823 4978 N.
836 4925 871 4978 A.
889 4929 906 4978 t.
922 4924 959 4992 X,
974 4942 1003 4993 p,
1015 4933 1062 4979 556
1080 4930 1104 4978 et
1122 4941 1192 4993 seqre
1229 4925 1278 4978 Ea
1294 4926 1328 4978 iis
1346 4925 1426 4993 eninr,
1449 4943 1518 4994 qnae
1536 4927 1567 4980 in
1586 4944 1625 4995 ep.
1644 4930 1826 4996 continentnr,
1849 4935 1870 4984 ct

212 5019 244 5056 ae
268 5003 336 5055 reatus
357 5003 471 5059 armar.
485 5005 638 5073 perscriptas
660 5006 828 5075 intellegimus
846 5008 926 5062 Petro
943 5009 1063 5077 primam
1085 5010 1239 5079 lepotionern
1261 5011 1292 5063 in
1309 5026 1390 5078 roano
1409 5012 1517 5065 Siciliae
1535 5018 1557 5065 ct
1575 5015 1713 5068 rectoriam
1732 5016 1870 5069 Marciaue

212 5089 382 5157 etDacatns,
401 5090 565 5158 maeoniae
582 5097 605 5144 et
620 5091 775 5146 Maritimae
792 5098 816 5146 et
830 5093 993 5147 Patrimonii
1011 5095 1041 5147 ia
1055 5094 1152 5148 Treecia
1170 5095 1326 5163 ammissa,
1342 5097 1523 5163 postenniaco
1536 5098 1688 5165 lepatimsem
1700 5100 1732 5152 ia
1747 5101 1870 5154 Morclsio

319 5230 329 5237 ι
357 5230 549 5238 —·-·--—-—--
1216 5239 1222 5243 -

1226 5240 1270 5244 —·
1503 5241 1698 5249 -—.....-——.--

318 5330 343 5396 ⁸)
361 5333 424 5385 Atir'r
442 5332 475 5384 R.
581 5333 606 5396 b)
625 5336 670 5386 tin
690 5351 705 5385 c
722 5351 848 5401 separer.
956 5340 980 5399 ο)
998 5346 1047 5388 eto.
1065 5338 1133 5389 deest
1151 5338 1183 5389 B.

318 5468 345 5533 1)
360 5466 398 5533 Ofi
418 5484 445 5523 n.
458 5475 513 5524 598.
601 5469 629 5537 2)
649 5468 746 5523 Petrus
763 5469 818 5523 iam
835 5485 921 5524 anetae
935 5470 998 5525 lan.
1016 5479 1127 5527 eminae
1144 5474 1182 5528 ret
1194 5473 1272 5531 Febr.
1285 5476 1392 5530 inarrete
1408 5481 1439 5530 at
1453 5476 1578 5544 proditor
1594 5478 1763 5547 imperem
1779 5486 1870 5549 mmor

212 5551 318 5620 fream
335 5552 562 5623 namo-maer,
581 5555 599 5608 l.
610 5570 632 5610 e.
649 5561 744 5611 erosa.
837 5558 865 5625 3)
884 5555 1026 5626 Ern'stotoe
1046 5559 1214 5628 imperatoris
1236 5562 1268 5615 in
1282 5562 1398 5628 sororem
1415 5563 1569 5617 maerere
1587 5563 1745 5620 mensas
1761 5568 1871 5636 empne

214 5654 259 5707 ap.
275 5637 506 5708 aona-maer,
525 5641 543 5697 r,
555 5656 575 5696 c.
593 5647 671 5710 soso,
690 5648 764 5710 soor,
782 5648 855 5711 erro,
875 5649 947 5712 serr,
964 5650 1037 5701 eser.
