4328 6232
837 338 1039 395 nPrsronan
1057 341 1248 398 saumana.
1285 342 1361 398 1246.

484 604 525 623 ..
553 549 703 625 abbati
729 551 780 625 de
808 551 1046 628 Steinvelt¹
1073 555 1515 631 Promonstratensis
1544 555 1719 630 ordinis

823 671 1116 748 Coloniensis
1148 676 1373 751 diocesis‘l.

378 817 500 882 Nostra
522 819 611 885 circa
638 821 857 906 provisionem
888 823 1019 887 illorum
1048 846 1121 889 oum
1150 824 1264 891 farore
1295 825 1392 911 dirigi
1421 826 1521 890 dehet
1548 826 1694 906 affectio,
1725 827 1758 890 in
1789 846 1926 913 quorum

278 919 433 984 desiderio
456 922 592 1007 geritur,
615 922 701 1008 quod
725 923 870 1008 ipsorum
893 925 1060 992 humilitas
1084 927 1200 992 divinis
1224 925 1377 995 laudibus
1406 929 1597 994 ascribatur.
1642 928 1730 993 Hinc
1754 935 1816 1011 ost,
1840 931 1926 1016 quod

234 1045 242 1079 s
278 1046 326 1108 pro
342 1023 464 1089 dilecto
480 1025 547 1090 filio
557 1025 782 1092 Thelemanno
799 1029 921 1093 scolari
935 1028 1182 1116 Epternaoonsi‚
1199 1033 1343 1098 clericali
1359 1032 1479 1097 ascribi
1496 1033 1609 1097 militie
1626 1034 1790 1119 cupiente,
1808 1032 1848 1097 de
1863 1054 1926 1119 quo

276 1127 362 1191 nobis
394 1127 560 1194 laudabile
592 1129 815 1196 testimonium
847 1129 1056 1217 perhibetur,
1092 1139 1229 1220 optentu
1259 1134 1454 1200 dilectorum
1484 1134 1626 1199 filiorum
1657 1135 1863 1200 scabinorum
1894 1141 1928 1200 et

274 1230 496 1296 universitatis
519 1229 815 1318 Epternaoensium
831 1233 1048 1301 Treverensis
1073 1235 1222 1318 diocesis,
1246 1238 1344 1303 nobis
1374 1259 1431 1325 pro
1454 1239 1526 1325 ipso
1550 1259 1666 1324 preces
1689 1237 1929 1325 porrigentium

273 1335 448 1422 speciales,
479 1332 690 1418 mandamus,
722 1336 875 1422 quatinus
908 1337 1051 1404 cundem
1083 1339 1117 1403 in
1145 1340 1256 1426 aliqua
1284 1342 1494 1406 ecclesiarum
1524 1341 1666 1406 civitatis
1703 1341 1756 1405 rel
1788 1340 1929 1406 diocesis

274 1437 499 1521 Treverehsia
523 1438 702 1505 cathedrali
725 1439 888 1506 duntaxat
911 1448 1067 1529 excepta,
1102 1443 1203 1509 facias
1226 1445 1259 1509 in
1283 1444 1476 1509 canonicum
1501 1451 1535 1509 et
1557 1444 1590 1508 in
1613 1443 1746 1509 fratrem
1769 1445 1871 1535 recipi
1889 1466 1929 1510 ao

223 1565 239 1603 n
273 1541 332 1606 sibi
361 1539 405 1607 de
434 1540 620 1629 prebenda,
650 1544 814 1629 quamcito
842 1565 879 1609 se
910 1544 1051 1610 facultas
1084 1546 1250 1633 optulerit,
1282 1547 1447 1634 provideri
1471 1567 1602 1611 -non
1632 1547 1806 1612 obstante·
1837 1553 1929 1613 certo

273 1646 502 1711 canonicorum
525 1666 659 1712 numero
678 1647 869 1732 juramento
892 1670 952 1714 sou
974 1669 1180 1736 quacumque
1203 1650 1356 1716 firmitate
1387 1651 1524 1727 vallato,
1558 1656 1615 1714 aut
1644 1650 1672 1713 si
1702 1670 1761 1736 pro
1790 1650 1863 1715 aliis
1895 1651 1929 1715 in

273 1749 428 1830 eeclesia,
458 1749 492 1815 in
520 1771 586 1837 qua
605 1750 668 1817 sibi
690 1749 826 1817 duxeris
848 1752 1099 1839 providendum,
1130 1752 1311 1819 direximus
1338 1755 1461 1840 scripta
1486 1759 1608 1834 nostra,
1632 1753 1751 1839 quibus
1778 1755 1929 1819 nolumus

273 1854 470 1919 anctoritate
494 1856 694 1942 presentium
716 1855 933 1944 preiudioium
956 1858 1106 1942 generari
1129 1882 1189 1935 -;
1213 1857 1469 1923 contradictores
1492 1862 1557 1923 eto.

382 1973 460 2041 Dat.
483 1975 647 2061 Lugduni,
670 1975 741 2040 VII
763 1974 843 2040 Idus
866 1975 950 2057 Iulii,
974 1998 1059 2042 anno
1082 1977 1130 2041 IV
1140 1978 1163 2043 ³.

1061 2444 1149 2519 aad.

204 2600 225 2637 ¹³
380 2559 599 2654 Innocentius
621 2582 677 2650 IV
697 2605 789 2666 popa
810 2583 981 2669 [Roberto]
1007 2585 1147 2666 episcopo
1168 2585 1336 2650 Laodiceni
1362 2586 1566 2651 contrahendi
1588 2590 1729 2650 nanuum
1746 2607 1808 2667 pro
1830 2588 1931 2651 irrisui

274 2694 368 2755 neate
388 2689 509 2771 annio
529 2688 674 2754 amnuo
694 2709 792 2772 usquc
814 2688 858 2754 ud
878 2709 1040 2768 summum,
1063 2711 1157 2770 quum
1179 2691 1325 2771 wertina
1346 2689 1468 2768 siferd,
1487 2689 1674 2774 focrdtatcnr
1695 2690 1841 2756 curaedit.

1593 2798 1687 2873 1246,
1710 2794 1775 2861 Iul.
1793 2797 1843 2860 10.

381 2897 444 2950 nis.
457 2895 503 2950 IV
520 2895 586 2966 Rep.
602 2895 656 2949 Vol.
670 2896 769 2963 I,309;
792 2894 850 2950 Lo.
864 2896 915 2964 IV,
928 2903 950 2950 2.
989 2896 1092 2951 Pertnii
1114 2899 1248 2966 amplas
1269 2898 1429 2952 cordatiores
1452 2913 1512 2950 curn
1536 2896 1677 2964 Shurdeu,
1702 2897 1773 2950 Bau.
1794 2895 1932 2950 maruno.

276 2989 295 3037 t.
309 2983 332 3051 L
346 3000 376 3052 p.
388 2989 445 3050 419,
461 2999 490 3036 sa
504 2989 557 3037 141.

201 3080 226 3120 n
384 3068 516 3137 Poenas,
536 3067 601 3137 Ray.
615 3076 708 3132 nara·
726 3069 825 3139 Berua
837 3076 906 3125 1997.

810 3284 851 3306 ..
878 3230 1108 3324 episcopo
1135 3230 1404 3306 Leodiensi.

387 3380 487 3459 Cum,
514 3379 658 3446 sicutte
687 3379 876 3466 accepimus
903 3380 1092 3462 intimante,
1124 3402 1184 3468 pro
1213 3381 1406 3445 imminente
1433 3380 1567 3464 negotio
1597 3380 1737 3444 ecclesio
1765 3379 1877 3464 gravia
1898 3383 1932 3443 te

279 3485 390 3551 subire
414 3491 565 3572 oporteat
588 3504 689 3575 onera
711 3503 945 3568 expensarum,
969 3505 1044 3562 nos,
1069 3483 1255 3549 devotionis
1279 3491 1334 3549 tue
1357 3482 1513 3570 precibus
1535 3483 1695 3564 inclinati,
1720 3481 1933 3548 contrahendi

281 3596 429 3654 mutuum
445 3588 486 3653 de
502 3588 636 3653 eonsiho
655 3595 688 3653 et
705 3607 843 3653 assensu
859 3587 1051 3653 dilectorum
1069 3588 1210 3653 filiorum
1228 3588 1384 3674 ..prioris
1399 3587 1647 3652 Prodioatorum
1663 3592 1697 3651 et
1713 3634 1720 3651 .
1738 3634 1745 3650 .
1762 3585 1934 3671 guardiani

201 3721 228 3760 ss
281 3694 445 3759 Minorum
471 3692 607 3757 fratrum
623 3691 856 3758 Leodiensium
879 3712 982 3778 usque
1005 3691 1046 3757 ad
1063 3713 1234 3771 summam,
1259 3712 1356 3776 quam
1373 3690 1531 3777 expedire
1547 3690 1678 3769 videris,
1702 3712 1739 3753 ao
1762 3689 1836 3768 illis,
1861 3709 1934 3752 cum

278 3796 396 3883 quibus
423 3795 644 3878 contraxeris,
672 3795 801 3882 aliquab
828 3803 962 3883 propter
991 3796 1052 3860 hoc
1081 3795 1122 3861 de
1152 3797 1200 3861 tui
1231 3796 1445 3882 episcopatus
1472 3792 1740 3881 possessionibus
1768 3791 1936 3876 obligandi

279 3901 414 3988 plenam
435 3899 497 3965 tihi
519 3897 728 3965 concedimus
751 3901 947 3964 auctoritate
969 3899 1171 3986 presentium
1195 3899 1396 3965 facultatem.

389 4020 465 4086 Dat.
488 4018 653 4107 Lugduni,
676 4018 725 4084 VI
747 4018 827 4085 Idus
852 4018 937 4099 Iulii,
961 4039 1046 4085 anno
1069 4025 1186 4104 quarto
1195 4020 1218 4085 ⁴.

907 4246 1239 4255 ——u———u—.-—

1069 4486 1156 4563 225.

388 4604 771 4711 Ismtinlupopa
785 4628 892 4694 acuti·
907 4627 1019 4694 sanus
1037 4628 1165 4711 amau
1182 4627 1322 4693 Maura
1336 4624 1680 4703 cruentabantur,
1702 4628 1738 4688 n
1751 4624 1939 4710 [renisu]

206 4764 233 4804 so
285 4736 424 4819 epuoopo
437 4735 605 4813 rumano,
627 4733 683 4816 qui
696 4732 735 4800 de
749 4733 928 4815 niscopotu
949 4752 1005 4797 esso
1019 4732 1138 4799 dudum
1148 4753 1208 4814 per
1224 4733 1343 4798 balivos
1358 4731 1553 4815 F[ridorioi]
1569 4730 1725 4812 qnondam
1740 4729 1939 4810 imperatoris

389 4998 414 5065 ⁸)
433 5016 470 5051 on
486 5015 539 5051 non
557 4998 622 5050 obst.
642 5016 674 5040 =
693 4994 941 5047 nonobstantibus?
1026 4991 1051 5059 b)
1069 4994 1181 5061 aliquam
1195 4992 1239 5045 St.

391 5134 418 5202 l)
438 5131 578 5202 Rea-Bes.
590 5129 708 5198 Aeeten,
727 5128 781 5183 Kr.
793 5127 935 5183 Seldeiden
1005 5130 1033 5196 2)
1052 5127 1142 5182 Abdus
1158 5143 1215 5182 non
1231 5126 1315 5180 multo
1328 5131 1390 5195 post
1407 5131 1530 5180 mutuus
1548 5140 1601 5180 esse
1617 5126 1654 5179 rai
1664 5125 1810 5192 raimone
1824 5121 1939 5186 sunum

286 5236 353 5275 nost
375 5219 426 5274 aab
446 5217 515 5273 Non.
531 5225 548 5272 a
566 5233 643 5286 papa
666 5215 788 5272 ware
811 5216 975 5285 presbytero,
1005 5215 1133 5268 muciano
1159 5213 1310 5266 mannii
1332 5211 1525 5266 ‘Sterndsnaie'
1546 5211 1649 5265 asebnia
1671 5209 1941 5263 namuurum

288 5304 449 5361 Οᾱοπίαοὺ
465 5303 582 5375 diocesia
601 5302 722 5371 indsdsit
740 5309 771 5356 ut
788 5302 869 5356 obbas
886 5301 1001 5355 sinam
1018 5301 1170 5355 rnonusteni
1185 5300 1244 5366 fieri
1256 5304 1351 5368 posset
1370 5300 1489 5367 qrsamcn
1508 5298 1540 5353 de
1558 5297 1672 5351 Maeona
1689 5302 1714 5350 st
1730 5296 1821 5350 soluto
1835 5295 1941 5364 pendite

207 5409 235 5447 as
286 5396 364 5457 Μς
387 5390 497 5462 Bana,
517 5397 593 5447 2208.
667 5391 695 5459 3)
720 5388 984 5457 AnBeryer2805,
1005 5394 1125 5455 a.1247,
1152 5384 1231 5440 Febr.
1252 5395 1280 5454 5,
1306 5385 1513 5439 ‘lhdnnuunns
1538 5383 1683 5437 concodeus
1710 5382 1803 5437 Sanni
1825 5381 1942 5436 Paulini

289 5476 462 5533 limeis'
480 5475 604 5532 matri.
694 5476 722 5542 4)
747 5474 803 5528 Sub
828 5481 949 5542 a.1246,
977 5473 1047 5542 Sept.
1066 5480 1100 5527 27
1124 5473 1273 5540 diuinus,
1296 5472 1433 5541 pennae
1459 5476 1482 5525 et
1506 5470 1598 5523 noteris
1617 5469 1742 5538 maenis
1766 5468 1942 5523 mannen

288 5561 450 5621 m
463 5560 581 5617 m
596 5566 622 5617 et
637 5561 746 5617 diocesia
762 5560 908 5628 mandunt,
930 5564 962 5613 nt
979 5560 1095 5629 φίεσορο
1108 5575 1161 5630 pro
1178 5558 1278 5612 andrus
1294 5557 1433 5612 wanliam
1450 5562 1475 5610 et
1492 5555 1628 5609 auxilium
1646 5555 1678 5608 in
1696 5554 1808 5624 nuntiis
1824 5555 1943 5610 ascen

282 5647 451 5723 md
567 5643 1521 5718 suaa50trreu.ltpecopseaodanmnoou.1ononmnat
