4328 6232
240 349 280 411 98
791 343 838 396 EX
856 342 1074 398 INNOCENTII
1092 342 1131 396 lv
1150 339 1332 394 anemurio

238 541 258 583 a
282 526 442 603 tempore,
475 538 539 602 quo
563 515 728 603 predictas
753 516 902 581 dedimus
926 516 1068 594 litteras,
1093 520 1333 601 computentur.
1379 513 1432 578 Ad
1456 514 1519 578 hee
1542 515 1711 589 volumus,
1735 519 1772 577 ut
1796 514 1901 578 altera

239 621 395 707 partium,
426 641 490 706 que
519 621 625 706 primo
655 621 856 705 presentiam
881 626 1022 683 vestram
1054 618 1187 697 adierit,
1218 640 1282 681 non
1314 618 1376 681 nisi
1400 639 1461 703 per
1482 618 1579 681 unius
1604 619 1728 683 mensis
1753 617 1899 704 spacium

239 730 389 789 teneatur
419 725 580 808 reliquam
609 729 798 808 expectare.
845 723 880 786 Si
903 745 979 788 vero
1007 744 1084 809 pars
1112 723 1233 807 prefati
1256 721 1414 786 Iohannis
1438 729 1544 785 testes
1567 721 1695 808 aliquos
1719 722 1761 786 ad
1786 745 1899 808 repro·

240 827 382 894 bandum
406 829 490 909 illos,
514 828 569 914 qui
592 827 715 892 suerint
737 848 796 912 pro
813 827 914 912 ipsius
927 826 1090 891 Willelmi
1106 832 1198 911 parte
1216 826 1353 909 recepti,
1376 824 1557 910 producere
1575 847 1684 889 coram
1703 826 1797 911 vobis
1814 827 1900 892 torte

240 931 389 1011 voluerit,
412 953 472 995 vos
488 952 557 1011 eos,
582 931 610 995 si
635 931 755 996 fuerint
772 930 901 1016 ydonei,
924 930 1104 1017 prudenter
1120 930 1205 993 infra
1221 951 1369 994 mensem
1387 951 1486 993 unum
1504 930 1651 1014 recipere
1669 951 1708 993 ac
1724 929 1902 1014 diligenter

240 1036 428 1099 examinare
453 1034 635 1114 studentes,
659 1036 803 1120 ipsorum
825 1033 1032 1121 postmodum
1056 1033 1143 1097 dicta
1167 1033 1228 1097 sub
1252 1033 1369 1118 sigillis
1386 1033 1504 1097 vestris
1522 1033 1616 1098 nobis
1633 1033 1778 1097 fideliter
1793 1041 1900 1098 trans·

143 1161 149 1170 ·
240 1138 378 1203 mittatis
401 1139 537 1203 inclusa.
583 1136 680 1212 Quod
703 1138 731 1201 si
754 1159 819 1203 non
843 1138 939 1202 ambo
963 1145 1026 1202 ete.
1140 1138 1143 1143 ’

349 1259 427 1325 Dat.
450 1258 615 1345 Lugduni,
639 1259 692 1322 HI
714 1258 793 1324 Idus
816 1259 968 1344 Augusti,
992 1279 1076 1323 anno
1099 1258 1207 1322 tertio.

1031 1678 1116 1750 130.

347 1776 565 1868 Innocentius
580 1800 637 1866 IV
649 1822 741 1882 papa
760 1800 904 1884 [Vitati]
924 1801 1154 1884 archiepiscope
1174 1799 1295 1863 Pisano
1316 1801 1487 1877 coarmittit,
1516 1806 1551 1862 at
1573 1803 1906 1865 excommunicationis

242 1911 272 1970 et
299 1905 458 1992 interdicti
484 1906 655 1969 sententias
683 1905 719 1967 in
742 1903 879 1968 Pisanos
905 1905 992 1968 tatas
1020 1905 1155 1981 relaxet,
1187 1903 1216 1968 si
1239 1903 1276 1966 de
1301 1903 1415 1967 starrdo
1441 1903 1605 1967 arramtatis
1634 1906 1779 1969 cmtcsiac
1809 1925 1906 1988 saper

243 2011 384 2093 wptimsa
408 2009 625 2092 praelatorum
656 2007 700 2071 ad
726 2008 890 2072 conciliant
917 2008 1107 2071 uenierniam
1137 2008 1310 2071 occationem
1328 2008 1550 2087 praestiterint
1572 2013 1601 2071 et
1622 2013 1729 2072 caetra
1761 2010 1908 2074 ecclesia

245 2112 396 2177 Lucanae
417 2111 542 2175 atara
563 2112 664 2177 alicui
684 2112 853 2189 cardinali,
876 2111 971 2175 danae
992 2110 1037 2175 ad
1057 2131 1133 2192 qaas
1149 2112 1333 2194 pertineant
1354 2115 1564 2193 malecauta-r,
1587 2113 1833 2194 assianaueriat.

1546 2216 1640 2292 1245,
1665 2215 1747 2297 Ana.
1765 2220 1817 2279 16.

350 2332 416 2386 Ian.
430 2331 451 2385 I
454 2331 480 2385 V
494 2333 556 2401 Rea.
576 2331 893 2400 V01.1‚301‚·1a.111,
911 2348 968 2386 car.
982 2342 1002 2386 1.
1040 2331 1148 2386 Βαηιιιε
1165 2348 1197 2386 aa
1216 2332 1308 2402 Raya.
1327 2333 1402 2385 Ana.
1423 2334 1480 2386 aad.
1499 2337 1693 2399 a.1245,§66.

348 2418 478 2485 Potina,
496 2419 558 2487 Ray.
573 2426 664 2485 11806,·
682 2419 780 2486 Bauer
793 2424 860 2473 1966.
1063 2439 1072 2451 ‘

757 2637 796 2655 ..
824 2581 1179 2674 archiepiscope
1206 2578 1389 2655 Pisana.

104 2753 234 2802 rmum.
354 2730 517 2805 Quoniam
540 2732 645 2795 maius
669 2737 720 2796 est
742 2732 870 2816 angelis
885 2731 951 2797 Dei
973 2730 1129 2816 gaudium
1151 2753 1251 2817 super
1274 2753 1338 2796 uno
1362 2741 1482 2817 agente
1499 2735 1713 2818 penitentiam
1731 2742 1909 2821 peccatore

250 2856 347 2920 quarn
381 2856 483 2921 super
515 2836 693 2919 nonaginta
724 2857 843 2901 novem
876 2837 984 2916 iustis,
1019 2836 1074 2920 qui
1108 2841 1290 2899 noscuntur
1320 2837 1502 2921 penitentia
1531 2859 1595 2901 non
1631 2825 1747 2922 egere,
1781 2859 1910 2924 nosque

248 2939 440 3003 affectamus
470 2961 513 3004 ex
540 2939 638 3004 corde
668 2940 918 3004 conversionem
949 2939 1129 3003 errantium
1157 2939 1312 3021 liliorum,
1344 2946 1376 3005 te
1410 2942 1505 3005 nobis
1534 2941 1699 3006 referente
1729 2949 1910 3028 comperto,

248 3041 336 3127 quod
363 3043 450 3107 cives
472 3043 584 3107 Pisani
612 3043 653 3107 ad
684 3043 837 3108 ecclesie·
854 3042 960 3108 redire
992 3042 1180 3108 desiderant
1207 3045 1380 3124 unitatem,
1411 3045 1514 3130 ipsius
1539 3045 1704 3110 mandatis
1727 3053 1762 3110 et
1784 3047 1909 3111 nostris

248 3153 336 3211 stare
366 3149 472 3234 parati
504 3168 603 3232 super
631 3148 784 3232 captione
816 3168 854 3212 ae
879 3147 1075 3232 spoliatione
1099 3147 1299 3232 prelatorum
1325 3154 1359 3212 ot
1381 3149 1516 3212 aliomm
1542 3149 1656 3229 ctiam,
1688 3150 1743 3235 qui
1766 3150 1847 3214 olim
1870 3150 1912 3215 ad

247 3251 430 3336 apostolice
460 3251 548 3317 sedis
579 3251 751 3316 concilium
780 3251 971 3331 veniebant,
1006 3258 1039 3315 et
1070 3256 1251 3315 castrorum
1281 3252 1423 3316 ecclesie
1446 3252 1580 3316 Lucane
1614 3253 1822 3333 detentione,
1853 3276 1912 3341 pro

248 3354 366 3438 quibus
400 3354 498 3420 iidem
532 3357 620 3421 cives
651 3358 780 3421 vinculo
816 3363 891 3421 sunt
929 3355 1279 3421 excommunicationis
1316 3357 1464 3421 adstricti
1500 3365 1534 3421 et
1566 3378 1680 3422 eorum
1711 3358 1830 3422 civitas
1863 3367 1914 3424 est

250 3460 419 3543 supposita
442 3459 668 3524 ecclesiastico
691 3460 865 3525 interdicto
879 3461 905 3523 ¹:
929 3460 1128 3524 fraternitati
1144 3466 1210 3540 tue,
1235 3459 1276 3523 de
1292 3481 1356 3545 qua
1373 3460 1533 3524 sinceram
1551 3461 1584 3524 in
1598 3458 1741 3526 Domino
1757 3462 1910 3527 fiduciam

249 3560 450 3641 obtinemus,
482 3583 542 3648 per
568 3564 747 3649 apostolica
775 3564 897 3649 scripta
925 3564 1158 3628 committimus
1186 3570 1220 3627 et
1252 3562 1457 3642 mandamus,
1488 3565 1641 3650 quatinus
1665 3566 1693 3629 si
1717 3565 1798 3629 dicti
1822 3566 1911 3631 cives

249 3663 291 3727 dc
323 3664 438 3728 stando
468 3671 502 3729 et
532 3666 677 3751 parendo
710 3667 838 3752 precise
869 3672 903 3731 et
939 3667 1090 3731 absolute
1123 3688 1222 3752 super
1255 3669 1406 3752 captione
1431 3675 1465 3732 ct
1488 3669 1686 3752 spoliatione
1709 3669 1912 3754 prelatorum

248 3768 451 3853 aliorumque
480 3770 670 3856 prescriptis
694 3771 834 3835 ecclesie
857 3770 1019 3835 mandatis
1042 3779 1076 3834 et
1101 3772 1221 3835 nostris
1245 3771 1462 3836 sufficientem
1486 3771 1546 3835 tibi
1569 3773 1776 3857 prostiterint
1799 3779 1911 3838 nostro

252 3872 382 3937 nomine
406 3874 600 3953 cautionem,
623 3882 657 3938 ct
680 3874 766 3960 quod
789 3874 971 3960 apostolice
996 3873 1066 3937 sedi
1085 3896 1159 3938 eum
1175 3874 1249 3938 aliis
1265 3875 1328 3939 sibi
1343 3874 1498 3939 fidelibus
1514 3874 1732 3955 adherebunt,
1756 3876 1786 3939 si
1805 3883 1913 3942 castra

252 3976 309 4040 illa
337 3977 478 4042 ecclesie
501 3977 636 4043 Lucane
665 3977 829 4063 predicte,
859 3998 922 4061 quc
951 3984 1082 4057 teuent,
1114 3978 1213 4042 alicui
1236 3979 1375 4043 ecclesie
1399 3977 1548 4043 Romane
1572 3978 1818 4062 assignaverint
1840 4001 1911 4043 car-

251 4077 367 4159 dinali,
400 4100 495 4165 quem
523 4080 587 4164 ipsi
616 4078 769 4144 duxerint
799 4078 1003 4164 eligendum,
1036 4102 1096 4165 per
1126 4101 1200 4144 oum
1229 4079 1342 4144 tandiu
1370 4079 1564 4161 detinenda,
1596 4081 1698 4146 donoc
1730 4090 1841 4147 utrum
1870 4104 1909 4147 ea

251 4183 436 4269 pertineant
458 4182 500 4247 ad
522 4184 586 4248 iam
611 4183 731 4247 dictam
754 4183 922 4247 Lucanam
945 4183 1119 4247 ecelesiam
1142 4185 1195 4247 vel
1219 4183 1260 4247 ad
1285 4184 1385 4268 ipsos,
1410 4183 1556 4268 legitime
1580 4192 1812 4269 cognoscatur,
1835 4209 1907 4273 pre-

252 4288 326 4352 fatis
363 4285 487 4351 civibus
529 4309 629 4373 super
668 4287 1005 4352 excommunicatione
1040 4287 1203 4372 premissa
1239 4288 1331 4351 iuxta
1367 4287 1502 4350 formam
1539 4288 1681 4352 ecclesie
1715 4289 1909 4353 beneficium

252 4393 467 4458 absolutionis
490 4392 660 4478 impendas
684 4401 718 4456 et
740 4391 894 4478 prelibati
918 4392 1050 4456 relaxes
1073 4392 1272 4456 sententiam
1295 4390 1460 4455 interdicti
1471 4390 1495 4456 ².

359 4514 436 4579 Dat
458 4513 622 4599 Lugduni,
645 4513 746 4578 XVII
768 4512 845 4580 Kal.
868 4511 960 4598 Sept
983 4533 1069 4576 anno
1093 4510 1154 4577 111.

1041 4929 1109 5002 131

360 5031 576 5122 limante
591 5055 647 5120 IV
661 5077 751 5138 papa
771 5055 907 5139 [Balara
922 5055 946 5118 Ι
950 5054 992 5137 V]
1015 5074 1114 5135 repam
1139 5052 1300 5133 Usspariac
1322 5075 1344 5114 a
1368 5052 1542 5114 iaraanato
1565 5052 1690 5134 twrrsaai
1706 5050 1903 5138 matam]

253 5163 413 5245 quondan
441 5161 622 5246 imperatori
655 5159 713 5224 siat
740 5181 778 5224 ea
808 5159 983 5223 malama
1010 5155 1175 5238 praestito,
1206 5159 1241 5216 at
1269 5155 1313 5217 art
1338 5176 1469 5234 regnam
1500 5174 1593 5218 saura
1620 5161 1733 5220 cmttra
1762 5156 1906 5221 Tartarea

360 5384 593 5452 naman,
613 5379 1114 5452 Βῳ.10336ά11385άΒσῃσΐ12.
1183 5374 1211 5439 9)
1232 5373 1906 5445 ΜίαᾶκωιωεκοηάᾶώηωιιΜ

253 5454 1906 5539 ᾳῶιοὶιραααηωκλὶαῌρήῶῳὲακκᾱαὰίαωωαηκκλςῖαηψιέ,κὲω1κιωεᾶ

256 5544 1792 5626 enumeraremus,mamamarmaamlanammmwuuh

255 5637 1218 5719 am‘mfflappfflnnrmanayarauaneaa
1237 5631 1622 5707 Ribw-Fiolasrssaun
