4328 6232
852 354 1053 412 EPIS'I'OLAE
1072 355 1267 413 SELECTAE.
1304 358 1380 413 1249.
1879 361 1944 426 483

292 533 358 598 inre
381 552 478 618 qnam
500 530 542 598 de
565 531 699 616 antiqua
727 529 975 595 consuetudine
991 531 1085 616 regni
1117 530 1264 598 eiusdem
1295 533 1336 608 is,
1370 532 1424 617 qui
1454 532 1633 618 proximior
1662 538 1714 597 est
1744 532 1873 608 heredi,
1906 554 1945 598 eo

293 637 441 719 absente,
474 634 653 700 dominium
676 640 711 699 et
732 633 916 698 baiulatum
939 633 1044 719 ipsius
1067 636 1160 719 regni
1184 634 1305 701 debeat
1329 636 1492 711 obtinere,
1522 635 1635 700 induci
1664 659 1738 703 eam
1765 659 1825 724 per
1852 645 1885 703 te
1908 639 1942 702 in

293 741 532 828 possessionem
566 738 724 804 dictorum
760 738 894 802 dominii
929 745 962 801 et
995 736 1161 803 heiulatus
1195 738 1428 824 inductumque
1463 739 1612 817 delendi,
1652 748 1761 807 amoto
1800 743 1946 828 quolibet

293 846 462 912 detentore
490 844 623 923 illicito,
656 843 851 909 faceremus.
903 840 1114 920 Mandamus,
1149 844 1302 927 quatinus
1334 845 1492 930 inquisita
1523 865 1622 931 super
1655 844 1718 910 hoc
1750 853 1784 910 et
1815 847 1947 931 cognita

247 976 255 1012 a
295 949 480 1037 diligentius
498 949 647 1028 veritate,
674 948 701 1010 si
726 967 793 1012 rem
817 947 983 1012 inueneris
1007 946 1055 1010 ita
1077 967 1161 1027 esse,
1185 946 1228 1027 id,
1253 949 1280 1011 si
1303 947 1343 1012 de
1366 949 1465 1033 plano
1488 955 1522 1013 et
1545 949 1670 1034 absque
1695 947 1850 1014 scandalo
1873 949 1946 1013 lieri

295 1054 404 1142 possit,
434 1052 627 1116 auctoritate
650 1057 772 1124 nostra,
804 1052 887 1115 sicut
909 1052 1031 1115 iustum
1054 1051 1164 1131 fuerit,
1188 1053 1310 1136 exequi
1334 1073 1399 1116 non
1423 1053 1574 1120 omittas:
1604 1051 1858 1118 contradictores
1882 1059 1945 1118 ete.

295 1158 454 1244 Alioquin,
478 1153 564 1240 quod
586 1152 662 1219 inde
687 1154 804 1219 loceris
826 1154 880 1218 vel
903 1154 973 1218 lieri
990 1154 1121 1240 poterit,
1145 1156 1239 1219 nobis
1257 1155 1391 1221 studeas
1408 1157 1473 1220 tuis
1490 1156 1609 1221 litteris
1627 1154 1768 1222 fideliter
1784 1157 1945 1222 intimare,
1996 1170 2001 1176 ·

393 1278 469 1343 Dat.
491 1273 655 1358 Lugduni,
677 1273 778 1339 VIIII
802 1272 876 1338 Kal.
900 1274 1036 1360 Aprilis,
1061 1296 1146 1339 anno
1162 1276 1235 1343 VI⁰.

1073 1675 1161 1750 676.

392 1771 612 1866 Innocentius
634 1797 690 1862 IV
704 1818 793 1879 papa
813 1797 954 1881 episcopo
978 1799 1144 1865 Tercisino
1170 1800 1316 1879 mundat,
1349 1805 1385 1865 ut
1412 1822 1482 1865 cum
1509 1802 1582 1883 filia
1605 1801 1762 1867 Iclmnnis
1787 1799 1948 1883 Tbuspuli

220 1923 245 1960 ¹⁰
298 1906 411 1971 comitis
432 1903 638 1981 Absonensia
668 1903 740 1968 nati
762 1901 852 1965 ducis
873 1901 1073 1981 Venestorum,
1102 1910 1131 1969 ct
1155 1905 1225 1986 filie
1251 1905 1372 1969 curedis
1394 1906 1591 1971 Arbouensis
1621 1925 1717 1986 super
1737 1906 1947 1972 contrahenda

295 2009 489 2075 matrimonio
508 2008 676 2090 dispenset.
1570 2011 1665 2088 1249,
1688 2008 1789 2074 Mart.
1804 2012 1857 2075 27.

391 2130 455 2185 Iun.
468 2127 519 2182 IV
534 2127 598 2196 Rea.
618 2125 678 2180 Lab.
696 2123 744 2192 VL
762 2125 839 2193 naa,
856 2141 885 2179 n.
898 2131 956 2180 433.

390 2215 520 2282 mnu,
539 2213 605 2282 Rea.
620 2217 715 2275 1358&
733 2212 829 2280 Reae·
842 2218 916 2266 4425.

810 2428 851 2448 ..
880 2374 1108 2467 episeopo
1135 2375 1427 2451 Tervisinol.

191 2523 218 2558 ¹³·
397 2510 537 2575 Attente
567 2507 654 2573 sedis
682 2507 866 2592 apostoliae
892 2509 1143 2596 circumspectio
1172 2533 1314 2596 congrue
1338 2518 1522 2597 temporum
1545 2512 1634 2574 visos
1659 2532 1800 2597 pensans
1822 2518 1885 2576 etc.
1910 2518 1945 2576 ut

282 2638 385 2703 supra
406 2616 440 2678 in
465 2611 542 2676 LVI
566 2609 730 2697 capitulob
754 2631 872 2695 usque:
907 2633 1036 2699 semper
1059 2621 1147 2698 agat.
1192 2614 1279 2678 Hinc
1304 2621 1371 2695 est,
1400 2612 1485 2700 quod
1511 2635 1586 2689 nes,
1610 2613 1721 2678 dilecti
1744 2614 1801 2678 lilii
1825 2615 1946 2679 nobilis

280 2722 347 2786 viri
379 2717 537 2783 Iohannis
567 2714 731 2800 Theupuli
766 2715 891 2778 comitis
922 2715 1127 2781 Absonensis
1139 2717 1160 2798 ¹,
1201 2719 1269 2782 nati
1304 2718 1423 2782 nobilis
1459 2718 1518 2782 riri
1549 2767 1587 2783 ..
1617 2716 1710 2782 ducis
1728 2716 1945 2789 Venetorum,

279 2824 441 2911 precibus
463 2819 621 2891 inclinati,
645 2815 847 2891 mandamus,
872 2820 1024 2904 quatinus
1049 2842 1121 2884 cum
1146 2869 1179 2883 ..
1205 2827 1282 2883 nuta
1304 2821 1419 2906 ipsius,
1444 2828 1480 2885 ut
1504 2843 1577 2885 cum
1602 2821 1669 2884 filio
1692 2821 1812 2885 nobilis
1829 2823 1887 2886 viri
1912 2871 1945 2885 ..

280 2927 415 2992 comitis
438 2921 665 2989 Arbonensis'²
688 2957 726 2968 -
754 2941 819 2984 nen
847 2921 1000 2986 obstante
1033 2924 1119 3008 qued
1148 2923 1255 2988 dictus
1287 2944 1399 2988 eomes
1423 2923 1630 2987 Absoncnsis
1662 2923 1803 2988 eundem
1834 2924 1946 3003 tilium,

183 3036 185 3041 ’
283 3031 418 3116 quando
441 3027 558 3093 frontis
581 3025 822 3090 crismationem
846 3027 1002 3111 suscepit,
1027 3028 1171 3091 tenuisse
1195 3026 1370 3090 dicitur-
1388 3027 1477 3090 licite
1494 3027 1733 3091 matrimonium
1751 3027 1945 3092 contrahere

280 3136 405 3208 valeat,
429 3131 625 3196 auctoritate
649 3134 763 3192 nostra
784 3128 968 3213 dispenses.

394 3254 470 3319 Dat.
494 3251 657 3336 Lugduni,
681 3250 730 3314 VI
753 3249 829 3316 Kal.
852 3251 987 3336 Aprilis,
1011 3271 1097 3315 enno
1113 3250 1178 3314 VI⁰
1190 3253 1213 3317 ³.

1070 3651 1158 3725 677.

389 3752 609 3845 Innocentius
629 3773 685 3840 IV
696 3794 787 3857 pona
810 3772 945 3854 plelrano
974 3777 1003 3838 ct
1029 3773 1167 3855 comiaclo
1191 3772 1292 3854 plebis
1315 3771 1428 3838 Sancti
1450 3770 1605 3856 Stephani
1627 3769 1787 3838 masuris
1813 3772 1943 3840 diocesis

287 3883 331 3950 cd
344 3901 454 3966 preces
475 3901 580 3947 conam
603 3882 632 3945 ct
645 3877 813 3943 Barnabei
835 3877 1026 3942 snercbionis
1048 3877 1256 3956 Alsium-inae
1280 3875 1429 3957 indralpct,
1452 3879 1488 3939 ut
1509 3875 1553 3938 ad
1568 3875 1781 3955 uenationem
1803 3877 1942 3942 alicuius

183 4004 187 4020 ’
284 4009 343 4071 per
364 3988 487 4054 litteras
514 3985 597 4052 sedis
626 3983 813 4066 apostolicae
839 3982 887 4047 cet
914 3982 1087 4064 lcpataruna
1114 3980 1182 4045 eires
1212 4000 1276 4044 non
1308 3983 1483 4058 tencunnar,
1514 3979 1580 4042 nisi
1606 3979 1702 4044 buius
1728 3979 1944 4066 inadulqentiae

284 4091 421 4180 fecerint
439 4090 635 4157 mentionem.
1569 4085 1663 4164 1249,
1684 4083 1786 4150 Mart.
1803 4088 1856 4151 29.

390 4211 455 4266 raa.
468 4208 517 4264 rr
534 4182 597 4278 aa.
616 4207 676 4262 ras.
692 4206 739 4276 Vl,
756 4206 828 4275 aee,
848 4223 876 4260 a.
888 4212 945 4262 aa.

392 4296 521 4364 aaran
542 4294 605 4364 aa.
619 4301 713 4357 rana·
731 4294 830 4363 aeae
848 4299 922 4349 saar.

1914 4267 1938 4301 q

304 4518 341 4539 ..
368 4462 562 4556 plebano
590 4464 630 4533 et
658 4457 856 4549 capitulo
885 4456 1030 4548 plebis
1057 4455 1199 4531 saneti
1228 4452 1444 4546 Stephani
1469 4451 1693 4525 Lunensis
1719 4453 1928 4529 diocesia.

395 4592 629 4680 Indempnitati
657 4591 795 4655 ecclesie
819 4599 944 4667 vestre,
976 4614 1038 4678 que
1069 4613 1170 4677 super
1199 4590 1387 4676 receptione
1419 4588 1560 4673 plurium
1593 4588 1677 4651 sicut
1707 4590 1855 4655 asseritis
1886 4597 1936 4655 est

291 4707 438 4786 pausis,
473 4704 611 4784 paterne
639 4699 789 4761 volentes
820 4694 1039 4761 sollicitudine
1072 4695 1259 4782 providere.
1290 4693 1406 4758 vestris
1437 4698 1471 4755 et
1501 4690 1609 4755 dilecti
1638 4690 1697 4754 filii
1729 4691 1847 4755 nobilis
1878 4692 1937 4756 viri

393 4844 554 4852 ——.-—-.
588 4844 594 4849 .
630 4843 676 4849 ..-
718 4843 798 4849 .--.-
832 4842 877 4847 —-

389 4930 414 4993 ⁸)
435 4927 591 4979 Brabricator
613 4944 707 4978 ernam
725 4927 812 4992 primo
840 4925 1030 4990 inscriptionem
1053 4926 1174 4989 epistolae
1201 4923 1325 4988 sequentis
1352 4938 1383 4972 eac
1401 4919 1649 4985 praescriptionibus
1673 4919 1862 4982 manninalibua
1885 4918 1944 4968 lruic

290 5029 324 5081 cp.
342 5017 497 5081 anteponant,
513 5031 592 5079 want
610 5014 664 5078 ipsc
683 5013 752 5064 linea
767 5012 896 5078 perducta
913 5011 1003 5062 delerit
1021 5020 1044 5062 el
1062 5012 1097 5060 ria
1116 5010 1233 5060 carnemt.
1340 5006 1364 5070 b)
1383 5007 1436 5057 scii.
1455 5014 1483 5054 nt
1499 5006 1527 5055 in
1544 5022 1571 5055 n.
1585 5010 1640 5056 471.

284 5154 426 5218 nonqrcum
446 5148 588 5203 Conradne
605 5163 653 5202 cuc
669 5147 779 5214 emelii,
802 5163 913 5214 rronrsrn
931 5145 1063 5200 Hierosol.
1083 5161 1116 5200 cc
1133 5145 1191 5199 inre
1209 5144 1361 5198 insultatis
1379 5141 1494 5196 Hennae
1516 5141 1572 5209 reqr'
1591 5139 1672 5209 (imni
1693 5138 1841 5207 debebatur,
1867 5156 1943 5208 quem

282 5247 360 5307 papa
376 5235 433 5305 ὅροι
449 5234 597 5289 ‘alunnum
619 5235 693 5302 requi
711 5233 850 5288 Hierosol!
868 5233 1045 5301 appellarunt
1051 5251 1059 5298 ;
1081 5232 1113 5296 es.
1133 5248 1160 5284 u.
1173 5237 1221 5285 324
1241 5236 1264 5282 el
1282 5239 1336 5282 m.
1372 5227 1422 5280 ›S'ed
1439 5227 1474 5292 es.
1491 5226 1572 5279 etiam
1588 5242 1615 5278 u.
1629 5232 1690 5291 666,
1715 5225 1763 5278 ubi
1783 5225 1825 5279 bie
1847 5226 1944 5279 titulus

283 5321 308 5373 a·
324 5321 409 5377 datm
425 5337 482 5375 non
498 5326 543 5375 est.
1044 5355 1046 5359 -

388 5408 416 5475 1)
434 5408 469 5462 {n
484 5404 597 5473 ridetrrr,
615 5404 646 5458 de
659 5403 765 5472 066666
782 5404 884 5471 inercia,
902 5403 979 5457 bodie
991 5403 1102 5470 Leaena,
1122 5403 1153 5454 iu
1170 5403 1235 5455 nuic
1253 5400 1299 5469 qni
1317 5399 1414 5453 dicitur
1427 5398 1576 5467 Qraarnere.
1659 5396 1686 5462 2)
1704 5395 1748 5450 De
1760 5396 1833 5451 Arbe
1849 5398 1941 5451 irrascla

277 5490 388 5550 unm.
475 5492 504 5560 6)
523 5491 582 5547 sao
599 5490 685 5546 wdun
701 5490 743 5546 die
755 5507 833 5560 papus
850 5491 971 5560 episcopo
989 5489 1129 5544 nutent
1147 5488 1293 5555 eruendarit,
1311 5491 1342 5539 nt
1363 5484 1515 5540 &abdiam
1533 5482 1670 5549 murena,
1694 5486 1790 5535 natum
1811 5481 1894 5536 Pacis
1911 5482 1943 5536 de

276 5577 388 5652 δμῶε,
410 5580 444 5633 in
463 5578 569 5634 deitate
589 5578 628 5632 erl
648 5577 743 5632 diocesi
765 5594 816 5630 nea
838 5576 918 5646 recipi
943 5576 1041 5642 faceret
1062 5575 1091 5626 iu
1115 5573 1274 5627 canornersm
1295 5572 1368 5639 eique
1382 5566 1559 5638 praetendam
1578 5564 1727 5635 munnam
1751 5565 1847 5634 Bnper
1865 5573 1942 5637 4668,

183 5646 204 5684 ⁰
279 5662 417 5735 Peraean
438 5664 501 5735 Ray.
515 5672 602 5722 recca

1679 5748 1735 5802 ol*
