4328 6232
203 346 267 409 186
758 337 805 392 EX
824 334 1041 391 INNOCENTII
1060 335 1098 389 IV
1117 334 1299 391 REGISTRO

202 513 390 592 sustentari,
418 514 502 578 sicut
525 512 610 577 idem
635 512 774 576 clericus
797 512 830 575 iu
853 516 966 574 nostra
987 509 1158 595 proposuit
1173 510 1342 595 presentia
1357 509 1566 589 constitutus,
1587 530 1659 581 nos,
1683 508 1740 594 qui
1756 507 1861 573 bene·

199 620 308 683 facere
333 618 482 704 cupimus
505 616 680 694 universis,
703 614 823 679 nobilis
848 613 908 677 viri
931 613 1068 678 Henrici
1090 612 1210 678 domini
1233 613 1275 679 de
1298 614 1514 693 Irenbur0h1,
1545 614 1686 680 ecclesie
1710 611 1863 677 Romane

199 721 321 795 dovoti,
346 727 380 785 et
403 719 523 785 dilecte
547 720 580 783 in
596 717 727 783 Christo
750 717 816 782 tilie
839 717 959 782 nobilis
983 717 1128 781 mulieris
1150 716 1311 782 Mettildis
1334 719 1446 782 uxoris
1470 718 1552 797 eius,
1575 718 1697 783 sororis
1721 737 1861 782 venera-

200 825 276 889 bilis
309 824 418 890 fratris
452 824 553 888 nostri
582 871 589 886 .
614 872 622 888 .
650 819 854 886 Coloniensis
888 819 1142 905 archiepiscopi,
1175 821 1329 905 precibus
1363 821 1523 899 inclinati,
1558 818 1764 909 presentium
1801 820 1862 884 tibi

200 929 393 994 auctoritato
417 928 627 1004 mandamus,
655 925 807 1010 quatinus
831 924 937 990 eidem
961 923 1095 1002 clerico,
1126 923 1250 987 nullum
1272 930 1309 988 ut
1331 926 1447 990 asserit
1470 925 1731 991 ecclesiasticum
1756 925 1863 991 bene·

200 1032 307 1096 ficium
338 1037 505 1108 assecuto,
535 1032 567 1094 in
592 1031 701 1114 aliqua
724 1029 939 1094 ecclesiarum
962 1035 1018 1091 tue
1042 1027 1219 1112 legationis
1245 1064 1285 1075 -
1310 1050 1375 1094 non
1398 1028 1575 1094 obstante·
1597 1029 1625 1094 si
1648 1028 1681 1093 iu
1706 1030 1864 1107 ccclesia,

200 1136 233 1198 in
257 1134 405 1218 quesibi
429 1133 666 1221 providendum
689 1131 831 1214 duxeris,
856 1131 898 1195 sit
921 1137 1029 1195 certus
1053 1131 1284 1195 canonicorum
1308 1152 1466 1196 numerus
1489 1133 1657 1197 institutus
1673 1134 1864 1198 iuramento

202 1237 255 1302 vel
279 1258 473 1323 quacunque
497 1239 651 1302 firmitate
667 1237 820 1317 vallatus,
843 1243 900 1299 aut
923 1236 951 1300 si
967 1256 1026 1322 pro
1042 1236 1180 1300 aliorum
1196 1236 1382 1321 provisione
1399 1235 1580 1301 direximus
1597 1237 1720 1322 scripta
1735 1244 1864 1317 nostra,

202 1340 318 1426 quibus
341 1342 492 1406 nolumus
516 1363 576 1427 per
598 1347 769 1427 presentes
793 1340 920 1404 litteras
944 1339 1157 1426 preiudicium
1181 1339 1346 1424 generari,
1370 1360 1430 1404 seu
1453 1340 1482 1404 si
1505 1341 1645 1407 ecclesie
1661 1341 1725 1427 ipsi
1741 1362 1763 1406 a
1780 1339 1862 1409 sede

202 1445 384 1531 apostolica
407 1447 449 1509 sit
471 1445 645 1518 indultum,
669 1454 704 1509 ut
727 1445 759 1508 in
783 1466 822 1509 ea
846 1445 926 1509 nulli
949 1444 1069 1509 debeat
1091 1443 1270 1530 provideri,
1294 1479 1337 1490 -
1360 1444 1393 1507 iu
1417 1426 1576 1509 beneticio
1599 1444 1810 1531 prebendati,
1833 1445 1862 1510 si

200 1556 296 1613 vacat
318 1548 360 1612 ad
383 1570 520 1635 presens
543 1551 595 1614 vel
620 1571 715 1635 quam
741 1549 806 1613 cito
830 1549 871 1613 ad
896 1548 927 1613 id
953 1549 1110 1614 obtulerit
1134 1570 1169 1614 se
1193 1549 1349 1626 facultas,
1378 1547 1551 1634 provideas
1574 1549 1627 1613 vel
1655 1549 1761 1614 iacias
1784 1569 1861 1634 pro·

202 1652 319 1729 rideri;
343 1652 600 1718 contradictores
623 1660 686 1718 etc.

309 1770 386 1836 Dat.
410 1771 573 1859 Lugduni,
595 1771 666 1837 IIII
690 1771 738 1836 Id.
762 1770 923 1851 Octobris,
947 1792 1033 1835 anuo
1058 1771 1206 1856 quarto².

988 2350 1075 2424 249.

307 2461 524 2555 Irsiroccntins
536 2489 591 2553 IV
600 2510 692 2570 popa
705 2489 885 2575 [Sipefrido
898 2490 976 2574 ΙΙΙ]
992 2490 1221 2573 archiepiscopo
1233 2490 1429 2572 Mapnntino
1442 2491 1479 2554 de
1491 2490 1625 2571 flagitiis
1640 2489 1860 2552 modenam

202 2595 383 2660 rrmmsterii
406 2593 610 2657 Bosoeiensis
632 2592 898 2675 Nnembarpcnsis
919 2594 1049 2658 diocesia
1070 2592 1193 2670 scribit,
1222 2592 1394 2669 rausedone,
1422 2597 1458 2656 at
1479 2594 1508 2657 si
1530 2613 1604 2656 vcro
1630 2614 1669 2656 ea
1696 2591 1859 2667 inverterit,

203 2720 252 2764 eos
273 2699 347 2762 inde
369 2701 521 2761 removeat
543 2701 571 2760 et
594 2697 676 2761 elios
698 2697 733 2760 in
756 2697 858 2762 eodem
879 2698 943 2762 ioco
966 2698 1121 2762 instituat.
1522 2699 1616 2772 1216,
1641 2696 1706 2760 Oct.
1723 2697 1775 2760 15.

308 2819 370 2871 irin.
382 2816 431 2869 IV
447 2816 509 2884 Κεφ.
528 2815 583 2869 Vol.
597 2815 622 2882 Ι,
641 2822 705 2875 33ος
724 2815 784 2869 Lib.
799 2815 851 2883 IV,
866 2824 918 2870 164.
952 2816 1048 2869 Perea
1068 2817 1201 2884 emender
1217 2816 1376 2869 perdidimus
1393 2832 1453 2870 ncnc
1466 2815 1596 2882 charior,
1615 2815 1687 2868 Hist.
1706 2813 1737 2868 de
1754 2815 1782 2868 lo
1799 2815 1861 2867 iride

205 2904 249 2958 des
262 2921 347 2973 popm
365 2908 389 2957 et
405 2902 449 2956 dea
466 2918 615 2971 semenare
631 2902 663 2956 de
680 2903 708 2956 lo
724 2903 831 2956 mersen
848 2902 880 2956 cle
899 2903 1003 2957 Socrate
1021 2909 1038 2956 t.
1052 2903 1110 2970 III,
1124 2919 1154 2970 p.
1167 2909 1222 2957 522.

310 2989 439 3057 Pottiraat,
460 2988 522 3058 Rep,
537 2995 633 3055 123045
650 2989 748 3058 Berper
759 2996 828 3044 2159.

652 3224 691 3242 ..
720 3168 1085 3259 archiepiscopo
1119 3167 1412 3260 Magantino.

316 3315 548 3380 claustralium
572 3317 712 3381 orrenda
735 3316 924 3394 crudelitas,
948 3337 1013 3380 non
1037 3317 1140 3380 solum
1164 3317 1197 3379 iu
1222 3337 1258 3380 se
1282 3317 1372 3402 ipsos
1390 3317 1563 3382 sedetiam
1582 3319 1614 3381 in
1633 3319 1716 3382 alios
1733 3319 1862 3383 sevien-

206 3422 301 3497 tium,
329 3440 431 3504 usque
458 3419 539 3484 adeo
564 3421 597 3483 in
620 3420 818 3484 monasterio
842 3419 1083 3504 Pusavigensi³
1107 3420 1231 3483 ordinis
1256 3421 1359 3483 sancti
1383 3421 1556 3486 Benedicti
1578 3420 1864 3506 Nuemburgcnsis

206 3523 346 3586 diocesis
374 3528 495 3586 metam
524 3525 627 3587 omnis
655 3524 868 3587 hunrauitatis
892 3524 1051 3599 excessit,
1082 3523 1183 3608 quod.
1215 3525 1299 3587 sicut
1321 3525 1397 3588 olim
1420 3525 1601 3589 venerabili
1625 3525 1726 3590 fratrc
1751 3532 1865 3589 nostro

205 3625 469 3709 Nuemburgensi
500 3629 676 3713 episeopo⁴
707 3629 877 3691 intimante
911 3627 1099 3695 didicimus.
1130 3628 1302 3714 discipline
1334 3629 1410 3713 iugo
1435 3628 1577 3705 deiecto,
1610 3628 1664 3692 eth
1689 3629 1720 3692 in
1747 3648 1862 3693 necem

206 3729 290 3793 bone
315 3729 471 3793 memorie
496 3731 837 3816 ..Nuemburgensis
862 3733 1006 3817 episcopi
1030 3732 1275 3818 predecessoris
1297 3734 1410 3818 ipsius,
1434 3732 1510 3796 dicti
1534 3733 1721 3797 monasterii
1744 3732 1862 3796 funda·

207 3832 296 3910 toris,
319 3852 436 3895 manus
461 3833 638 3918 sacrilegas
662 3834 914 3913 extenderunt⁵,
949 3843 981 3900 et
1003 3837 1067 3900 hoc
1091 3858 1298 3922 nequaquam
1323 3839 1480 3915 contenti,
1504 3885 1536 3900 ..
1560 3836 1716 3901 abbatem
1740 3856 1865 3907 eorum,

207 3935 346 3997 salutem
374 3935 555 3999 animarum
584 3938 727 4023 ipsorum
758 3938 921 4003 zelantem
951 3961 989 4003 ac
1013 3940 1178 4004 volentem
1207 3941 1301 4004 iuxta
1329 3940 1428 4004 officii
1459 3941 1509 4004 sui
1532 3939 1679 4005 debitum
1703 3960 1864 4004 excessus

206 4038 350 4123 ipsorum
374 4039 548 4124 corrigere,
571 4040 707 4126 ligatum
732 4042 883 4106 manibus
907 4042 1102 4128 etpedibus
1126 4044 1211 4107 inter
1234 4042 1316 4106 duas
1340 4043 1494 4107 mulieres
1509 4043 1628 4128 populo
1645 4048 1741 4107 extra
1756 4042 1865 4128 ipsum

207 4143 440 4206 monasterium
466 4165 632 4229 exponere
657 4152 894 4231 presumentes.
919 4168 993 4211 eum
1017 4145 1173 4210 afflictum
1194 4145 1388 4210 verberibus
1411 4155 1445 4211 et
1468 4146 1657 4213 vulneribus
1681 4146 1865 4210 sauciatum

206 4244 389 4309 interficere
417 4247 629 4322 conabantur,
660 4249 722 4313 nisi
747 4249 888 4314 cundem
912 4252 1059 4336 prelatus
1084 4251 1225 4336 populus
1258 4249 1299 4313 de
1329 4251 1473 4336 ipsorum
1505 4250 1655 4314 manibus
1678 4249 1865 4314 liberasset.

207 4347 289 4412 Cum
322 4356 429 4414 autem
458 4348 544 4413 idem
576 4353 763 4438 episeopus,
797 4352 839 4416 ad
868 4354 961 4417 cuius
992 4355 1141 4417 notitiam
1175 4355 1298 4418 clamor
1326 4355 1439 4439 populi
1471 4353 1656 4419 huiusmodi
1689 4375 1864 4418 excessum

206 4451 380 4532 detulerat,
404 4453 445 4517 ad
468 4454 631 4538 prefatum
654 4458 898 4535 monasterium,
922 4459 1128 4544 impensurus
1145 4458 1178 4521 in
1195 4479 1234 4522 eo
1250 4458 1462 4522 correctionis
1478 4458 1632 4535 officium,
1655 4457 1865 4531 accessisset,

208 4558 355 4624 ciusdem
386 4558 449 4622 loci
473 4561 640 4639 monachi,
670 4563 746 4647 quin
771 4563 877 4647 potius
902 4560 1101 4629 demoniaci.
1131 4583 1196 4626 nou
1222 4563 1326 4626 solum
1350 4583 1426 4627 eum
1450 4561 1623 4627 admittere
1647 4559 1865 4644 denegarunt.

314 4823 338 4885 ⁸)
356 4840 393 4872 aa
410 4839 462 4874 non
481 4822 546 4873 obst.
566 4841 598 4864 =
618 4839 668 4872 uon
688 4822 869 4872 obstantibus?
973 4821 997 4886 b)
1017 4824 1052 4872 ito
1071 4823 1101 4872 P.
1120 4831 1143 4873 et
1162 4824 1206 4873 en.

313 4959 338 5021 l)
358 4956 407 5009 Er
423 4973 460 5009 or.
471 4957 518 5011 eir.
531 4955 663 5009 mmmm
680 4955 716 5008 od
734 4956 809 5026 Serpa
824 4958 939 5024 finenem
955 4957 990 5022 cs.
1005 4956 1156 5023 Condatino,
1175 4955 1292 5009 Konrod
1311 4971 1357 5009 retr
1371 4954 1518 5024 Hesiodea,
1533 4974 1561 5025 p.
1574 4965 1614 5012 60.
1683 4957 1712 5022 ἓ)
1730 4956 1866 5010 Henaton

207 5043 239 5095 de
257 5041 431 5109 Vctcrienria,
457 5043 525 5111 quia
543 5043 652 5097 litteras
670 5042 746 5112 ipsas
764 5046 830 5097 ante
850 5043 937 5111 legat-i
956 5042 1080 5097 eiusdem
1099 5043 1304 5096 revocationem
1323 5045 1439 5112 propter
1455 5041 1659 5112 impedimenta
1676 5042 1784 5096 riarum
1805 5060 1865 5113 pre·

207 5131 318 5182 sentare
335 5127 475 5196 nequivit,
501 5128 610 5182 nullum
634 5129 669 5182 de
690 5128 784 5198 gnatia
803 5128 856 5182 sibi
876 5131 952 5183 sucta
976 5128 1151 5183 commodum
1174 5127 1341 5197 reportarit.
1365 5127 1436 5183 nrnk
1453 5146 1530 5198 papo
1552 5127 1602 5181 snb
1622 5146 1648 5181 a.
1666 5135 1737 5195 1247,
1756 5130 1823 5196 Apr.
1838 5138 1866 5183 11

210 5214 319 5283 P[dro]
332 5214 425 5267 Senon
438 5214 543 5282 Gcoryii
553 5214 591 5267 od
605 5214 696 5267 Velare
707 5216 827 5268 Aureum
844 5215 956 5268 diacono
967 5215 1110 5281 conticinii,
1129 5215 1286 5282 ‹rpnstoiiarc
1297 5213 1364 5268 ralis
1382 5215 1472 5283 lepnto,
1491 5213 1634 5281 simularit,
1652 5220 1685 5268 nt
1701 5214 1781 5266 mato
1797 5214 1867 5267 nanc

207 5300 341 5367 ῳίεωὶαηι
358 5299 437 5353 siden
453 5300 610 5367 presideret,-
628 5300 724 5367 nerra
735 5309 805 5356 2693.
876 5303 903 5366 3)
923 5303 1012 5355 Ηωιικ
1031 5318 1045 5355 e
1063 5317 1124 5354 ran.
1143 5307 1168 5354 rt
1185 5317 1222 5354 or.
1241 5302 1290 5355 cir.
1302 5301 1382 5354 Zeitr.
1451 5304 1480 5359 4)
1498 5300 1657 5355 laenam
1670 5300 1720 5367 11;
1736 5302 1771 5367 cs.
1786 5317 1814 5368 p.
1826 5308 1864 5368 σι’,

209 5392 292 5441 aare
308 5392 332 5440 et
349 5395 371 5442 a
441 5387 468 5452 ὁ)
489 5386 570 5455 Papa
587 5386 659 5439 dnos
676 5401 717 5439 res
733 5388 890 5452 winiterii:
919 5387 1091 5442 linaria-nnis
1105 5387 1124 5440 Ι
1138 5387 1282 5455 ansanum
1302 5385 1433 5453 tirrnlotor
1450 5388 1610 5454 mamerti
1632 5405 1651 5441 o
1668 5403 1792 5442 cosmae
1808 5388 1866 5440 dors

207 5478 307 5526 a1123
326 5472 474 5537 iata-[ms
492 5479 537 5540 est,
555 5471 714 5526 Elsicelmnli
733 5472 833 5526 Cicron.
851 5493 877 5526 o.
892 5480 960 5541 1123,
980 5473 1031 5528 SS.
1050 5480 1067 5527 t.
1087 5474 1135 5540 VI,
1150 5490 1178 5541 p.
1191 5480 1255 5535 sorr
1271 5472 1318 5526 aad
1336 5488 1404 5540 qnos
1420 5472 1463 5526 irie
1479 5477 1639 5540 momatur,
1658 5473 1717 5527 aisn
1733 5472 1815 5527 dubio
1830 5471 1868 5526 od

210 5558 412 5626 &worden
430 5559 470 5628 [a
483 5558 812 5629 1207-1242Jresmlo
829 5566 900 5614 rnnt.
932 5559 1020 5614 Μή
1036 5559 1145 5627 cpinolo
1163 5560 1223 5613 nus
1233 5577 1259 5613 a.
1273 5563 1346 5625 1228,
1366 5557 1465 5625 snae
1481 5558 1574 5612 amni
1590 5564 1615 5613 et
1631 5559 1773 5614 mamni
1784 5560 1867 5615 aare

211 5644 295 5698 rtem
311 5643 345 5699 de
365 5645 513 5698 matutimis
528 5643 654 5711 [menda
671 5644 786 5705 nima·
804 5645 926 5715 Quina,
946 5645 1035 5700 Goaria
1052 5644 1099 5698 der·
1117 5644 1202 5699 Μ.
1219 5643 1266 5698 dra
1282 5643 1389 5698 uene.
1407 5642 1576 5714 naam
1590 5659 1620 5714 p,
1634 5651 1671 5698 m.
