4328 6232
847 336 1048 394 EPISTOLAE
1066 335 1257 393 salsurus.
1292 337 1369 393 1246.

584 574 589 596 ·
643 535 689 610 R.
718 535 881 610 Sancti
907 533 1079 627 Angeli
1106 534 1303 609 diacono
1332 533 1585 610 cardinali.

392 670 524 736 Reiecti
546 668 729 736 devotionis
752 667 880 748 odore⁸‚
904 688 1002 754 quem
1026 673 1082 732 tua
1105 666 1199 731 uobis
1222 667 1343 753 pagina
1365 669 1579 753 presentavit,
1602 674 1716 735 tenore
1739 669 1939 756 presentium

288 783 317 840 te
345 794 418 838 cum
448 772 567 838 fiducia
593 771 746 837 duximus
769 769 1051 850 ammonendum¹’‚
1085 769 1238 856 quatinus
1261 770 1404 836 sollicita
1426 779 1536 837 mente
1561 772 1789 855 considerans,
1818 780 1939 859 quante

287 876 453 943 affluentia
481 876 615 962 pietatis
649 896 743 940 suam
774 874 867 940 Deus
895 875 929 939 in
962 895 1002 940 co
1032 879 1251 960 prosequatur
1281 874 1471 957 ecclesiam,
1506 875 1592 962 quod
1622 875 1746 962 perfido
1776 883 1810 943 et
1838 876 1938 964 impio

244 996 251 1029 ι
287 980 451 1047 Friderico
475 1001 535 1066 per
557 980 632 1045 illos
655 978 838 1060 obsistitur,
862 998 999 1065 quorum
1022 978 1132 1043 anima
1147 999 1206 1064 pro
1223 978 1296 1066 ipso
1312 978 1473 1044 hacteuus
1490 979 1686 1065 ponebatur,
1709 979 1751 1044 ad
1766 980 1829 1047 hoo
1847 986 1938 1046 tuum

287 1108 324 1151 ex
352 1086 464 1149 animo
493 1088 667 1149 convertas
695 1083 867 1163 affectum,
899 1087 936 1147 ul
961 1103 1022 1168 per
1053 1083 1183 1148 illorum
1212 1083 1385 1165 auxilium,
1418 1104 1499 1169 quos
1528 1085 1616 1149 nosti
1645 1084 1826 1170 apostolice
1849 1084 1938 1151 sedis

286 1190 438 1266 devotos,
468 1193 502 1252 et
529 1186 687 1273 precipue
711 1208 770 1274 per
792 1186 907 1251 domus
931 1186 1008 1250 tue²
1030 1186 1227 1272 potentiam,
1259 1186 1364 1251 honor
1387 1186 1527 1252 ecclesie
1551 1209 1610 1274 pro
1634 1195 1709 1254 voto
1732 1189 1883 1275 proficiat
1905 1196 1939 1254 et

286 1299 476 1380 perseeutor
509 1291 579 1356 eius
613 1288 752 1355 dextera
781 1288 913 1354 Domini
948 1289 1170 1375 triumphante
1204 1289 1410 1370 succumbat,
1445 1291 1551 1376 sitque
1585 1291 1645 1357 tibi
1679 1314 1722 1357 cx
1754 1291 1817 1356 hoc
1833 1334 1836 1339 -
1851 1291 1938 1377 apud

286 1397 432 1462 homines
472 1399 685 1480 augmentum
726 1394 806 1459 clari
844 1393 984 1458 nominis
1023 1398 1057 1458 et
1094 1413 1197 1478 penes
1231 1392 1435 1458 Altissimum
1475 1395 1724 1481 perhempuium
1768 1394 1938 1459 retributio

234 1517 251 1553 1⁰
289 1501 493 1588 premiorum.

1070 1850 1153 1923 166.

385 1947 604 2040 Innocentius
623 1973 647 2039 1
652 1971 681 2036 V
698 1992 790 2053 popo
810 1969 1014 2056 Pondntfirm
1038 1971 1076 2036 de
1098 1973 1291 2051 Fosonella‚
1321 1974 1469 2039 Iacobum
1495 1974 1533 2039 de
1556 1975 1667 2038 Merra
1695 1974 1937 2042 etWillelnrunt

284 2078 489 2144 l'ronciscum
516 2096 570 2160 spe
596 2075 752 2142 libertatis
783 2076 1013 2156 recuperandae
1043 2076 1214 2162 wntbrtut,
1243 2077 1380 2142 omnimo
1402 2098 1472 2143 curro
1487 2100 1551 2162 pro
1571 2079 1673 2143 solute
1694 2079 1785 2160 renni
1806 2077 1937 2144 Siciliae

278 2181 483 2263 procurrendo
505 2179 543 2244 de
565 2180 676 2263 tepolis
697 2178 898 2245 sollemnibus
920 2182 950 2244 el
971 2183 1123 2263 oportuno
1144 2181 1285 2245 subsidio
1303 2182 1485 2262 prenderit.

224 2341 241 2379 ιι
386 2335 453 2390 rso.
466 2335 514 2390 rr
528 2334 591 2404 aa.
610 2332 702 2401 rur,
719 2339 784 2399 nr,-
802 2332 859 2387 ro.
874 2332 934 2401 nr,
953 2348 1011 2387 ar.
1025 2339 1066 2387 n.
1371 2287 1465 2364 1246,
1481 2287 1584 2368 pauo
1606 2288 1680 2350 “W
1699 2285 1781 2367 Aer.
1796 2289 1850 2352 26.

384 2422 488 2492 Bapcr
500 2427 575 2477 1983.

349 2582 606 2657 Nobilibus
633 2581 753 2656 viris
779 2579 1010 2654 Pandullo
1038 2582 1091 2655 de
1119 2581 1394 2671 Fasanella‚
1421 2584 1593 2657 Iacobo
1622 2584 1676 2656 de
1703 2582 1871 2656 Μοιιιιο

813 2704 856 2774 et
882 2699 1114 2775 Willelmo
1141 2701 1408 2777 Francisco.

390 2833 524 2900 Gratias
557 2834 686 2920 agimus
715 2833 825 2897 divine
855 2831 1044 2915 clementie,
1077 2834 1162 2920 quod
1192 2857 1249 2900 vos
1277 2835 1318 2900 de
1345 2857 1444 2901 manu
1466 2835 1646 2901 Pharaonis
1677 2834 1798 2920 eripuit
1830 2841 1864 2898 et
1893 2833 1934 2898 ad

209 2960 232 2999 n
280 2940 369 3005 sedis
400 2938 579 3024 apostolice
610 2938 769 3023 gremium
799 2958 956 3022 personas
979 2944 1105 3003 vestras
1135 2959 1207 3004 eum
1237 2939 1344 3006 salute
1373 2938 1540 3005 deduxit².
1579 2939 1649 3003 Vos
1672 2944 1800 3018 autem,
1833 2936 1933 3001 bene·

278 3041 434 3107 dictionis
457 3040 531 3122 filii,
560 3041 741 3107 constantis
765 3042 864 3106 animi
887 3042 1112 3107 fortitudinem
1136 3051 1361 3123 assumentes,
1385 3044 1570 3130 expectetis
1594 3065 1667 3108 cum
1690 3042 1823 3119 fiducia,
1847 3041 1935 3128 quod

278 3167 338 3210 ros
361 3154 396 3212 ot
418 3146 501 3210 alios
524 3145 664 3210 afflictos
687 3145 780 3230 regni
798 3144 920 3231 Sycilic
943 3146 1007 3210 cito
1024 3147 1127 3211 virtus
1150 3146 1314 3211 Altissimi
1338 3149 1398 3212 sub
1423 3147 1563 3212 iocunda
1579 3147 1756 3212 constituet
1771 3119 1934 3226 libertati,

279 3250 422 3314 maxime
447 3271 520 3313 curu
544 3271 604 3314 nes
628 3250 765 3314 fratrum
788 3256 974 3313 nostrorum
998 3250 1238 3315 communicato
1263 3251 1399 3315 consilio
1423 3274 1481 3338 pro
1504 3252 1607 3337 ipsius
1623 3251 1716 3337 regui
1731 3249 1935 3337 procuranda

279 3353 386 3418 salute
404 3352 445 3418 de
461 3354 581 3439 legatis
598 3351 835 3438 sollempnibus
852 3359 885 3418 ct
901 3355 1054 3440 oportuni
1071 3355 1285 3419 subventione
1303 3353 1441 3419 subsidii
1454 3354 1669 3421 duxerimus‘l
1684 3352 1932 3441 providendum,

201 3476 226 3515 τι
278 3464 450 3543 sperantes
473 3456 513 3522 de
536 3458 681 3543 ipsorum
705 3463 940 3544 proventurum
962 3457 1138 3539 industria,
1166 3459 1253 3543 quod
1277 3480 1378 3524 causa
1400 3459 1463 3525 Dci
1489 3467 1523 3526 et
1545 3461 1687 3525 ecclesie
1710 3458 1752 3523 ad
1775 3457 1931 3543 triumphi

279 3560 417 3645 gloriam
440 3557 513 3626 Deo
535 3561 677 3649 propitio
702 3561 769 3627 cito
793 3561 915 3627 debeat
937 3563 1120 3647 pervenire.

1065 4017 1148 4089 167.

384 4110 601 4203 Innoaentius
617 4135 640 4199 1
645 4135 675 4200 V
684 4158 775 4218 porro
790 4137 923 4220 Annio
944 4138 1066 4204 doru-ins
1083 4139 1179 4206 Galle
1200 4140 1261 4204 ciui
1280 4139 1424 4203 Itorrurno
1446 4107 1527 4203 iden
1544 4140 1616 4224 fere
1637 4139 1754 4216 scribit,
1776 4138 1933 4203 mensim

278 4244 314 4304 ut
336 4240 416 4304 sicut
436 4242 532 4303 ontcn
554 4259 624 4303 cum
644 4239 737 4306 sociis
758 4240 826 4305 suis
840 4241 1001 4308 Fridcrict
1022 4243 1190 4326 tyrannidi
1203 4243 1339 4309 resistet.
1386 4248 1479 4322 1246,
1496 4245 1598 4328 paulo
1612 4248 1686 4308 onte
1701 4243 1846 4327 Apr.2d.

383 4357 446 4412 Inn
461 4358 509 4413 IV
523 4358 587 4428 lien.
606 4358 700 4428 vul,
718 4366 783 4427 304‚·
801 4359 862 4414 Inb.
878 4359 936 4428 ΙΙΙ,
953 4377 1009 4416 eur.
1023 4371 1061 4417 19.

200 4453 226 4491 ιιι
384 4445 482 4514 Rapo
495 4450 571 4499 ress.

471 4606 625 4681 Nobili
653 4606 755 4679 viro
783 4607 949 4700 Egidio
978 4608 1189 4684 dominc⁰
1218 4610 1369 4698 Gaite,
1397 4607 1485 4682 civi
1513 4608 1736 4682 Romano.

385 4738 541 4826 inspecta
569 4759 642 4803 cum
673 4738 793 4824 gaudio
820 4741 1001 4805 litterarum
1026 4743 1112 4807 serie
1136 4763 1217 4828 quas
1244 4742 1376 4819 misisti,
1408 4742 1609 4806 nobilitatem
1639 4746 1727 4806 tuam
1758 4762 1856 4829 super
1880 4763 1931 4818 eo,

275 4842 362 4929 quod
391 4842 425 4906 iu
455 4841 662 4928 reprimendo
695 4841 786 4929 impii
808 4842 966 4908 Friderici
996 4846 1173 4930 nequitiam
1203 4851 1235 4911 te
1269 4845 1490 4911 adhererem
1514 4845 1577 4910 Dci
1601 4852 1635 4910 et
1657 4846 1799 4911 ecclesie
1823 4844 1932 4910 reddis

385 4984 664 4992 ——-—--
1155 4988 1511 4996 ———.-..-.——.
1525 4988 1550 4992 —

380 5086 406 5152 ⁸)
424 5087 520 5140 bonore
531 5086 564 5139 B.
641 5085 667 5153 b)
685 5089 897 5141 commonendum
910 5088 943 5140 B.
1023 5091 1046 5155 ⁰)
1065 5092 1143 5141 Morr.
1156 5089 1188 5140 B.
1266 5087 1291 5155 (¹)
1309 5091 1431 5142 duximus
1443 5089 1473 5140 P.
1546 5088 1569 5154 ⁰)
1587 5091 1645 5142 dire.
1660 5090 1693 5140 R.
1706 5089 1760 5140 MA
1768 5089 1803 5149 U,·
1819 5089 1877 5140 due.
1890 5088 1933 5152 B.,

199 5198 225 5235 ῃ
276 5175 321 5239 qu·
336 5175 439 5226 domino
457 5175 592 5242 &pardum
609 5192 662 5227 esse
679 5177 790 5228 mucis.
821 5176 876 5228 Sed
893 5177 920 5228 in
939 5176 999 5229 Inrn
1012 5177 1032 5227 I
1036 5176 1060 5225 V
1073 5176 1134 5244 Iisp.
1148 5177 1204 5229 Lu.
1221 5177 1267 5241 VI,
1278 5180 1359 5245 1:55,
1376 5196 1402 5228 n.
1416 5181 1466 5229 608
1483 5177 1544 5228 eicis
1562 5176 1695 5227 Iternonus
1712 5175 1830 5226 muriae
1841 5174 1932 5241 fidelis

275 5260 396 5323 mrit,
412 5261 457 5326 qui
474 5261 581 5328 Epidius
598 5260 683 5312 donne
701 5263 776 5314 Gaita
793 5262 951 5328 appellatur,
968 5280 1042 5330 pron
1059 5263 1167 5315 eandm
1186 5273 1260 5330 anuo
1278 5264 1318 5315 trio
1335 5272 1557 5314 commemoratum
1569 5262 1655 5329 juisse
1673 5260 1819 5327 opirmnur.

382 5396 408 5462 1)
427 5394 653 5464 Annrbddorurn,
667 5396 784 5462 sansrlioc
801 5397 948 5452 Ronsanoc.
1018 5398 1045 5463 ἓ)
1065 5396 1220 5463 Pandrdsus
1237 5396 1268 5450 dc
1287 5396 1435 5451 Facundia
1452 5403 1475 5452 et
1493 5399 1604 5452 Iacobus
1620 5395 1652 5449 dc
1671 5395 1776 5463 Merra,
1790 5400 1932 5463 resipiant

242 5506 254 5521 ·
274 5479 427 5534 coniuratio
443 5479 603 5550 dqnnbmsa
619 5487 664 5550 ert,
680 5499 700 5534 a
715 5483 792 5535 orria
809 5483 974 5551 imposueris
993 5483 1107 5537 Rornom
1124 5484 1313 5552 censupsronn
1330 5482 1558 5551 Bdlsmcr-Ficloer,
1577 5484 1595 5538 l.
1606 5499 1627 5536 c.
1645 5488 1740 5537 3547α.
1785 5480 1931 5534 Willolnus

276 5564 457 5633 mmm,
479 5580 558 5635 quur
579 5566 611 5620 in
632 5568 695 5621 ultis
708 5568 829 5634 soritrbus
849 5569 920 5623 into
937 5569 1129 5637 wnspuatores
1152 5587 1208 5623 non
1224 5570 1383 5639 retrosimus,
1407 5575 1439 5624 ut
1456 5586 1489 5624 aa
1504 5570 1553 5625 boc
1569 5571 1623 5626 loeo
1640 5567 1797 5625 concludere
1813 5566 1881 5635 lieet,
1906 5573 1932 5622 et

198 5666 228 5707 υ
277 5652 334 5723 ip
350 5650 580 5723 Bonum
595 5651 704 5710 nudor.
742 5653 781 5723 Gt.
799 5671 826 5708 n.
839 5663 893 5710 174.
