4328 6232
251 341 315 405 378
806 337 856 393 EX
874 338 1093 394 INNOGEN'I'II
1111 337 1150 394 IV
1167 337 1350 396 nauffinna

250 511 438 577 huiusmodi
460 512 678 578 defensione·
699 533 738 576 ac
761 512 846 592 aliis,
869 533 932 598 qne
956 518 1109 599 spectant
1130 511 1171 578 ad
1193 514 1301 600 ipsum
1326 513 1524 600 episcopum,
1546 534 1583 578 se
1605 513 1648 579 de
1669 516 1786 578 catera
1801 509 1908 574 nnlla-

251 623 346 681 tenus
369 616 586 681 intromittere
609 623 798 702 procuraret
810 619 829 682 ¹.
875 617 963 681 Sane
987 615 1019 680 id
1036 614 1122 703 quod
1145 618 1239 682 nobis
1256 616 1389 682 taliter²
1403 616 1445 681 ab
1468 617 1561 682 initio
1583 615 1625 681 de
1648 615 1820 701 preponito
1834 613 1908 699 ipso

252 721 389 807 placuit,
412 719 521 806 placet
544 726 577 784 et
599 718 706 786 modo.
761 718 826 784 Sed
854 727 964 784 tamen
991 742 1065 785 cum
1092 720 1239 805 prefatus
1263 721 1440 808 episeopus
1463 726 1616 807 potenter
1638 727 1673 785 at
1694 724 1853 805 patenter
1873 717 1909 782 in

251 824 326 904 hiis,
351 845 414 909 que
438 829 588 909 spectant
611 822 651 886 ad
675 822 833 888 honorem
856 824 1014 905 ecclesie,
1038 845 1074 888 se
1098 825 1176 888 olim
1199 825 1404 890 fructuosum
1427 823 1589 889 studuerit
1611 823 1789 903 exhibere,
1812 822 1906 885 voln-

250 948 322 991 mus
354 933 388 991 et
413 927 611 992 fraternitati
639 934 695 992 tue
725 926 937 1006 mandamus,
966 929 1118 1012 quatinus
1146 929 1174 992 si
1204 949 1263 1015 pro
1291 928 1460 994 evidentil'
1491 929 1690 994 necessitate
1726 927 1907 1013 contingat,

253 1030 339 1116 quod
364 1031 567 1116 sepedictum
590 1032 792 1116 prepositum
817 1032 870 1095 vel
900 1031 1044 1117 aliquem
1074 1033 1175 1095 allum
1205 1033 1288 1097 velis
1317 1032 1543 1097 candiatorem
1570 1033 1664 1097 iuxta
1685 1032 1827 1096 formam
1850 1030 1910 1095 tibi

252 1133 427 1199 traditam³
451 1133 559 1199 cidem
596 1134 747 1219 episcopo
784 1132 959 1220 deputare,
992 1136 1082 1221 prius
1113 1136 1217 1221 ipsius
1251 1136 1397 1222 episcopi
1433 1136 1595 1222 percipias
1623 1136 1847 1214 voluntatem,
1873 1140 1910 1198 nt

252 1241 352 1303 talem
376 1238 438 1303 sibi
463 1238 504 1303 de
528 1259 691 1303 consensu
715 1260 774 1303 suo
798 1238 947 1325 deputes,
971 1241 1026 1325 qui
1049 1240 1120 1304 eins
1143 1240 1232 1305 cordi
1256 1242 1387 1327 placeat
1409 1247 1443 1306 et
1465 1240 1662 1306 coadiutoris
1683 1239 1793 1304 officio
1818 1239 1911 1302 iuxta

253 1343 469 1407 intentionem
493 1349 636 1407 nostram
659 1349 839 1428 oportunus
863 1344 994 1410 existat.

357 1462 434 1528 Dat.
457 1462 620 1548 Lugduni,
644 1463 763 1528 XVIII
786 1463 861 1529 Kal.
885 1464 974 1546 Maii,
998 1486 1084 1530 anno
1099 1465 1156 1529 V0.

876 1741 1285 1749 .—--—„-————.

1040 2003 1128 2076 540.

360 2111 579 2207 Innocentius
594 2143 617 2206 I
622 2141 651 2206 V
656 2163 747 2226 papa
762 2143 1029 2228 archipresbytero
1051 2144 1164 2208 Sancti
1179 2144 1303 2209 Fidelis
1324 2145 1362 2208 de
1380 2146 1493 2211 Oasate
1507 2145 1761 2211 maturanensis
1782 2147 1912 2211 diocesis

255 2243 299 2307 aa
327 2264 437 2327 preces
470 2245 578 2309 lacobi
607 2249 728 2326 nepotis
760 2248 825 2323 sui,
859 2249 930 2310 nati
963 2248 1121 2328 quondam
1142 2247 1308 2312 Bemardi
1329 2248 1449 2327 Rubri,
1470 2249 1618 2326 mandat,
1639 2254 1676 2313 ut
1696 2250 1812 2315 Iacobo
1831 2249 1912 2314 dieto

256 2347 388 2412 Musaue
410 2349 559 2414 canonico
580 2350 723 2416 ecelesiae
736 2348 981 2413 Decimanormu
995 2349 1247 2414 Mediolanensis
1272 2351 1308 2413 in
1330 2350 1455 2415 civitate
1474 2352 1522 2416 orl
1544 2351 1657 2417 diecesi
1680 2352 1913 2417 illediolauensi

254 2449 291 2513 de
307 2451 479 2530 prelatura
496 2453 671 2534 provideat.
1549 2458 1643 2534 1248,
1664 2457 1748 2537 Apr.
1772 2461 1826 2523 14.

358 2573 422 2625 Iun.
435 2571 483 2625 IV
498 2572 562 2641 Rep.
582 2572 634 2626 Vel.
649 2573 675 2640 1,
687 2580 750 2640 521,·
762 2573 821 2628 Lm.
842 2575 871 2642 V,
893 2582 944 2629 781.
981 2575 1131 2642 Epiacum
1148 2591 1181 2629 ea
1200 2575 1322 2646 Repestis
1340 2575 1476 2645 dacrnmt
1493 2576 1524 2631 V.
1544 2576 1586 2631 Οἱ.
1606 2576 1636 2632 0.
1653 2577 1686 2632 de
1706 2577 1801 2632 Fam.

360 2659 458 2727 Berper
475 2665 550 2713 3829.

487 2839 998 2931 ..archIpresbytera
1026 2841 1190 2914 Sancti
1220 2841 1404 2915 Fidelis
1431 2843 1488 2916 de
1515 2841 1688 2916 Casate

790 2962 1146 3035 Mediolanensis
1174 2961 1376 3036 diocesia.

359 3109 480 3175 Dilecti
509 3111 568 3175 filii
600 3110 717 3174 nobilis
745 3111 805 3174 viri
834 3109 946 3173 lacobi
984 3109 1114 3194 nopotis
1144 3110 1263 3185 nostri,
1291 3109 1361 3174 nati
1390 3108 1554 3195 quondam
1582 3108 1745 3176 Bernardi
1773 3111 1912 3191 auser,

257 3209 378 3276 devota
398 3216 588 3298 precamina
610 3236 669 3278 nos
692 3213 865 3291 inducunt,
889 3220 925 3276 ut
947 3212 1066 3277 dilecto
1100 3212 1165 3275 filio
1189 3211 1309 3276 Iacobo
1338 3211 1426 3276 dicto
1450 3213 1565 3278 Musca
1588 3214 1747 3279 canonico
1772 3215 1912 3280 ecclesie

257 3313 512 3380 Decimanorum
529 3317 788 3383 Mediolanensis
805 3318 983 3404 specialem
999 3317 1138 3403 gratiam
1155 3317 1323 3381 faciemus.
1368 3315 1455 3381 Hinc
1479 3323 1541 3396 est,
1564 3316 1649 3402 quod
1672 3341 1742 3398 nos,
1765 3318 1915 3386 volentes

258 3417 289 3481 ei
317 3418 427 3484 facere
456 3422 598 3505 gratiam
629 3422 836 3506 specialcm0,
868 3419 1016 3485 eiusdem
1039 3420 1192 3505 precibus
1223 3419 1387 3501 inclinati,
1410 3419 1622 3501 mandamus,
1652 3423 1807 3506 quatinus
1830 3422 1861 3489 ei
1883 3423 1916 3487 in

259 3521 393 3587 civitate
428 3523 481 3587 vel
516 3523 642 3589 diocesi
676 3523 916 3589 Mediolanensi
949 3523 990 3587 da
1020 3523 1130 3608 aliqua
1161 3523 1327 3607 prelatura
1357 3522 1398 3587 ad
1433 3524 1539 3587 minus
1574 3524 1706 3590 valente
1741 3523 1916 3590 duodecim

258 3625 380 3690 librasl
412 3628 629 3713 imperialium
665 3629 847 3709 annuatim,
879 3629 906 3692 si
939 3649 1004 3713 qua
1033 3633 1127 3690 vacat
1158 3626 1199 3690 ad
1229 3648 1367 3712 presens
1399 3627 1450 3691 vel
1481 3628 1722 3714 quamprimum
1751 3627 1851 3694 adid
1880 3652 1915 3694 sc

259 3728 398 3794 facultas
421 3731 585 3814 obtulerit,
609 3733 805 3796 auctoritate
829 3738 940 3795 nostra
964 3729 1097 3794 studeas
1121 3729 1309 3815 providere3
1334 3730 1603 3797 contradictores.

363 3848 441 3916 Dat.
464 3857 501 3915 ut
523 3855 653 3939 supral.

883 4014 983 4020 -----Α
995 4015 1068 4020 .--.-
1078 4015 1290 4022 ——---—-——

1050 4272 1137 4345 541.

365 4386 583 4480 Innocentius
605 4412 660 4478 IV
675 4435 766 4493 papa
791 4413 1043 4493 archiepiscopis,
1072 4412 1222 4492 episcopis
1250 4417 1278 4475 ct
1299 4413 1375 4476 aliis
1392 4413 1551 4493 praelatis
1573 4413 1791 4479 Alarnanniee
1812 4419 1919 4479 amum

256 4520 355 4607 facit,
389 4541 420 4584 se
453 4517 653 4582 Fridericnm
686 4517 844 4598 quendam
871 4518 1087 4596 imperatorem
1113 4518 1193 4580 sieut
1219 4517 1368 4581 hacterrus
1395 4518 1440 4582 sie
1467 4517 1517 4580 dia
1539 4516 1625 4581 louis
1645 4522 1755 4582 saneto
1770 4520 1919 4600 proximo

256 4625 428 4708 praeterito
449 4622 549 4706 [Apu.
573 4622 634 4706 16]
650 4627 781 4704 prepter
803 4641 945 4684 excessus
971 4640 1056 4697 suos,
1086 4621 1141 4700 qui
1167 4625 1405 4697 sauciarentur,
1432 4621 1713 4685 excommunicasse
1738 4626 1769 4685 et
1788 4622 1918 4687 auctm-

367 4886 392 4950 ⁸)
410 4885 542 4936 defensore
561 4883 593 4934 R.
698 4880 725 4946 l)
743 4882 871 4933 evidentia
888 4881 921 4930 R.
1025 4881 1048 4946 ο)
1066 4883 1179 4947 sequitur
1195 4881 1288 4932 ι’ὶενιιηι
1306 4899 1365 4944 110s3
1388 4882 1467 4931 cerba
1484 4879 1659 4931 arrtecedeutia
1675 4898 1776 4948 qaoque
1793 4891 1917 4950 compta

261 4972 387 5022 videntur.
493 4967 519 5034 (ἱ)
538 4969 597 5021 lib'r
616 4969 646 5020 R.

368 5089 393 5155 l)
414 5087 454 5154 Cf.
472 5105 500 5139 n.
518 5093 568 5141 520
585 5091 610 5139 et
629 5093 685 5140 525.
789 5088 816 5154 2)
838 5086 900 5140 Scit.
918 5085 1009 5153 quaml
1026 5085 1143 5152 offimrm
1158 5084 1293 5152 capitanei
1311 5083 1508 5150 redemtoris
1544 5084 1600 5137 Per
1616 5100 1656 5152 ea,
1673 5101 1745 5152 meae
1760 5091 1919 5155 aequumne,

260 5192 338 5245 papa
354 5174 434 5228 certa
452 5191 492 5242 ep.
504 5191 531 5227 a.
541 5181 588 5229 525
598 5178 622 5227 et
634 5180 681 5228 516
697 5173 849 5226 umderatus
867 5179 920 5240 est,·
936 5172 968 5238 cf.
981 5191 1008 5225 n.
1021 5180 1077 5227 537.
1166 5173 1193 5238 3)
1212 5171 1272 5225 aa.
1284 5189 1311 5223 n.
1325 5178 1388 5236 5263
1405 5169 1475 5223 unde
1491 5170 1644 5224 wndudere
1660 5171 1718 5225 lieet
1733 5171 1807 5227 lianc
1818 5187 1918 5241 qaoque

263 5279 302 5330 ep.
319 5262 362 5331 [n.
380 5261 442 5330 539]
459 5265 581 5313 caretum
602 5259 701 5327 fuisse,
723 5260 877 5328 mensatim
899 5276 960 5313 eum
982 5260 1013 5312 in
1031 5277 1057 5313 n.
1078 5266 1128 5314 537
1141 5258 1204 5313 aaa
1221 5274 1262 5312 res
1278 5275 1335 5311 non
1351 5261 1566 5310 wmrrsanaretar.
1670 5257 1699 5325 4)
1717 5257 1781 5325 Hic,
1799 5259 1916 5313 marim

259 5365 361 5419 papae,
380 5352 460 5416 caput
479 5347 635 5413 &emaum
656 5346 858 5414 Parmensium,
883 5365 909 5400 a.
929 5354 1008 5414 1218,
1035 5347 1118 5400 Mart.
1138 5355 1169 5401 19
1193 5347 1225 5399 in
1242 5361 1338 5413 pupna
1355 5344 1508 5409 intersectas
1524 5348 1597 5409 erat;
1613 5342 1846 5412 amaa-ntae,
1863 5345 1880 5398 t
1896 5360 1915 5397 c.

264 5441 328 5489 3581
336 5451 363 5488 a.
467 5435 495 5501 5)
513 5432 568 5487 aa
586 5432 657 5488 Mai
675 5439 709 5488 18
721 5449 797 5501 papa
819 5432 855 5486 ad
867 5449 957 5502 preca
980 5433 1111 5487 noctium
1132 5433 1249 5485 cirenem
1265 5429 1371 5483 Alberti
1391 5428 1486 5482 Aaarn'i
1509 5429 1572 5483 eina
1590 5428 1747 5483 Paneas·
1763 5435 1789 5484 et
1807 5430 1915 5485 emsa

263 5519 294 5574 de
318 5520 516 5589 Prmentuana,
543 5519 662 5576 eoelesiue
686 5517 849 5589 dewtemm,
873 5518 1012 5594 pneumam
1035 5518 1153 5594 pretium
1173 5516 1300 5595 etarpitus
1323 5521 1375 5590 est,-
1400 5515 1500 5592 nepa
1515 5522 1596 5588 1011,
1617 5514 1652 5586 as.
1668 5514 1750 5575 ἀίω
1768 5522 1842 5588 3110,
1858 5523 1917 5573 sta

263 5611 287 5662 tt
303 5613 375 5664 3766.
