<?xml version="1.0" encoding="UTF-8"?>
<!DOCTYPE html PUBLIC "-//W3C//DTD XHTML 1.0 Transitional//EN"
    "http://www.w3.org/TR/xhtml1/DTD/xhtml1-transitional.dtd">
<html xmlns="http://www.w3.org/1999/xhtml" xml:lang="en" lang="en">
 <head>
  <title>
</title>
<meta http-equiv="Content-Type" content="text/html;charset=utf-8" />
  <meta name='ocr-system' content='tesseract 3.04.00' />
  <meta name='ocr-capabilities' content='ocr_page ocr_carea ocr_par ocr_line ocrx_word'/>
</head>
<body>
  <div class='ocr_page' id='page_1' title='image "./monumentagerman00popegoog_0048.png"; bbox 0 0 4328 6232; ppageno 0'>
   <div class='ocr_carea' id='block_1_1' title="bbox 823 323 1914 395">
    <p class='ocr_par' dir='ltr' id='par_1_1' title="bbox 823 323 1914 395">
     <span class='ocr_line' id='line_1_1' title="bbox 823 323 1914 395; baseline 0.003 -16"><span class='ocrx_word' id='word_1_1' title='bbox 823 324 1024 380; x_wconf 78' lang='lat' dir='ltr'><strong>urlauouuu</strong></span> <span class='ocrx_word' id='word_1_2' title='bbox 1041 323 1233 381; x_wconf 68' lang='lat' dir='ltr'><strong>subacuta.</strong></span> <span class='ocrx_word' id='word_1_3' title='bbox 1270 325 1346 381; x_wconf 79' lang='lat'><strong>1243.</strong></span> <span class='ocrx_word' id='word_1_4' title='bbox 1872 333 1914 395; x_wconf 75' lang='lat'><strong>23</strong></span> 
     </span>
    </p>
   </div>
   <div class='ocr_carea' id='block_1_2' title="bbox 987 503 1186 578">
    <p class='ocr_par' dir='ltr' id='par_1_2' title="bbox 987 503 1186 578">
     <span class='ocr_line' id='line_1_2' title="bbox 987 503 1186 578; baseline 0.01 -2"><span class='ocrx_word' id='word_1_5' title='bbox 987 503 1186 578; x_wconf 85' lang='lat' dir='ltr'>Eisdem.</span> 
     </span>
    </p>
   </div>
   <div class='ocr_carea' id='block_1_3' title="bbox 265 649 1913 1482">
    <p class='ocr_par' dir='ltr' id='par_1_3' title="bbox 265 649 1913 1341">
     <span class='ocr_line' id='line_1_3' title="bbox 364 649 1913 742; baseline 0.005 -29"><span class='ocrx_word' id='word_1_6' title='bbox 364 649 425 724; x_wconf 79' lang='lat' dir='ltr'><strong>Tc,</strong></span> <span class='ocrx_word' id='word_1_7' title='bbox 448 651 494 714; x_wconf 87' lang='lat' dir='ltr'><strong>iili</strong></span> <span class='ocrx_word' id='word_1_8' title='bbox 517 656 681 736; x_wconf 90' lang='lat' dir='ltr'><strong>potestas,</strong></span> <span class='ocrx_word' id='word_1_9' title='bbox 708 671 747 714; x_wconf 90' lang='lat' dir='ltr'><strong>ac</strong></span> <span class='ocrx_word' id='word_1_10' title='bbox 770 649 900 716; x_wconf 90' lang='lat' dir='ltr'><strong>dilectis</strong></span> <span class='ocrx_word' id='word_1_11' title='bbox 924 652 998 717; x_wconf 86' lang='lat' dir='ltr'><strong>filiis</strong></span> <span class='ocrx_word' id='word_1_12' title='bbox 1023 652 1152 718; x_wconf 81' lang='lat' dir='ltr'><strong>Guasta</strong></span> <span class='ocrx_word' id='word_1_13' title='bbox 1175 659 1209 718; x_wconf 87' lang='lat' dir='ltr'><strong>et</strong></span> <span class='ocrx_word' id='word_1_14' title='bbox 1234 653 1417 739; x_wconf 72' lang='lat' dir='ltr'><strong>Seraphin·</strong></span> <span class='ocrx_word' id='word_1_15' title='bbox 1439 655 1560 719; x_wconf 92' lang='lat' dir='ltr'><strong>nuntiis</strong></span> <span class='ocrx_word' id='word_1_16' title='bbox 1585 656 1701 719; x_wconf 86' lang='lat' dir='ltr'><strong>vestris</strong></span> <span class='ocrx_word' id='word_1_17' title='bbox 1725 657 1913 742; x_wconf 88' lang='lat' dir='ltr'><strong>petentibus</strong></span> 
     </span>
     <span class='ocr_line' id='line_1_4' title="bbox 265 752 1913 842; baseline 0.004 -24"><span class='ocrx_word' id='word_1_18' title='bbox 265 777 282 818; x_wconf 85' lang='lat' dir='ltr'><strong>a</strong></span> <span class='ocrx_word' id='word_1_19' title='bbox 309 752 403 818; x_wconf 93' lang='lat' dir='ltr'><strong>nobis</strong></span> <span class='ocrx_word' id='word_1_20' title='bbox 434 775 615 840; x_wconf 84' lang='lat' dir='ltr'><strong>expensas,</strong></span> <span class='ocrx_word' id='word_1_21' title='bbox 650 775 712 840; x_wconf 91' lang='lat' dir='ltr'><strong>que</strong></span> <span class='ocrx_word' id='word_1_22' title='bbox 740 755 1024 840; x_wconf 88' lang='lat' dir='ltr'><strong>septingentarum</strong></span> <span class='ocrx_word' id='word_1_23' title='bbox 1054 764 1088 822; x_wconf 93' lang='lat' dir='ltr'><strong>et</strong></span> <span class='ocrx_word' id='word_1_24' title='bbox 1115 756 1332 842; x_wconf 87' lang='lat' dir='ltr'><strong>quadraginta</strong></span> <span class='ocrx_word' id='word_1_25' title='bbox 1357 757 1513 822; x_wconf 90' lang='lat' dir='ltr'><strong>librarum</strong></span> <span class='ocrx_word' id='word_1_26' title='bbox 1538 757 1731 824; x_wconf 81' lang='lat' dir='ltr'><strong>Senensium</strong></span> <span class='ocrx_word' id='word_1_27' title='bbox 1754 782 1913 825; x_wconf 87' lang='lat' dir='ltr'><strong>summam</strong></span> 
     </span>
     <span class='ocr_line' id='line_1_5' title="bbox 266 857 1913 950; baseline 0.004 -28"><span class='ocrx_word' id='word_1_28' title='bbox 266 857 432 941; x_wconf 79' lang='lat' dir='ltr'><strong>attingunt,</strong></span> <span class='ocrx_word' id='word_1_29' title='bbox 455 878 536 943; x_wconf 88' lang='lat' dir='ltr'><strong>quas</strong></span> <span class='ocrx_word' id='word_1_30' title='bbox 559 857 683 923; x_wconf 78' lang='lat' dir='ltr'><strong>fecistis</strong></span> <span class='ocrx_word' id='word_1_31' title='bbox 705 858 738 922; x_wconf 93' lang='lat' dir='ltr'><strong>in</strong></span> <span class='ocrx_word' id='word_1_32' title='bbox 761 857 929 923; x_wconf 90' lang='lat' dir='ltr'><strong>obsidibus</strong></span> <span class='ocrx_word' id='word_1_33' title='bbox 951 861 1078 940; x_wconf 82' lang='lat' dir='ltr'><strong>vestris,</strong></span> <span class='ocrx_word' id='word_1_34' title='bbox 1102 883 1182 947; x_wconf 91' lang='lat' dir='ltr'><strong>quos</strong></span> <span class='ocrx_word' id='word_1_35' title='bbox 1206 858 1362 925; x_wconf 88' lang='lat' dir='ltr'><strong>custodiri</strong></span> <span class='ocrx_word' id='word_1_36' title='bbox 1385 860 1464 924; x_wconf 88' lang='lat' dir='ltr'><strong>facit</strong></span> <span class='ocrx_word' id='word_1_37' title='bbox 1485 859 1637 926; x_wconf 89' lang='lat' dir='ltr'><strong>Romana</strong></span> <span class='ocrx_word' id='word_1_38' title='bbox 1659 864 1803 929; x_wconf 89' lang='lat' dir='ltr'><strong>ecclesia</strong></span> <span class='ocrx_word' id='word_1_39' title='bbox 1826 864 1913 950; x_wconf 87' lang='lat' dir='ltr'><strong>apud</strong></span> 
     </span>
     <span class='ocr_line' id='line_1_6' title="bbox 265 961 1913 1052; baseline 0.002 -25"><span class='ocrx_word' id='word_1_40' title='bbox 265 961 542 1039; x_wconf 87' lang='lat' dir='ltr'><strong>Urbemvsterem,</strong></span> <span class='ocrx_word' id='word_1_41' title='bbox 566 963 731 1028; x_wconf 91' lang='lat' dir='ltr'><strong>resarciri:</strong></span> <span class='ocrx_word' id='word_1_42' title='bbox 755 984 825 1043; x_wconf 86' lang='lat' dir='ltr'><strong>uos,</strong></span> <span class='ocrx_word' id='word_1_43' title='bbox 849 964 1056 1030; x_wconf 87' lang='lat' dir='ltr'><strong>devotionem</strong></span> <span class='ocrx_word' id='word_1_44' title='bbox 1081 970 1224 1029; x_wconf 83' lang='lat' dir='ltr'><strong>vestram</strong></span> <span class='ocrx_word' id='word_1_45' title='bbox 1249 964 1427 1050; x_wconf 85' lang='lat' dir='ltr'><strong>gratiarum</strong></span> <span class='ocrx_word' id='word_1_46' title='bbox 1456 964 1640 1031; x_wconf 81' lang='lat' dir='ltr'><strong>actionibus</strong></span> <span class='ocrx_word' id='word_1_47' title='bbox 1667 973 1913 1052; x_wconf 74' lang='lat' dir='ltr'><strong>prosequentes,</strong></span> 
     </span>
     <span class='ocr_line' id='line_1_7' title="bbox 267 1066 1913 1154; baseline 0.002 -23"><span class='ocrx_word' id='word_1_48' title='bbox 267 1086 455 1152; x_wconf 85' lang='lat' dir='ltr'><strong>quamquam</strong></span> <span class='ocrx_word' id='word_1_49' title='bbox 479 1066 514 1131; x_wconf 88' lang='lat' dir='ltr'><strong>in</strong></span> <span class='ocrx_word' id='word_1_50' title='bbox 535 1067 681 1153; x_wconf 82' lang='lat' dir='ltr'><strong>presenti</strong></span> <span class='ocrx_word' id='word_1_51' title='bbox 704 1066 746 1130; x_wconf 88' lang='lat' dir='ltr'><strong>ad</strong></span> <span class='ocrx_word' id='word_1_52' title='bbox 768 1068 900 1153; x_wconf 90' lang='lat' dir='ltr'><strong>plenum</strong></span> <span class='ocrx_word' id='word_1_53' title='bbox 925 1088 1024 1153; x_wconf 88' lang='lat' dir='ltr'><strong>super</strong></span> <span class='ocrx_word' id='word_1_54' title='bbox 1047 1069 1111 1133; x_wconf 90' lang='lat' dir='ltr'><strong>hiis</strong></span> <span class='ocrx_word' id='word_1_55' title='bbox 1135 1089 1336 1154; x_wconf 85' lang='lat' dir='ltr'><strong>nequeamus</strong></span> <span class='ocrx_word' id='word_1_56' title='bbox 1362 1068 1554 1133; x_wconf 86' lang='lat' dir='ltr'><strong>satisfacere</strong></span> <span class='ocrx_word' id='word_1_57' title='bbox 1578 1070 1663 1134; x_wconf 85' lang='lat' dir='ltr'><strong>votis</strong></span> <span class='ocrx_word' id='word_1_58' title='bbox 1686 1071 1816 1150; x_wconf 87' lang='lat' dir='ltr'><strong>vestris,</strong></span> <span class='ocrx_word' id='word_1_59' title='bbox 1840 1092 1913 1135; x_wconf 87' lang='lat' dir='ltr'><strong>cunr</strong></span> 
     </span>
     <span class='ocr_line' id='line_1_8' title="bbox 266 1169 1911 1259; baseline 0.003 -25"><span class='ocrx_word' id='word_1_60' title='bbox 266 1179 368 1235; x_wconf 86' lang='lat' dir='ltr'><strong>tamen</strong></span> <span class='ocrx_word' id='word_1_61' title='bbox 390 1169 465 1236; x_wconf 91' lang='lat' dir='ltr'><strong>Deo</strong></span> <span class='ocrx_word' id='word_1_62' title='bbox 492 1175 626 1236; x_wconf 87' lang='lat' dir='ltr'><strong>auctore</strong></span> <span class='ocrx_word' id='word_1_63' title='bbox 655 1170 810 1236; x_wconf 89' lang='lat' dir='ltr'><strong>obtulerit</strong></span> <span class='ocrx_word' id='word_1_64' title='bbox 833 1171 1050 1259; x_wconf 87' lang='lat' dir='ltr'><strong>sefacultas,</strong></span> <span class='ocrx_word' id='word_1_65' title='bbox 1081 1171 1121 1237; x_wconf 90' lang='lat' dir='ltr'><strong>dc</strong></span> <span class='ocrx_word' id='word_1_66' title='bbox 1149 1172 1228 1258; x_wconf 90' lang='lat' dir='ltr'><strong>ipsis</strong></span> <span class='ocrx_word' id='word_1_67' title='bbox 1252 1171 1345 1236; x_wconf 89' lang='lat' dir='ltr'><strong>vobis</strong></span> <span class='ocrx_word' id='word_1_68' title='bbox 1375 1170 1534 1236; x_wconf 88' lang='lat' dir='ltr'><strong>faciemus</strong></span> <span class='ocrx_word' id='word_1_69' title='bbox 1556 1172 1817 1238; x_wconf 79' lang='lat' dir='ltr'><strong>satisfactionem</strong></span> <span class='ocrx_word' id='word_1_70' title='bbox 1841 1174 1911 1259; x_wconf 91' lang='lat' dir='ltr'><strong>ple-</strong></span> 
     </span>
     <span class='ocr_line' id='line_1_9' title="bbox 266 1273 566 1341; baseline 0.003 -2"><span class='ocrx_word' id='word_1_71' title='bbox 266 1273 381 1339; x_wconf 81' lang='lat' dir='ltr'><strong>nariam</strong></span> <span class='ocrx_word' id='word_1_72' title='bbox 405 1273 566 1341; x_wconf 80' lang='lat' dir='ltr'><strong>exhiberi.</strong></span> 
     </span>
    </p>

    <p class='ocr_par' dir='ltr' id='par_1_4' title="bbox 363 1395 1164 1482">
     <span class='ocr_line' id='line_1_10' title="bbox 363 1395 1164 1482; baseline 0.002 -22"><span class='ocrx_word' id='word_1_73' title='bbox 363 1395 442 1461; x_wconf 79' lang='lat' dir='ltr'><strong>Dat</strong></span> <span class='ocrx_word' id='word_1_74' title='bbox 466 1395 627 1482; x_wconf 81' lang='lat' dir='ltr'><strong>Anagnia,</strong></span> <span class='ocrx_word' id='word_1_75' title='bbox 649 1396 681 1460; x_wconf 89' lang='lat' dir='ltr'><strong>V</strong></span> <span class='ocrx_word' id='word_1_76' title='bbox 703 1395 817 1460; x_wconf 86' lang='lat' dir='ltr'><strong>Nonas</strong></span> <span class='ocrx_word' id='word_1_77' title='bbox 841 1395 1005 1478; x_wconf 86' lang='lat' dir='ltr'><strong>Octobris,</strong></span> <span class='ocrx_word' id='word_1_78' title='bbox 1028 1418 1113 1462; x_wconf 87' lang='lat' dir='ltr'><strong>anno</strong></span> <span class='ocrx_word' id='word_1_79' title='bbox 1137 1399 1164 1462; x_wconf 91' lang='grc' dir='ltr'><strong>Ι.</strong></span> 
     </span>
    </p>
   </div>
   <div class='ocr_carea' id='block_1_4' title="bbox 881 1692 1293 1700">
    <p class='ocr_par' dir='ltr' id='par_1_5' title="bbox 881 1692 1293 1700">
     <span class='ocr_line' id='line_1_11' title="bbox 881 1692 1293 1700; baseline 0 -2"><span class='ocrx_word' id='word_1_80' title='bbox 881 1692 1293 1700; x_wconf 67' lang='lat'><em>-—-—-—-—-——.</em></span> 
     </span>
    </p>
   </div>
   <div class='ocr_carea' id='block_1_5' title="bbox 1051 1970 1112 2042">
    <p class='ocr_par' dir='ltr' id='par_1_6' title="bbox 1051 1970 1112 2042">
     <span class='ocr_line' id='line_1_12' title="bbox 1051 1970 1112 2042; baseline 0 0"><span class='ocrx_word' id='word_1_81' title='bbox 1051 1970 1112 2042; x_wconf 62' lang='lat'><strong>28.</strong></span> 
     </span>
    </p>
   </div>
   <div class='ocr_carea' id='block_1_6' title="bbox 261 2084 1912 2396">
    <p class='ocr_par' dir='ltr' id='par_1_7' title="bbox 261 2084 1912 2396">
     <span class='ocr_line' id='line_1_13' title="bbox 360 2084 1911 2191; baseline -0.003 -13"><span class='ocrx_word' id='word_1_82' title='bbox 360 2084 579 2178; x_wconf 70' lang='lat' dir='ltr'><strong>[auxentius</strong></span> <span class='ocrx_word' id='word_1_83' title='bbox 599 2110 657 2175; x_wconf 87' lang='lat' dir='ltr'><strong>IV</strong></span> <span class='ocrx_word' id='word_1_84' title='bbox 678 2131 765 2191; x_wconf 79' lang='lat' dir='ltr'><strong>papa</strong></span> <span class='ocrx_word' id='word_1_85' title='bbox 796 2110 960 2190; x_wconf 73' lang='lat' dir='ltr'><strong>potestati,</strong></span> <span class='ocrx_word' id='word_1_86' title='bbox 997 2109 1127 2173; x_wconf 82' lang='lat' dir='ltr'><strong>consitio</strong></span> <span class='ocrx_word' id='word_1_87' title='bbox 1156 2113 1184 2172; x_wconf 88' lang='lat' dir='ltr'><strong>et</strong></span> <span class='ocrx_word' id='word_1_88' title='bbox 1213 2110 1368 2173; x_wconf 80' lang='lat' dir='ltr'><strong>communi</strong></span> <span class='ocrx_word' id='word_1_89' title='bbox 1394 2108 1614 2173; x_wconf 82' lang='lat' dir='ltr'><strong>Asisinotibus</strong></span> <span class='ocrx_word' id='word_1_90' title='bbox 1644 2111 1793 2188; x_wconf 72' lang='lat' dir='ltr'><strong>mandit,</strong></span> <span class='ocrx_word' id='word_1_91' title='bbox 1830 2115 1865 2174; x_wconf 88' lang='lat' dir='ltr'><strong>ut</strong></span> <span class='ocrx_word' id='word_1_92' title='bbox 1890 2132 1911 2174; x_wconf 86' lang='lat' dir='ltr'><strong>n</strong></span> 
     </span>
     <span class='ocr_line' id='line_1_14' title="bbox 263 2212 1912 2297; baseline -0.002 -17"><span class='ocrx_word' id='word_1_93' title='bbox 263 2215 496 2297; x_wconf 74' lang='lat' dir='ltr'><strong>Frutipinatibus</strong></span> <span class='ocrx_word' id='word_1_94' title='bbox 510 2217 540 2277; x_wconf 85' lang='lat' dir='ltr'><strong>ct</strong></span> <span class='ocrx_word' id='word_1_95' title='bbox 554 2213 727 2295; x_wconf 71' lang='lat' dir='ltr'><strong>spatiante,</strong></span> <span class='ocrx_word' id='word_1_96' title='bbox 749 2215 890 2293; x_wconf 69' lang='lat' dir='ltr'><strong>ipsorum</strong></span> <span class='ocrx_word' id='word_1_97' title='bbox 904 2212 1009 2290; x_wconf 66' lang='lat' dir='ltr'><strong>uubis,</strong></span> <span class='ocrx_word' id='word_1_98' title='bbox 1024 2213 1153 2277; x_wconf 85' lang='lat' dir='ltr'><strong>arbores</strong></span> <span class='ocrx_word' id='word_1_99' title='bbox 1167 2217 1197 2276; x_wconf 88' lang='lat' dir='ltr'><strong>ct</strong></span> <span class='ocrx_word' id='word_1_100' title='bbox 1211 2217 1369 2277; x_wconf 77' lang='lat' dir='ltr'><strong>terrorum</strong></span> <span class='ocrx_word' id='word_1_101' title='bbox 1384 2213 1505 2278; x_wconf 86' lang='lat' dir='ltr'><strong>totores</strong></span> <span class='ocrx_word' id='word_1_102' title='bbox 1520 2212 1763 2290; x_wconf 75' lang='lat' dir='ltr'><strong>devastantibus,</strong></span> <span class='ocrx_word' id='word_1_103' title='bbox 1783 2214 1912 2294; x_wconf 68' lang='lat' dir='ltr'><strong>patenam</strong></span> 
     </span>
     <span class='ocr_line' id='line_1_15' title="bbox 261 2316 1824 2396; baseline 0.001 -14"><span class='ocrx_word' id='word_1_104' title='bbox 261 2317 441 2382; x_wconf 78' lang='lat' dir='ltr'><strong>domnorum</strong></span> <span class='ocrx_word' id='word_1_105' title='bbox 464 2317 727 2381; x_wconf 80' lang='lat' dir='ltr'><strong>rastomutionem</strong></span> <span class='ocrx_word' id='word_1_106' title='bbox 750 2320 884 2396; x_wconf 59' lang='lat' dir='ltr'><strong>resistere</strong></span> <span class='ocrx_word' id='word_1_107' title='bbox 904 2317 1037 2396; x_wconf 79' lang='lat' dir='ltr'><strong>possint.</strong></span> <span class='ocrx_word' id='word_1_108' title='bbox 1593 2319 1686 2393; x_wconf 79' lang='lat'><strong>1243,</strong></span> <span class='ocrx_word' id='word_1_109' title='bbox 1712 2316 1777 2383; x_wconf 83' lang='lat' dir='ltr'><strong>Oct.</strong></span> <span class='ocrx_word' id='word_1_110' title='bbox 1794 2322 1824 2383; x_wconf 82' lang='lat'><strong>6.</strong></span> 
     </span>
    </p>
   </div>
   <div class='ocr_carea' id='block_1_7' title="bbox 358 2433 1911 2592">
    <p class='ocr_par' dir='ltr' id='par_1_8' title="bbox 358 2433 1911 2592">
     <span class='ocr_line' id='line_1_16' title="bbox 358 2433 1911 2507; baseline 0.001 -18"><span class='ocrx_word' id='word_1_111' title='bbox 358 2437 422 2490; x_wconf 85' lang='lat' dir='ltr'><strong>Iun.</strong></span> <span class='ocrx_word' id='word_1_112' title='bbox 434 2435 454 2489; x_wconf 89' lang='grc' dir='ltr'><strong><em>Ι</em></strong></span> <span class='ocrx_word' id='word_1_113' title='bbox 456 2435 482 2489; x_wconf 89' lang='lat' dir='ltr'><em>V</em></span> <span class='ocrx_word' id='word_1_114' title='bbox 492 2435 555 2504; x_wconf 76' lang='lat' dir='ltr'><strong>Ray.</strong></span> <span class='ocrx_word' id='word_1_115' title='bbox 572 2435 626 2489; x_wconf 86' lang='lat' dir='ltr'><strong>Vol.</strong></span> <span class='ocrx_word' id='word_1_116' title='bbox 637 2438 662 2502; x_wconf 90' lang='lat'><strong>1,</strong></span> <span class='ocrx_word' id='word_1_117' title='bbox 676 2442 722 2501; x_wconf 81' lang='lat'><strong>28;</strong></span> <span class='ocrx_word' id='word_1_118' title='bbox 740 2433 834 2501; x_wconf 73' lang='lat' dir='ltr'><strong>mul,</strong></span> <span class='ocrx_word' id='word_1_119' title='bbox 849 2443 899 2488; x_wconf 78' lang='lat'><strong><em>165.</em></strong></span> <span class='ocrx_word' id='word_1_120' title='bbox 928 2434 1030 2489; x_wconf 76' lang='lat' dir='ltr'><strong>Pateiu&#39;</strong></span> <span class='ocrx_word' id='word_1_121' title='bbox 1045 2436 1178 2504; x_wconf 67' lang='lat' dir='ltr'><strong>muniar</strong></span> <span class='ocrx_word' id='word_1_122' title='bbox 1188 2435 1351 2490; x_wconf 68' lang='lat' dir='ltr'><strong>comedimus</strong></span> <span class='ocrx_word' id='word_1_123' title='bbox 1361 2452 1422 2489; x_wconf 87' lang='lat' dir='ltr'><strong>cum</strong></span> <span class='ocrx_word' id='word_1_124' title='bbox 1435 2436 1557 2506; x_wconf 79' lang='lat' dir='ltr'><strong>Tbeiuer,</strong></span> <span class='ocrx_word' id='word_1_125' title='bbox 1576 2440 1593 2493; x_wconf 85' lang='lat' dir='ltr'><strong>l.</strong></span> <span class='ocrx_word' id='word_1_126' title='bbox 1603 2457 1624 2493; x_wconf 90' lang='lat' dir='ltr'><strong>c.</strong></span> <span class='ocrx_word' id='word_1_127' title='bbox 1639 2439 1691 2507; x_wconf 82' lang='lat' dir='ltr'><strong>al,</strong></span> <span class='ocrx_word' id='word_1_128' title='bbox 1706 2454 1734 2504; x_wconf 80' lang='lat' dir='ltr'><strong>p.</strong></span> <span class='ocrx_word' id='word_1_129' title='bbox 1747 2445 1797 2504; x_wconf 82' lang='lat' dir='ltr'><strong>m,</strong></span> <span class='ocrx_word' id='word_1_130' title='bbox 1814 2454 1841 2489; x_wconf 89' lang='lat' dir='ltr'><strong>n.</strong></span> <span class='ocrx_word' id='word_1_131' title='bbox 1852 2443 1911 2490; x_wconf 83' lang='lat'><em>205.</em></span> 
     </span>
     <span class='ocr_line' id='line_1_17' title="bbox 359 2522 860 2592; baseline -0.004 -15"><span class='ocrx_word' id='word_1_132' title='bbox 359 2523 486 2591; x_wconf 75' lang='lat' dir='ltr'><strong>Pontou,</strong></span> <span class='ocrx_word' id='word_1_133' title='bbox 506 2523 675 2592; x_wconf 75' lang='lat' dir='ltr'><strong>ch.11152,·</strong></span> <span class='ocrx_word' id='word_1_134' title='bbox 693 2522 792 2591; x_wconf 56' lang='grc' dir='ltr'><strong>Βῆριν</strong></span> <span class='ocrx_word' id='word_1_135' title='bbox 805 2529 860 2576; x_wconf 81' lang='grc'><strong><em>165.</em></strong></span> 
     </span>
    </p>
   </div>
   <div class='ocr_carea' id='block_1_8' title="bbox 455 2718 1710 2813">
    <p class='ocr_par' dir='ltr' id='par_1_9' title="bbox 455 2718 1710 2813">
     <span class='ocr_line' id='line_1_18' title="bbox 455 2718 1710 2813; baseline 0.001 -19"><span class='ocrx_word' id='word_1_136' title='bbox 455 2776 494 2794; x_wconf 92' lang='grc'><strong>..</strong></span> <span class='ocrx_word' id='word_1_137' title='bbox 522 2719 770 2813; x_wconf 82' lang='lat' dir='ltr'><strong>potestati,</strong></span> <span class='ocrx_word' id='word_1_138' title='bbox 802 2718 1002 2791; x_wconf 88' lang='lat' dir='ltr'><strong>consilio</strong></span> <span class='ocrx_word' id='word_1_139' title='bbox 1038 2723 1081 2791; x_wconf 86' lang='lat' dir='ltr'><strong>et</strong></span> <span class='ocrx_word' id='word_1_140' title='bbox 1114 2718 1341 2791; x_wconf 89' lang='lat' dir='ltr'><strong>communi</strong></span> <span class='ocrx_word' id='word_1_141' title='bbox 1375 2718 1710 2795; x_wconf 85' lang='lat' dir='ltr'><strong>Asisinatibus.</strong></span> 
     </span>
    </p>
   </div>
   <div class='ocr_carea' id='block_1_9' title="bbox 200 2866 1912 4075">
    <p class='ocr_par' dir='ltr' id='par_1_10' title="bbox 259 2866 1912 3265">
     <span class='ocr_line' id='line_1_19' title="bbox 363 2866 1912 2956; baseline -0.001 -20"><span class='ocrx_word' id='word_1_142' title='bbox 363 2869 470 2936; x_wconf 80' lang='lat' dir='ltr'><strong>Sedes</strong></span> <span class='ocrx_word' id='word_1_143' title='bbox 492 2869 674 2956; x_wconf 89' lang='lat' dir='ltr'><strong>apostolica</strong></span> <span class='ocrx_word' id='word_1_144' title='bbox 696 2869 824 2933; x_wconf 85' lang='lat' dir='ltr'><strong>illorum</strong></span> <span class='ocrx_word' id='word_1_145' title='bbox 848 2868 1004 2955; x_wconf 86' lang='lat' dir='ltr'><strong>precipue</strong></span> <span class='ocrx_word' id='word_1_146' title='bbox 1028 2866 1238 2934; x_wconf 82' lang='lat' dir='ltr'><strong>devotionem</strong></span> <span class='ocrx_word' id='word_1_147' title='bbox 1262 2867 1402 2932; x_wconf 89' lang='lat' dir='ltr'><strong>attendit</strong></span> <span class='ocrx_word' id='word_1_148' title='bbox 1425 2869 1577 2935; x_wconf 84' lang='lat' dir='ltr'><strong>attidem</strong></span> <span class='ocrx_word' id='word_1_149' title='bbox 1599 2871 1633 2934; x_wconf 96' lang='lat' dir='ltr'><strong>in</strong></span> <span class='ocrx_word' id='word_1_150' title='bbox 1656 2871 1740 2937; x_wconf 91' lang='lat' dir='ltr'><strong>libro</strong></span> <span class='ocrx_word' id='word_1_151' title='bbox 1757 2869 1912 2935; x_wconf 84' lang='lat' dir='ltr'><strong>memorie</strong></span> 
     </span>
     <span class='ocr_line' id='line_1_20' title="bbox 259 2970 1912 3058; baseline -0.004 -18"><span class='ocrx_word' id='word_1_152' title='bbox 259 2996 313 3040; x_wconf 87' lang='lat' dir='ltr'><strong>suc</strong></span> <span class='ocrx_word' id='word_1_153' title='bbox 345 2974 473 3051; x_wconf 87' lang='lat' dir='ltr'><strong>scribit,</strong></span> <span class='ocrx_word' id='word_1_154' title='bbox 509 2974 615 3038; x_wconf 91' lang='lat' dir='ltr'><strong>sinum</strong></span> <span class='ocrx_word' id='word_1_155' title='bbox 643 2973 693 3038; x_wconf 90' lang='lat' dir='ltr'><strong>eis</strong></span> <span class='ocrx_word' id='word_1_156' title='bbox 722 2973 828 3057; x_wconf 87' lang='lat' dir='ltr'><strong>gratie</strong></span> <span class='ocrx_word' id='word_1_157' title='bbox 857 2970 1028 3057; x_wconf 85' lang='lat' dir='ltr'><strong>specialisb</strong></span> <span class='ocrx_word' id='word_1_158' title='bbox 1057 2970 1210 3057; x_wconf 89' lang='lat' dir='ltr'><strong>aperiens</strong></span> <span class='ocrx_word' id='word_1_159' title='bbox 1239 2977 1272 3035; x_wconf 90' lang='lat' dir='ltr'><strong>ct</strong></span> <span class='ocrx_word' id='word_1_160' title='bbox 1301 2971 1439 3053; x_wconf 82' lang='lat' dir='ltr'><strong>favoris,</strong></span> <span class='ocrx_word' id='word_1_161' title='bbox 1472 2993 1551 3058; x_wconf 92' lang='lat' dir='ltr'><strong>quos</strong></span> <span class='ocrx_word' id='word_1_162' title='bbox 1584 2974 1618 3037; x_wconf 92' lang='lat' dir='ltr'><strong>in</strong></span> <span class='ocrx_word' id='word_1_163' title='bbox 1651 2975 1721 3038; x_wconf 91' lang='lat' dir='ltr'><strong>eius</strong></span> <span class='ocrx_word' id='word_1_164' title='bbox 1752 2972 1912 3037; x_wconf 88' lang='lat' dir='ltr'><strong>fidelitate</strong></span> 
     </span>
     <span class='ocr_line' id='line_1_21' title="bbox 259 3074 1910 3164; baseline -0.002 -21"><span class='ocrx_word' id='word_1_165' title='bbox 259 3078 392 3143; x_wconf 87' lang='lat' dir='ltr'><strong>stabiles</strong></span> <span class='ocrx_word' id='word_1_166' title='bbox 415 3076 537 3163; x_wconf 90' lang='lat' dir='ltr'><strong>reperit</strong></span> <span class='ocrx_word' id='word_1_167' title='bbox 560 3083 594 3141; x_wconf 91' lang='lat' dir='ltr'><strong>et</strong></span> <span class='ocrx_word' id='word_1_168' title='bbox 617 3076 658 3140; x_wconf 90' lang='lat' dir='ltr'><strong>ab</strong></span> <span class='ocrx_word' id='word_1_169' title='bbox 682 3077 785 3162; x_wconf 92' lang='lat' dir='ltr'><strong>ipsius</strong></span> <span class='ocrx_word' id='word_1_170' title='bbox 807 3076 910 3139; x_wconf 86' lang='lat' dir='ltr'><strong>latere</strong></span> <span class='ocrx_word' id='word_1_171' title='bbox 934 3075 1023 3139; x_wconf 88' lang='lat' dir='ltr'><strong>nulla</strong></span> <span class='ocrx_word' id='word_1_172' title='bbox 1046 3096 1180 3161; x_wconf 90' lang='lat' dir='ltr'><strong>prorsus</strong></span> <span class='ocrx_word' id='word_1_173' title='bbox 1203 3074 1385 3141; x_wconf 80' lang='lat' dir='ltr'><strong>adversitas</strong></span> <span class='ocrx_word' id='word_1_174' title='bbox 1408 3097 1470 3147; x_wconf 92' lang='lat' dir='ltr'><strong>nec</strong></span> <span class='ocrx_word' id='word_1_175' title='bbox 1493 3099 1595 3164; x_wconf 86' lang='lat' dir='ltr'><strong>prava</strong></span> <span class='ocrx_word' id='word_1_176' title='bbox 1619 3077 1789 3163; x_wconf 86' lang='lat' dir='ltr'><strong>suggestio</strong></span> <span class='ocrx_word' id='word_1_177' title='bbox 1815 3096 1910 3161; x_wconf 89' lang='lat' dir='ltr'><strong>sepa-</strong></span> 
     </span>
     <span class='ocr_line' id='line_1_22' title="bbox 259 3178 1910 3265; baseline -0.004 -18"><span class='ocrx_word' id='word_1_178' title='bbox 259 3183 339 3248; x_wconf 82' lang='lat' dir='ltr'><strong>ravit</strong></span> <span class='ocrx_word' id='word_1_179' title='bbox 351 3183 371 3249; x_wconf 85' lang='lat'><strong>¹.</strong></span> <span class='ocrx_word' id='word_1_180' title='bbox 408 3181 495 3247; x_wconf 86' lang='lat' dir='ltr'><strong>Hinc</strong></span> <span class='ocrx_word' id='word_1_181' title='bbox 512 3188 574 3260; x_wconf 91' lang='lat' dir='ltr'><strong>est,</strong></span> <span class='ocrx_word' id='word_1_182' title='bbox 590 3178 675 3265; x_wconf 88' lang='lat' dir='ltr'><strong>quod</strong></span> <span class='ocrx_word' id='word_1_183' title='bbox 693 3200 766 3243; x_wconf 90' lang='lat' dir='ltr'><strong>cum</strong></span> <span class='ocrx_word' id='word_1_184' title='bbox 783 3178 1021 3264; x_wconf 86' lang='lat' dir='ltr'><strong>persecutionis</strong></span> <span class='ocrx_word' id='word_1_185' title='bbox 1038 3178 1229 3262; x_wconf 89' lang='lat' dir='ltr'><strong>insurgente</strong></span> <span class='ocrx_word' id='word_1_186' title='bbox 1246 3180 1392 3264; x_wconf 88' lang='lat' dir='ltr'><strong>procella</strong></span> <span class='ocrx_word' id='word_1_187' title='bbox 1408 3186 1521 3244; x_wconf 87' lang='lat' dir='ltr'><strong>contra</strong></span> <span class='ocrx_word' id='word_1_188' title='bbox 1535 3179 1718 3247; x_wconf 86' lang='lat' dir='ltr'><strong>Romanam</strong></span> <span class='ocrx_word' id='word_1_189' title='bbox 1735 3179 1910 3245; x_wconf 88' lang='lat' dir='ltr'><strong>ecclesiam</strong></span> 
     </span>
    </p>

    <p class='ocr_par' dir='ltr' id='par_1_11' title="bbox 200 3281 1910 3786">
     <span class='ocr_line' id='line_1_23' title="bbox 200 3281 1910 3368; baseline -0.004 -19"><span class='ocrx_word' id='word_1_190' title='bbox 200 3326 208 3339; x_wconf 88' lang='lat'><strong>·</strong></span> <span class='ocrx_word' id='word_1_191' title='bbox 259 3291 392 3349; x_wconf 87' lang='lat' dir='ltr'><strong>matrem</strong></span> <span class='ocrx_word' id='word_1_192' title='bbox 415 3289 559 3348; x_wconf 78' lang='lat' dir='ltr'><strong>vestram</strong></span> <span class='ocrx_word' id='word_1_193' title='bbox 583 3304 701 3368; x_wconf 79' lang='lat' dir='ltr'><strong>graves</strong></span> <span class='ocrx_word' id='word_1_194' title='bbox 724 3303 782 3368; x_wconf 94' lang='lat' dir='ltr'><strong>pro</strong></span> <span class='ocrx_word' id='word_1_195' title='bbox 806 3281 997 3346; x_wconf 85' lang='lat' dir='ltr'><strong>defensione</strong></span> <span class='ocrx_word' id='word_1_196' title='bbox 1029 3281 1188 3345; x_wconf 89' lang='lat' dir='ltr'><strong>libertatis</strong></span> <span class='ocrx_word' id='word_1_197' title='bbox 1218 3281 1441 3346; x_wconf 88' lang='lat' dir='ltr'><strong>ecclesiastice</strong></span> <span class='ocrx_word' id='word_1_198' title='bbox 1469 3283 1661 3348; x_wconf 85' lang='lat' dir='ltr'><strong>afflictiones</strong></span> <span class='ocrx_word' id='word_1_199' title='bbox 1691 3281 1910 3347; x_wconf 90' lang='lat' dir='ltr'><strong>sustinueritis</strong></span> 
     </span>
     <span class='ocr_line' id='line_1_24' title="bbox 258 3382 1909 3474; baseline -0.004 -22"><span class='ocrx_word' id='word_1_200' title='bbox 258 3395 289 3453; x_wconf 87' lang='lat' dir='ltr'><strong>et</strong></span> <span class='ocrx_word' id='word_1_201' title='bbox 309 3408 493 3474; x_wconf 89' lang='lat' dir='ltr'><strong>pressuras,</strong></span> <span class='ocrx_word' id='word_1_202' title='bbox 514 3385 763 3452; x_wconf 85' lang='lat' dir='ltr'><strong>devastantibus</strong></span> <span class='ocrx_word' id='word_1_203' title='bbox 787 3384 972 3450; x_wconf 90' lang='lat' dir='ltr'><strong>hominibus</strong></span> <span class='ocrx_word' id='word_1_204' title='bbox 995 3382 1035 3447; x_wconf 87' lang='lat' dir='ltr'><strong>de</strong></span> <span class='ocrx_word' id='word_1_205' title='bbox 1051 3382 1184 3448; x_wconf 89' lang='lat' dir='ltr'><strong>Ducatu</strong></span> <span class='ocrx_word' id='word_1_206' title='bbox 1207 3390 1240 3447; x_wconf 90' lang='lat' dir='ltr'><strong>et</strong></span> <span class='ocrx_word' id='word_1_207' title='bbox 1261 3385 1403 3450; x_wconf 84' lang='lat' dir='ltr'><strong>maxime</strong></span> <span class='ocrx_word' id='word_1_208' title='bbox 1418 3385 1661 3471; x_wconf 80' lang='lat' dir='ltr'><strong>Fuiiginatibus</strong></span> <span class='ocrx_word' id='word_1_209' title='bbox 1678 3392 1714 3452; x_wconf 90' lang='lat' dir='ltr'><strong>et</strong></span> <span class='ocrx_word' id='word_1_210' title='bbox 1729 3382 1909 3473; x_wconf 84' lang='lat' dir='ltr'><strong>Spellanis²</strong></span> 
     </span>
     <span class='ocr_line' id='line_1_25' title="bbox 258 3487 1909 3574; baseline -0.002 -17"><span class='ocrx_word' id='word_1_211' title='bbox 258 3493 349 3558; x_wconf 87' lang='lat' dir='ltr'><strong>rilias</strong></span> <span class='ocrx_word' id='word_1_212' title='bbox 372 3499 512 3574; x_wconf 84' lang='lat' dir='ltr'><strong>rostras,</strong></span> <span class='ocrx_word' id='word_1_213' title='bbox 535 3493 681 3573; x_wconf 88' lang='lat' dir='ltr'><strong>arbores,</strong></span> <span class='ocrx_word' id='word_1_214' title='bbox 703 3492 816 3556; x_wconf 83' lang='lat' dir='ltr'><strong>vineas</strong></span> <span class='ocrx_word' id='word_1_215' title='bbox 839 3497 873 3555; x_wconf 91' lang='lat' dir='ltr'><strong>et</strong></span> <span class='ocrx_word' id='word_1_216' title='bbox 894 3510 1029 3554; x_wconf 90' lang='lat' dir='ltr'><strong>nemora</strong></span> <span class='ocrx_word' id='word_1_217' title='bbox 1052 3510 1113 3553; x_wconf 92' lang='lat' dir='ltr'><strong>nec</strong></span> <span class='ocrx_word' id='word_1_218' title='bbox 1137 3508 1201 3552; x_wconf 92' lang='lat' dir='ltr'><strong>non</strong></span> <span class='ocrx_word' id='word_1_219' title='bbox 1226 3494 1259 3551; x_wconf 90' lang='lat' dir='ltr'><strong>ct</strong></span> <span class='ocrx_word' id='word_1_220' title='bbox 1282 3487 1413 3553; x_wconf 92' lang='lat' dir='ltr'><strong>labores</strong></span> <span class='ocrx_word' id='word_1_221' title='bbox 1436 3495 1595 3555; x_wconf 88' lang='lat' dir='ltr'><strong>terrarum</strong></span> <span class='ocrx_word' id='word_1_222' title='bbox 1619 3496 1816 3570; x_wconf 80' lang='lat' dir='ltr'><strong>vestrarum,</strong></span> <span class='ocrx_word' id='word_1_223' title='bbox 1849 3509 1909 3553; x_wconf 90' lang='lat' dir='ltr'><strong>nos</strong></span> 
     </span>
     <span class='ocr_line' id='line_1_26' title="bbox 258 3593 1908 3675; baseline -0.003 -12"><span class='ocrx_word' id='word_1_224' title='bbox 258 3595 469 3663; x_wconf 78' lang='lat' dir='ltr'><strong>mmtautiam</strong></span> <span class='ocrx_word' id='word_1_225' title='bbox 497 3601 640 3661; x_wconf 79' lang='lat' dir='ltr'><strong>vestram</strong></span> <span class='ocrx_word' id='word_1_226' title='bbox 671 3601 705 3659; x_wconf 89' lang='lat' dir='ltr'><strong>et</strong></span> <span class='ocrx_word' id='word_1_227' title='bbox 732 3595 894 3660; x_wconf 89' lang='lat' dir='ltr'><strong>sinceram</strong></span> <span class='ocrx_word' id='word_1_228' title='bbox 926 3593 1135 3658; x_wconf 88' lang='lat' dir='ltr'><strong>devotionem</strong></span> <span class='ocrx_word' id='word_1_229' title='bbox 1164 3593 1378 3659; x_wconf 86' lang='lat' dir='ltr'><strong>meditatione</strong></span> <span class='ocrx_word' id='word_1_230' title='bbox 1409 3593 1525 3659; x_wconf 87' lang='lat' dir='ltr'><strong>sedula</strong></span> <span class='ocrx_word' id='word_1_231' title='bbox 1553 3596 1754 3675; x_wconf 87' lang='lat' dir='ltr'><strong>recolentes,</strong></span> <span class='ocrx_word' id='word_1_232' title='bbox 1789 3595 1908 3660; x_wconf 90' lang='lat' dir='ltr'><strong>vestris</strong></span> 
     </span>
     <span class='ocr_line' id='line_1_27' title="bbox 260 3695 1908 3786; baseline -0.001 -23"><span class='ocrx_word' id='word_1_233' title='bbox 260 3697 549 3786; x_wconf 88' lang='lat' dir='ltr'><strong>supplicationibus</strong></span> <span class='ocrx_word' id='word_1_234' title='bbox 570 3697 729 3777; x_wconf 87' lang='lat' dir='ltr'><strong>inclinati,</strong></span> <span class='ocrx_word' id='word_1_235' title='bbox 752 3697 953 3782; x_wconf 90' lang='lat' dir='ltr'><strong>presentium</strong></span> <span class='ocrx_word' id='word_1_236' title='bbox 976 3695 1070 3760; x_wconf 84' lang='lat' dir='ltr'><strong>vobis</strong></span> <span class='ocrx_word' id='word_1_237' title='bbox 1094 3697 1288 3760; x_wconf 85' lang='lat' dir='ltr'><strong>auctoritate</strong></span> <span class='ocrx_word' id='word_1_238' title='bbox 1314 3697 1533 3778; x_wconf 91' lang='lat' dir='ltr'><strong>concedimus,</strong></span> <span class='ocrx_word' id='word_1_239' title='bbox 1556 3704 1592 3762; x_wconf 91' lang='lat' dir='ltr'><strong>ut</strong></span> <span class='ocrx_word' id='word_1_240' title='bbox 1615 3721 1636 3763; x_wconf 90' lang='lat' dir='ltr'><strong>a</strong></span> <span class='ocrx_word' id='word_1_241' title='bbox 1657 3697 1908 3784; x_wconf 81' lang='lat' dir='ltr'><strong>Fuliginatibus,</strong></span> 
     </span>
    </p>

    <p class='ocr_par' dir='ltr' id='par_1_12' title="bbox 203 3798 1909 4075">
     <span class='ocr_line' id='line_1_28' title="bbox 203 3798 1909 3889; baseline -0.001 -24"><span class='ocrx_word' id='word_1_242' title='bbox 203 3810 222 3853; x_wconf 71' lang='lat'><strong>²³</strong></span> <span class='ocrx_word' id='word_1_243' title='bbox 262 3801 420 3889; x_wconf 82' lang='lat' dir='ltr'><strong>Spelisnis</strong></span> <span class='ocrx_word' id='word_1_244' title='bbox 437 3807 471 3865; x_wconf 92' lang='lat' dir='ltr'><strong>et</strong></span> <span class='ocrx_word' id='word_1_245' title='bbox 485 3801 557 3866; x_wconf 89' lang='lat' dir='ltr'><strong>aliis</strong></span> <span class='ocrx_word' id='word_1_246' title='bbox 573 3799 770 3887; x_wconf 88' lang='lat' dir='ltr'><strong>supradictis</strong></span> <span class='ocrx_word' id='word_1_247' title='bbox 786 3800 890 3865; x_wconf 91' lang='lat' dir='ltr'><strong>libere</strong></span> <span class='ocrx_word' id='word_1_248' title='bbox 908 3799 1044 3886; x_wconf 91' lang='lat' dir='ltr'><strong>possitis</strong></span> <span class='ocrx_word' id='word_1_249' title='bbox 1059 3798 1245 3866; x_wconf 90' lang='lat' dir='ltr'><strong>huiusmodi</strong></span> <span class='ocrx_word' id='word_1_250' title='bbox 1262 3798 1476 3886; x_wconf 87' lang='lat' dir='ltr'><strong>dampnorum</strong></span> <span class='ocrx_word' id='word_1_251' title='bbox 1490 3803 1621 3888; x_wconf 89' lang='lat' dir='ltr'><strong>plenam</strong></span> <span class='ocrx_word' id='word_1_252' title='bbox 1635 3802 1909 3867; x_wconf 88' lang='lat' dir='ltr'><strong>restaurationem</strong></span> 
     </span>
     <span class='ocr_line' id='line_1_29' title="bbox 262 3901 1908 3993; baseline -0.002 -22"><span class='ocrx_word' id='word_1_253' title='bbox 262 3912 407 3993; x_wconf 87' lang='lat' dir='ltr'><strong>repetere</strong></span> <span class='ocrx_word' id='word_1_254' title='bbox 429 3926 469 3970; x_wconf 89' lang='lat' dir='ltr'><strong>ac</strong></span> <span class='ocrx_word' id='word_1_255' title='bbox 492 3925 549 3970; x_wconf 91' lang='lat' dir='ltr'><strong>eos</strong></span> <span class='ocrx_word' id='word_1_256' title='bbox 573 3925 671 3990; x_wconf 89' lang='lat' dir='ltr'><strong>super</strong></span> <span class='ocrx_word' id='word_1_257' title='bbox 692 3904 755 3969; x_wconf 92' lang='lat' dir='ltr'><strong>hiis</strong></span> <span class='ocrx_word' id='word_1_258' title='bbox 779 3910 845 3967; x_wconf 84' lang='lat' dir='ltr'><strong>tam</strong></span> <span class='ocrx_word' id='word_1_259' title='bbox 867 3903 901 3967; x_wconf 92' lang='lat' dir='ltr'><strong>in</strong></span> <span class='ocrx_word' id='word_1_260' title='bbox 925 3903 1067 3968; x_wconf 89' lang='lat' dir='ltr'><strong>ecclesia</strong></span> <span class='ocrx_word' id='word_1_261' title='bbox 1088 3901 1239 3967; x_wconf 88' lang='lat' dir='ltr'><strong>Romana</strong></span> <span class='ocrx_word' id='word_1_262' title='bbox 1263 3924 1361 3989; x_wconf 92' lang='lat' dir='ltr'><strong>quam</strong></span> <span class='ocrx_word' id='word_1_263' title='bbox 1383 3903 1481 3986; x_wconf 88' lang='lat' dir='ltr'><strong>alibi,</strong></span> <span class='ocrx_word' id='word_1_264' title='bbox 1507 3905 1705 3990; x_wconf 87' lang='lat' dir='ltr'><strong>ubicumque</strong></span> <span class='ocrx_word' id='word_1_265' title='bbox 1728 3904 1908 3984; x_wconf 87' lang='lat' dir='ltr'><strong>volueritis,</strong></span> 
     </span>
     <span class='ocr_line' id='line_1_30' title="bbox 263 4028 439 4075; baseline -0.011 -1"><span class='ocrx_word' id='word_1_266' title='bbox 263 4028 439 4075; x_wconf 82' lang='lat' dir='ltr'><strong>convenire.</strong></span> 
     </span>
    </p>
   </div>
   <div class='ocr_carea' id='block_1_10' title="bbox 362 4126 1226 4216">
    <p class='ocr_par' dir='ltr' id='par_1_13' title="bbox 362 4126 1226 4216">
     <span class='ocr_line' id='line_1_31' title="bbox 362 4126 1226 4216; baseline -0.001 -22"><span class='ocrx_word' id='word_1_267' title='bbox 362 4128 440 4194; x_wconf 88' lang='lat' dir='ltr'><strong>Dat.</strong></span> <span class='ocrx_word' id='word_1_268' title='bbox 464 4128 626 4216; x_wconf 78' lang='lat' dir='ltr'><strong>Anagnis,</strong></span> <span class='ocrx_word' id='word_1_269' title='bbox 649 4126 682 4191; x_wconf 90' lang='grc' dir='ltr'>Π</span> <span class='ocrx_word' id='word_1_270' title='bbox 704 4126 790 4195; x_wconf 84' lang='lat' dir='ltr'><strong>Non.</strong></span> <span class='ocrx_word' id='word_1_271' title='bbox 815 4129 978 4210; x_wconf 89' lang='lat' dir='ltr'><strong>Octobris,</strong></span> <span class='ocrx_word' id='word_1_272' title='bbox 1002 4149 1087 4194; x_wconf 88' lang='lat' dir='ltr'><strong>anno</strong></span> <span class='ocrx_word' id='word_1_273' title='bbox 1111 4129 1226 4215; x_wconf 92' lang='lat' dir='ltr'><strong>primo.</strong></span> 
     </span>
    </p>
   </div>
   <div class='ocr_carea' id='block_1_11' title="bbox 879 4426 1290 4433">
    <p class='ocr_par' dir='ltr' id='par_1_14' title="bbox 879 4426 1290 4433">
     <span class='ocr_line' id='line_1_32' title="bbox 879 4426 1290 4433; baseline 0 -1"><span class='ocrx_word' id='word_1_274' title='bbox 879 4426 1290 4433; x_wconf 68' lang='lat'><em>——-—-—-—</em></span> 
     </span>
    </p>
   </div>
   <div class='ocr_carea' id='block_1_12' title="bbox 1053 4703 1114 4777">
    <p class='ocr_par' dir='ltr' id='par_1_15' title="bbox 1053 4703 1114 4777">
     <span class='ocr_line' id='line_1_33' title="bbox 1053 4703 1114 4777; baseline 0.033 -2"><span class='ocrx_word' id='word_1_275' title='bbox 1053 4703 1114 4777; x_wconf 61' lang='lat'><strong>29.</strong></span> 
     </span>
    </p>
   </div>
   <div class='ocr_carea' id='block_1_13' title="bbox 218 4815 1908 5131">
    <p class='ocr_par' dir='ltr' id='par_1_16' title="bbox 218 4815 1908 5131">
     <span class='ocr_line' id='line_1_34' title="bbox 361 4815 1908 4923; baseline -0.002 -16"><span class='ocrx_word' id='word_1_276' title='bbox 361 4815 579 4908; x_wconf 78' lang='lat' dir='ltr'><strong>Innocentius</strong></span> <span class='ocrx_word' id='word_1_277' title='bbox 595 4841 653 4910; x_wconf 84' lang='lat' dir='ltr'><strong>IV</strong></span> <span class='ocrx_word' id='word_1_278' title='bbox 667 4862 756 4923; x_wconf 82' lang='lat' dir='ltr'><strong>popa</strong></span> <span class='ocrx_word' id='word_1_279' title='bbox 778 4841 891 4906; x_wconf 69' lang='lat' dir='ltr'><strong>nsdnu</strong></span> <span class='ocrx_word' id='word_1_280' title='bbox 912 4843 1186 4908; x_wconf 63' lang='lat' dir='ltr'><strong>remuneratura</strong></span> <span class='ocrx_word' id='word_1_281' title='bbox 1201 4843 1308 4908; x_wconf 70' lang='lat' dir='ltr'><strong>onznia</strong></span> <span class='ocrx_word' id='word_1_282' title='bbox 1322 4843 1358 4906; x_wconf 83' lang='lat' dir='ltr'><strong>in</strong></span> <span class='ocrx_word' id='word_1_283' title='bbox 1373 4841 1486 4909; x_wconf 84' lang='lat' dir='ltr'><strong>diocesi</strong></span> <span class='ocrx_word' id='word_1_284' title='bbox 1499 4842 1660 4907; x_wconf 78' lang='lat' dir='ltr'><strong>Asisiuoti</strong></span> <span class='ocrx_word' id='word_1_285' title='bbox 1673 4841 1718 4906; x_wconf 86' lang='lat' dir='ltr'><strong>od</strong></span> <span class='ocrx_word' id='word_1_286' title='bbox 1730 4841 1908 4907; x_wconf 81' lang='lat' dir='ltr'><strong>Rauranum</strong></span> 
     </span>
     <span class='ocr_line' id='line_1_35' title="bbox 218 4943 1908 5027; baseline -0.002 -16"><span class='ocrx_word' id='word_1_287' title='bbox 218 4945 237 4985; x_wconf 78' lang='lat'><strong>³⁰</strong></span> <span class='ocrx_word' id='word_1_288' title='bbox 272 4943 414 5011; x_wconf 65' lang='lat' dir='ltr'><strong>mmm</strong></span> <span class='ocrx_word' id='word_1_289' title='bbox 423 4944 630 5027; x_wconf 76' lang='lat' dir='ltr'><strong>pertinentia,</strong></span> <span class='ocrx_word' id='word_1_290' title='bbox 645 4948 815 5026; x_wconf 76' lang='lat' dir='ltr'><strong>postqumu</strong></span> <span class='ocrx_word' id='word_1_291' title='bbox 829 4944 874 5009; x_wconf 75' lang='lat' dir='ltr'><strong>od</strong></span> <span class='ocrx_word' id='word_1_292' title='bbox 887 4965 956 5010; x_wconf 81' lang='lat' dir='ltr'><strong>coru</strong></span> <span class='ocrx_word' id='word_1_293' title='bbox 970 4945 1131 5025; x_wconf 80' lang='lat' dir='ltr'><strong>redierint,</strong></span> <span class='ocrx_word' id='word_1_294' title='bbox 1152 4946 1209 5011; x_wconf 79' lang='lat' dir='ltr'><strong>sut</strong></span> <span class='ocrx_word' id='word_1_295' title='bbox 1225 4966 1334 5012; x_wconf 87' lang='lat' dir='ltr'><strong>annuo</strong></span> <span class='ocrx_word' id='word_1_296' title='bbox 1348 4965 1441 5013; x_wconf 85' lang='lat' dir='ltr'><strong>censu</strong></span> <span class='ocrx_word' id='word_1_297' title='bbox 1457 4946 1553 5011; x_wconf 85' lang='lat' dir='ltr'><strong>trium</strong></span> <span class='ocrx_word' id='word_1_298' title='bbox 1568 4946 1724 5012; x_wconf 72' lang='lat' dir='ltr'><strong>obolorum</strong></span> <span class='ocrx_word' id='word_1_299' title='bbox 1740 4965 1908 5010; x_wconf 85' lang='lat' dir='ltr'><strong>aureorum</strong></span> 
     </span>
     <span class='ocr_line' id='line_1_36' title="bbox 273 5047 1819 5131; baseline 0 -17"><span class='ocrx_word' id='word_1_300' title='bbox 273 5063 356 5129; x_wconf 69' lang='lat' dir='ltr'><strong>uque</strong></span> <span class='ocrx_word' id='word_1_301' title='bbox 376 5048 420 5114; x_wconf 78' lang='lat' dir='ltr'><strong>cd</strong></span> <span class='ocrx_word' id='word_1_302' title='bbox 438 5047 553 5131; x_wconf 67' lang='lat' dir='ltr'><strong>uiginti</strong></span> <span class='ocrx_word' id='word_1_303' title='bbox 573 5065 676 5113; x_wconf 85' lang='lat' dir='ltr'><strong>annos</strong></span> <span class='ocrx_word' id='word_1_304' title='bbox 698 5047 842 5114; x_wconf 50' lang='lat' dir='ltr'><strong>conceda</strong></span> <span class='ocrx_word' id='word_1_305' title='bbox 1591 5055 1685 5130; x_wconf 80' lang='lat'><strong>1243,</strong></span> <span class='ocrx_word' id='word_1_306' title='bbox 1710 5049 1775 5116; x_wconf 89' lang='lat' dir='ltr'><strong>Oct.</strong></span> <span class='ocrx_word' id='word_1_307' title='bbox 1791 5054 1819 5114; x_wconf 90' lang='lat'><strong>6.</strong></span> 
     </span>
    </p>
   </div>
   <div class='ocr_carea' id='block_1_14' title="bbox 364 5166 1907 5323">
    <p class='ocr_par' dir='ltr' id='par_1_17' title="bbox 364 5166 1907 5323">
     <span class='ocr_line' id='line_1_37' title="bbox 364 5166 1907 5239; baseline 0.001 -17"><span class='ocrx_word' id='word_1_308' title='bbox 364 5167 425 5222; x_wconf 69' lang='lat' dir='ltr'><strong>aa</strong></span> <span class='ocrx_word' id='word_1_309' title='bbox 434 5166 485 5221; x_wconf 86' lang='lat' dir='ltr'><strong>IV</strong></span> <span class='ocrx_word' id='word_1_310' title='bbox 494 5166 556 5234; x_wconf 78' lang='lat' dir='ltr'><strong>ch.</strong></span> <span class='ocrx_word' id='word_1_311' title='bbox 569 5166 658 5235; x_wconf 64' lang='lat' dir='ltr'><strong>VM</strong></span> <span class='ocrx_word' id='word_1_312' title='bbox 671 5173 718 5234; x_wconf 73' lang='lat'><strong>283</strong></span> <span class='ocrx_word' id='word_1_313' title='bbox 736 5166 796 5221; x_wconf 75' lang='lat' dir='ltr'><strong>Lab.</strong></span> <span class='ocrx_word' id='word_1_314' title='bbox 807 5167 831 5235; x_wconf 82' lang='lat' dir='ltr'><strong>I,</strong></span> <span class='ocrx_word' id='word_1_315' title='bbox 844 5175 897 5223; x_wconf 84' lang='lat'><strong><em>166.</em></strong></span> <span class='ocrx_word' id='word_1_316' title='bbox 929 5167 1028 5223; x_wconf 75' lang='lat' dir='ltr'><strong>Pcrtaii</strong></span> <span class='ocrx_word' id='word_1_317' title='bbox 1043 5171 1174 5238; x_wconf 70' lang='lat' dir='ltr'><strong>asumptus</strong></span> <span class='ocrx_word' id='word_1_318' title='bbox 1184 5171 1343 5226; x_wconf 64' lang='lat' dir='ltr'><strong>contulm</strong></span> <span class='ocrx_word' id='word_1_319' title='bbox 1354 5186 1415 5225; x_wconf 72' lang='lat' dir='ltr'><strong>mum</strong></span> <span class='ocrx_word' id='word_1_320' title='bbox 1427 5169 1547 5239; x_wconf 62' lang='lat' dir='ltr'><strong>muer,</strong></span> <span class='ocrx_word' id='word_1_321' title='bbox 1566 5171 1582 5225; x_wconf 86' lang='lat' dir='ltr'><strong>t.</strong></span> <span class='ocrx_word' id='word_1_322' title='bbox 1595 5187 1616 5225; x_wconf 90' lang='lat' dir='ltr'><strong>c.</strong></span> <span class='ocrx_word' id='word_1_323' title='bbox 1629 5176 1647 5223; x_wconf 89' lang='lat' dir='ltr'><strong>t.</strong></span> <span class='ocrx_word' id='word_1_324' title='bbox 1660 5170 1685 5237; x_wconf 83' lang='grc' dir='ltr'><strong>Ι,</strong></span> <span class='ocrx_word' id='word_1_325' title='bbox 1697 5187 1727 5238; x_wconf 79' lang='lat' dir='ltr'><strong>p.</strong></span> <span class='ocrx_word' id='word_1_326' title='bbox 1737 5177 1789 5238; x_wconf 81' lang='grc'><strong><em>117,</em></strong></span> <span class='ocrx_word' id='word_1_327' title='bbox 1807 5187 1835 5224; x_wconf 90' lang='lat' dir='ltr'><strong>n.</strong></span> <span class='ocrx_word' id='word_1_328' title='bbox 1848 5176 1907 5236; x_wconf 74' lang='lat'><strong>204,</strong></span> 
     </span>
     <span class='ocr_line' id='line_1_38' title="bbox 364 5251 859 5323; baseline -0.002 -14"><span class='ocrx_word' id='word_1_329' title='bbox 364 5252 494 5322; x_wconf 69' lang='lat' dir='ltr'><strong>ennae,</strong></span> <span class='ocrx_word' id='word_1_330' title='bbox 513 5251 576 5323; x_wconf 69' lang='lat' dir='ltr'><strong>Ra.</strong></span> <span class='ocrx_word' id='word_1_331' title='bbox 588 5261 679 5320; x_wconf 68' lang='lat' dir='ltr'><strong>mon</strong></span> <span class='ocrx_word' id='word_1_332' title='bbox 697 5254 795 5323; x_wconf 69' lang='lat' dir='ltr'><strong>Rapa</strong></span> <span class='ocrx_word' id='word_1_333' title='bbox 807 5261 859 5308; x_wconf 83' lang='lat' dir='ltr'><strong>rsa.</strong></span> 
     </span>
    </p>
   </div>
   <div class='ocr_carea' id='block_1_15' title="bbox 213 5494 931 5709">
    <p class='ocr_par' dir='ltr' id='par_1_18' title="bbox 213 5494 931 5709">
     <span class='ocr_line' id='line_1_39' title="bbox 364 5494 931 5567; baseline 0.009 -5"><span class='ocrx_word' id='word_1_334' title='bbox 364 5494 577 5567; x_wconf 58' lang='lat' dir='ltr'><strong>pamphus!</strong></span> <span class='ocrx_word' id='word_1_335' title='bbox 645 5497 931 5567; x_wconf 53' lang='lat' dir='ltr'><strong>unumunurn</strong></span> 
     </span>
     <span class='ocr_line' id='line_1_40' title="bbox 213 5626 927 5709; baseline 0.011 -25"><span class='ocrx_word' id='word_1_336' title='bbox 213 5626 235 5671; x_wconf 74' lang='lat' dir='ltr'><strong>a</strong></span> <span class='ocrx_word' id='word_1_337' title='bbox 368 5629 550 5703; x_wconf 50' lang='lat' dir='ltr'><strong>oasa</strong></span> <span class='ocrx_word' id='word_1_338' title='bbox 614 5630 927 5709; x_wconf 59' lang='lat' dir='ltr'><strong>“manmena</strong></span> 
     </span>
    </p>
   </div>
   <div class='ocr_carea' id='block_1_16' title="bbox 0 0 2168 6232">
    <p class='ocr_par' dir='ltr' id='par_1_19' title="bbox 0 0 2168 6232">
     <span class='ocr_line' id='line_1_41' title="bbox 0 0 2168 6232; baseline 0 0"><span class='ocrx_word' id='word_1_339' title='bbox 0 0 2168 6232; x_wconf 95' lang='lat' dir='ltr'><strong> </strong></span> 
     </span>
    </p>
   </div>
  </div>
 </body>
</html>
