4734 6334
835 419 1036 476 nrlsrousn
1055 420 1244 476 senectus.
1281 423 1356 477 1249.
1862 427 1921 490 481

273 595 305 654 et
327 593 490 657 fautorum
515 594 617 679 ipsius
641 594 760 658 morari
785 595 817 658 in
842 594 959 660 cadem
983 597 1124 661 eeclesia
1147 595 1209 661 sibi
1234 597 1319 660 sieut
1347 598 1465 661 asserit
1497 618 1560 662 non
1588 598 1630 661 sit
1657 599 1823 662 tutum·¹:
1855 618 1926 676 nos,

272 701 426 777 gerentes
455 719 554 782 super
581 698 643 762 hoc
672 719 752 778 erga
784 720 859 762 eum
894 698 1004 764 debite
1037 700 1276 786 compassionis
1310 700 1495 776 allectuml,
1533 700 1740 779 mandamus,
1775 701 1926 786 quatinus

273 795 379 861 eidem
403 798 445 863 ab
468 800 577 885 aliqua
604 803 819 867 ecclesiarum
847 811 902 868 tue
931 804 1070 868 civitatis
1098 807 1151 869 vel
1183 804 1323 869 diocesis
1353 803 1491 890 predicti
1521 802 1657 884 ordinis,
1687 825 1856 891 quousque
1885 804 1927 868 ad

273 902 432 986 prefatam
462 905 635 971 ecclesiam
665 913 778 972 sancte
807 906 986 992 Margarite
1016 929 1129 973 secure
1161 906 1265 972 redire
1294 908 1403 972 valeat
1432 928 1471 972 ac
1499 909 1635 985 morari,
1666 909 1699 972 in
1730 907 1926 972 necessariis

206 1054 211 1064 .
272 1005 377 1071 victus
409 1014 443 1072 et
464 1009 604 1074 vestitus
628 1012 822 1076 auctoritate
847 1018 960 1077 nostra
982 1013 1155 1099 provideas
1179 1013 1233 1077 vel
1256 1013 1358 1077 facias
1382 1011 1546 1098 provideri
1571 1047 1612 1058 -
1634 1032 1698 1076 uon
1723 1013 1874 1076 obstante
1899 1011 1927 1075 si

271 1111 419 1194 personis
443 1112 597 1188 ecclesie,
628 1115 659 1178 in
682 1135 746 1200 qua
769 1115 799 1180 ei
823 1115 1059 1202 providendum
1083 1116 1230 1194 duxeris,
1263 1116 1305 1180 sit
1328 1114 1370 1179 ab
1394 1114 1509 1180 endem
1534 1114 1613 1180 sede
1636 1115 1812 1196 indultum,
1841 1113 1927 1199 quod

272 1211 312 1276 sd
335 1217 558 1301 receptionem
584 1218 635 1282 vel
658 1219 878 1304 provisionem
902 1220 1040 1285 alicuius
1069 1220 1222 1305 compelli
1250 1225 1307 1284 aut
1335 1218 1513 1296 interdici,
1534 1218 1691 1304 suspendi
1715 1220 1766 1283 vel
1793 1240 1925 1284 excom-

272 1316 428 1382 municari
453 1340 514 1383 nou
539 1323 663 1406 possint
687 1342 745 1407 per
768 1323 895 1389 litteras
919 1325 1127 1410 apostolicas,
1153 1334 1235 1409 quec
1254 1323 1295 1388 de
1311 1321 1517 1407 indulgentia
1533 1322 1718 1388 huiusmodi
1735 1343 1925 1408 expressam

274 1441 338 1484 non
367 1422 513 1489 lacerent
541 1427 756 1500 mentionem,
788 1430 841 1493 vel
870 1428 1015 1513 qualibet
1044 1429 1123 1508 slis,
1152 1450 1210 1514 per
1239 1449 1336 1513 quem
1368 1425 1519 1513 impediri
1547 1433 1661 1512 posset
1690 1427 1828 1492 effectus
1852 1446 1926 1511 pro-

273 1526 408 1592 visionis
431 1526 619 1594 huiusmodi
642 1531 695 1596 vel
718 1530 851 1614 differri,
876 1558 931 1607 -;
956 1532 1212 1598 contradictores
1236 1537 1298 1595 etc.

382 1646 457 1713 Dat.
481 1650 644 1736 Lugduni,
668 1651 749 1718 XVI
772 1651 846 1716 Kal.
871 1650 1007 1739 Aprilis,
1031 1651 1228 1717 anno.VI⁰‘¹.

1059 2143 1145 2216 673.

376 2234 596 2328 Innuoenttns
618 2263 675 2329 IV
688 2283 779 2346 papa
809 2264 958 2346 magistw
981 2263 1041 2329 Pb.
1065 2263 1102 2328 de
1127 2264 1250 2329 Assisio
1272 2263 1461 2329 subdiacono
1487 2283 1556 2342 sno,
1588 2264 1741 2330 collectori
1768 2262 1928 2328 vicesimae

270 2385 328 2445 per
355 2365 510 2430 civitatem
539 2370 569 2431 et
597 2367 740 2432 diocesim
763 2367 977 2445 Leodicnsenr,
1008 2368 1166 2451 sigenfredi
1191 2387 1223 2432 se
1247 2368 1353 2450 priori
1381 2373 1410 2432 ct
1438 2368 1603 2432 conoemsri
1625 2368 1738 2434 Sancti
1759 2365 1930 2432 Laurentii

157 2517 163 2526 .
272 2469 464 2547 Leediensis,
486 2491 555 2535 cnnr
578 2472 613 2536 in
635 2471 793 2538 obsidione
815 2472 960 2554 Aqoeasi
981 2473 1082 2538 nratta
1103 2491 1315 2552 expensarum
1338 2491 1434 2536 onera
1456 2471 1618 2548 subierint,
1641 2472 1678 2536 de
1700 2471 1846 2536 cinciana
1867 2469 1929 2534 sibi

206 2619 209 2628 .
272 2571 376 2638 debito
390 2575 557 2656 receptare
572 2593 697 2640 marcas
711 2576 883 2654 rernisisse;
904 2575 1045 2653 enodat,
1066 2595 1105 2640 ne
1120 2594 1171 2640 eos
1185 2594 1279 2656 snper
1294 2576 1348 2641 troc
1363 2574 1508 2642 molestet.
1563 2577 1656 2653 1249,
1672 2574 1775 2641 Mart.
1789 2577 1839 2640 18.

376 2695 441 2749 Inn.
457 2695 507 2751 IV
521 2696 583 2766 Ray.
602 2697 662 2752 Ine.
682 2697 731 2765 VI,
748 2698 823 2764 fids,
840 2713 868 2750 n.
880 2703 936 2750 422.

376 2781 503 2851 Paulina
524 2782 692 2853 Req.13256;
710 2787 807 2855 Beryer
825 2793 899 2839 4414.

303 2961 512 3054 Magistro
541 2965 614 3039 Ph.
644 2966 694 3038 de
724 2965 873 3038 Asisio
903 2963 1183 3038 subdiacono
1211 2966 1368 3034 nostro
1397 2962 1615 3035 canonico
1642 2961 1894 3049 Leodiensi,

357 3083 590 3159 collectori
617 3085 843 3160 vicesime²
871 3106 949 3178 per
975 3083 1202 3157 civitatem
1230 3087 1273 3155 el
1300 3081 1514 3156 diocesim
1540 3083 1849 3156 Leodiensem.

382 3233 447 3298 Per
469 3240 564 3318 grata
586 3234 767 3299 devotionis
801 3235 910 3299 studia
937 3233 1048 3298 dilecti
1076 3232 1308 3317 filii..pri01·
1337 3237 1370 3296 et
1399 3239 1579 3296 conventus
1607 3233 1795 3298 monasterii
1825 3232 1928 3297 sancti

273 3334 442 3400 Laurentii
470 3336 666 3403 Leodiensis
694 3339 813 3403 mereri
844 3343 1032 3417 noscuntur,
1064 3344 1100 3400 ut
1128 3357 1187 3399 nos
1217 3335 1279 3400 sibi
1309 3336 1453 3400 sentient
1482 3341 1515 3401 et
1544 3337 1664 3402 affeetu
1695 3336 1863 3401 benivolos
1894 3341 1927 3400 et

274 3460 373 3524 opere
400 3441 570 3524 gratiosos.
621 3441 702 3507 Cum
731 3442 839 3527 igitur,
876 3443 960 3507 sicut
993 3440 1113 3506 dilecto
1143 3440 1208 3505 filio
1239 3447 1349 3504 nostro
1377 3440 1413 3506 P.
1439 3440 1551 3506 Sancti
1580 3439 1716 3525 Georgii
1745 3440 1785 3504 ad
1807 3438 1927 3504 Velum

274 3541 419 3608 Aureum
454 3544 589 3610 diacono
618 3545 792 3627 cardinali,
828 3551 904 3610 tunc
935 3546 968 3610 in
997 3544 1146 3630 partibus
1174 3544 1239 3608 illis
1269 3544 1451 3630 apostolice
1482 3543 1569 3609 sedis
1602 3544 1726 3629 legate,
1761 3543 1926 3608 referente

273 3637 455 3729 didicimus,
478 3647 578 3714 iidem
601 3650 633 3714 in
657 3651 732 3730 hiis,
755 3672 819 3737 que
844 3657 995 3737 spectant
1018 3648 1058 3712 sd
1082 3649 1240 3713 honorem
1265 3648 1353 3714 sedis
1376 3650 1567 3734 apostolice,
1591 3649 1657 3714 sint
1677 3655 1711 3714 et
1726 3649 1848 3714 fuerint
1863 3667 1927 3712 non

196 3780 221 3818 er,
256 3751 438 3816 'modicum
468 3751 620 3831 studiosi,
655 3754 759 3818 multa
788 3755 821 3818 in
851 3753 1020 3818 obsidione
1045 3753 1213 3837 Aquensi⁰
1245 3773 1466 3838 expensarum
1495 3773 1595 3817 onera
1622 3750 1793 3818 subeundo
1804 3751 1827 3830 ³,
1858 3770 1928 3830 nos,

273 3860 465 3938 reputantes
488 3856 576 3942 ipsos
599 3878 641 3923 ex
665 3857 726 3922 hoc
748 3856 863 3942 dignos
887 3857 998 3922 favore
1022 3858 1128 3941 gratie
1153 3856 1321 3942 specialis,
1350 3857 1399 3920 eis
1423 3854 1464 3921 de
1493 3857 1649 3942 pecunie,
1679 3857 1712 3919 in
1741 3875 1805 3940 qus
1831 3854 1927 3919 nobis

274 3965 308 4022 et
331 3960 402 4024 sedi
425 3960 571 4046 predicte
594 3968 750 4027 tenentur
772 3964 899 4028 ratione
923 3963 1077 4026 vicesime
1102 3961 1286 4026 reddituum
1312 3982 1443 4026 suorum
1468 3981 1547 4046 quos
1571 3960 1694 4024 habent
1710 3980 1730 4022 a
1746 3957 1927 4023 redditibus

275 4111 281 4124 .
299 4111 306 4127 .
330 4061 457 4128 abbatis
481 4067 669 4131 monasterii
692 4065 832 4153 predicti
850 4065 1019 4145 discretos,
1044 4067 1219 4151 sexaginta
1233 4087 1359 4130 marcas
1374 4067 1503 4150 argenti
1521 4064 1673 4129 duximus
1690 4059 1927 4128 remittendasf.

275 4165 481 4248 Mandemus,
505 4170 657 4254 quatinus
679 4171 817 4257 priorem
835 4177 868 4236 et
885 4176 1081 4234 conventum
1100 4170 1245 4255 prefatos
1263 4190 1361 4255 super
1380 4170 1552 4234 exactione
1569 4167 1728 4232 dictarum
1746 4186 1928 4230 marcarum

276 4269 482 4354 aliquatenus
499 4295 562 4337 non
579 4275 743 4354 molestes,
768 4295 828 4337 uec
844 4274 885 4337 ab
902 4273 1012 4358 aliquo
1030 4273 1199 4337 molestari
1216 4273 1397 4359 permittas,
1422 4292 1581 4337 revocans
1605 4272 1637 4335 in
1661 4271 1797 4350 irritum,
1822 4267 1928 4354 siquid

275 4381 388 4438 contra
411 4397 468 4440 eos
493 4399 592 4463 super
613 4378 674 4444 hoc
698 4379 730 4442 in
753 4377 862 4462 aliquo
886 4397 905 4442 a
928 4381 960 4440 te
984 4376 1036 4440 vel
1060 4376 1101 4440 ab
1128 4375 1191 4440 alio
1216 4381 1267 4441 est
1291 4396 1494 4461 processum;
1519 4375 1744 4440 molestatores
1768 4378 1830 4437 etc.

382 4495 458 4564 Dat.
482 4497 645 4584 Lugduni,
668 4498 732 4564 XV
755 4497 830 4563 Kal.
855 4497 990 4584 Aprilis,
1014 4516 1099 4560 anuo
1115 4496 1189 4560 v10.

906 4739 1317 4750 Μ

1058 4966 1145 5039 674.

379 5060 597 5155 Innocentius
617 5089 673 5154 IV
683 5109 773 5172 papa
788 5091 970 5170 praeposito
993 5090 1129 5156 Sanctae
1152 5088 1282 5153 Mariae
1298 5086 1465 5151 Rotundus
1480 5086 1636 5152 Metensis
1658 5087 1782 5151 obtendo
1800 5086 1931 5153 Wirrici

274 5194 311 5260 de
326 5193 422 5260 Dnnc
442 5193 559 5275 repetis
581 5193 687 5256 curiae
709 5192 891 5257 marescalci
907 5193 1045 5271 retondat,
1068 5197 1104 5257 nt
1121 5191 1296 5277 sacerdo]
1311 5192 1403 5256 electo
1420 5191 1652 5268 Wormatiensi,
1673 5191 1773 5271 fiatri
1790 5189 1931 5269 Wirrici,

379 5421 403 5484 ⁸)
421 5423 458 5472 nc
477 5419 507 5472 It.
618 5417 644 5485 ¹¹)
662 5421 741 5472 suem
760 5419 791 5470 n.
900 5419 923 5485 υ)
942 5438 994 5486 qus
1011 5420 1043 5472 n.
1155 5419 1179 5486 a)
1198 5423 1256 5474 Dat.
1276 5429 1402 5488 utsupra
1419 5419 1451 5470 R.
1564 5417 1749 5484 ⁰)dque1'1R.
1854 5414 1874 5480 f)
1893 5435 1930 5470 rs·

277 5509 415 5560 mittendos
433 5506 465 5558 B.

379 5625 405 5689 1)
426 5622 592 5677 Mutinensis
608 5623 700 5677 ciuitas
718 5630 832 5690 a.1249‚
856 5623 918 5678 Dee.
935 5631 962 5678 15
979 5625 1013 5678 ab
1035 5625 1192 5692 inperatore
1215 5621 1318 5690 deleam
1343 5621 1572 5689 serame-untes,
1598 5623 1614 5677 l.
1630 5640 1650 5677 e.
1670 5629 1773 5690 3793a;
1794 5623 1827 5688 of.
1846 5629 1932 5679 3775a

275 5714 387 5764 astas.
475 5711 502 5774 2)
523 5709 562 5774 Cf.
581 5725 608 5762 n.
622 5717 675 5764 615.
764 5709 791 5776 3)
812 5709 853 5775 Cf.
873 5707 1110 5778 Bonam-Fene,
1127 5711 1177 5765 dc.
1196 5709 1293 5764 49321).

381 5805 445 5858 Ideo.
467 5805 546 5859 Pour.
566 5804 600 5859 ΙΙ.
1691 5803 1722 5859 61
