4790 6340
434 363 496 430 298
989 360 1036 415 ux
1055 357 1272 416 innocuum
1289 362 1328 417 lV
1346 357 1525 418 audranno

436 556 508 600 cum
532 536 575 600 sit
597 536 665 621 legi
687 536 885 600 contrarium
905 534 1093 614 manifeste,
1116 555 1155 598 ac
1178 535 1226 598 eis
1249 536 1413 600 malitiose
1436 537 1583 600 obiciunt
1612 537 1752 601 hominis
1780 536 1922 602 cadaver
1952 534 2079 616 mortui,

435 641 461 704 si
485 639 660 724 contigerit
683 639 761 704 illud
785 639 905 704 alicubi
928 639 1073 725 reperiri.
1118 638 1161 703 Et
1183 660 1243 725 per
1271 639 1334 704 hoe
1365 647 1398 703 et
1424 640 1489 704 elia
1517 642 1710 726 quamplura
1736 641 1893 726 figmenta
1915 639 2080 704 sevientes

434 745 467 810 in
492 744 595 831 ipsos,
619 764 676 808 eos
700 764 799 828 super
821 742 883 808 hiis
905 763 971 806 uon
993 747 1180 822 accusatos,
1203 764 1267 807 non
1289 744 1460 808 confessos
1488 763 1549 808 nee
1577 744 1744 809 convictos
1772 751 1886 809 contra
1908 743 2081 830 privilegia

435 849 500 912 illis
523 848 565 912 ab
589 848 770 933 apostolica
794 845 872 911 sede
896 846 1078 910 clementer
1099 845 1225 910 indulta
1247 847 1389 932 spoliant
1410 853 1525 911 contra
1552 847 1659 912 Deum
1690 854 1722 912 at
1751 849 1908 912 iustitiam
1931 847 2079 912 omnibus

436 951 530 1016 bonis
556 951 632 1032 suis,
656 957 689 1014 et
710 949 829 1029 inedia,
853 948 1038 1014 carceribus
1061 971 1099 1014 aa
1121 955 1170 1013 tot
1193 950 1352 1014 molestiis
1369 951 1533 1036 tantisque
1549 951 1794 1036 gravaminibus
1811 956 1964 1037 premunt
1980 952 2079 1037 ipsos,

435 1054 574 1119 diversis
612 1075 769 1140 penarum
803 1053 979 1138 affligendo
1018 1053 1195 1138 generibus
1233 1059 1265 1117 ct
1304 1059 1406 1118 morte
1445 1055 1632 1140 turpissima
1672 1075 1784 1120 eorum
1826 1055 2081 1142 quamplurimos

437 1157 730 1244 condempnando,
770 1153 856 1243 quod
893 1153 990 1222 iidem
1026 1156 1140 1238 Iudci,
1181 1157 1274 1242 quasi
1312 1157 1493 1223 existentes
1534 1158 1595 1222 sub
1633 1157 1852 1245 predictorum
1888 1157 2080 1245 principum,

435 1263 594 1326 nobilium
617 1267 652 1327 et
673 1268 842 1348 potentum
861 1261 1004 1326 dominio
1021 1260 1193 1326 deterioris
1216 1260 1423 1342 conditionis,
1440 1281 1536 1346 quam
1561 1283 1672 1326 eorum
1695 1268 1807 1349 patres
1831 1263 1892 1326 sub
1908 1261 2080 1327 Pharaone

436 1366 556 1432 luerint
578 1366 611 1430 in
628 1365 769 1453 Egypto,
793 1371 951 1451 coguntur
966 1365 1007 1430 da
1023 1365 1114 1444 locis,
1131 1365 1321 1429 inhabitatis
1345 1365 1385 1430 ab
1410 1367 1458 1430 eis
1482 1371 1514 1430 et
1535 1365 1603 1429 suis
1619 1366 1882 1431 antecessoribus
1899 1386 1918 1428 a
1933 1371 2079 1452 tempore

437 1469 529 1534 cuius
552 1490 616 1534 non
639 1475 732 1534 extat
753 1469 924 1548 memoria,
953 1469 1184 1534 miserabiliter
1207 1469 1356 1542 exulars;
1391 1468 1478 1533 unde
1513 1490 1608 1532 suum
1635 1469 1866 1534 exterminium
1896 1473 2081 1534 metuentes
2136 1491 2160 1528 lu

437 1573 601 1638 duxerunt
631 1571 672 1638 ad
700 1572 879 1658 apostolice
909 1573 997 1638 sedis
1031 1571 1290 1658 providentiam·
1322 1573 1563 1638 recurrendum.
1617 1572 1776 1638 Nolentes
1810 1574 1908 1658 igitur
1940 1573 2084 1658 prefatos

437 1676 556 1742 ludens
579 1675 698 1742 iniusto
722 1675 844 1753 venam,
868 1696 1005 1760 quorum
1021 1675 1268 1741 conversionem
1284 1675 1443 1741 Dominus
1465 1678 1639 1741 miseratus
1662 1683 1827 1764 expectat,
1844 1699 1917 1741 cum
1939 1680 2083 1740 testante

436 1780 595 1867 propheta
629 1777 800 1844 credantur
833 1778 970 1863 reliquie
1014 1779 1103 1843 salve
1149 1778 1223 1844 lieri
1262 1779 1456 1861 eorundem,
1493 1779 1715 1858 mandamusl’,
1754 1783 1905 1865 quatinus
1943 1779 1991 1845 eis
2027 1799 2084 1842 vos

438 1882 631 1948 exhibentes
654 1880 850 1946 favorabiles
880 1889 914 1945 et
942 1881 1115 1966 benignos,
1150 1882 1304 1968 quicquid
1343 1905 1443 1968 super
1471 1884 1640 1970 premissis
1670 1889 1782 1949 contra
1810 1883 1941 1950 eosdem
1964 1881 2085 1948 Iudeos

437 2005 496 2074 por
517 1985 678 2071 predictos
701 1985 856 2072 prelatos,
881 1985 1011 2050 nobiles
1035 1991 1068 2050 et
1088 1991 1242 2071 potentes
1264 1987 1454 2053 inveneritis
1478 1995 1603 2053 temere
1627 1994 1872 2075 attemptatum,
1901 1989 1933 2052 in
1962 1995 2082 2052 statum
2136 2005 2160 2044 1⁵

438 2090 586 2156 debitum
610 2090 757 2175 legitime
782 2097 943 2168 revocato,
967 2110 1031 2154 non
1054 2091 1250 2176 permittatis
1274 2091 1363 2177 ipsos
1386 2091 1427 2156 de
1451 2097 1560 2157 cetero
1584 2114 1683 2179 super
1705 2092 1768 2157 hiis
1785 2091 1837 2156 vel
1861 2091 2019 2157 similibus
2041 2089 2082 2156 ab

439 2193 605 2279 aliquibus
627 2192 771 2258 indebite
794 2193 974 2266 molesteri;
998 2193 1225 2258 molestatores
1248 2202 1340 2260 etc.⁰.

545 2313 622 2380 Dat.
645 2313 807 2400 Lugduni,
829 2314 884 2379 III
905 2313 989 2382 Non.
1013 2315 1072 2380 Iul.
1097 2335 1181 2379 anno
1196 2315 1253 2382 V0.

482 2513 485 2518 ¹
546 2433 608 2500 ln‘¹
631 2431 771 2501 eundem
795 2435 926 2501 modum
949 2435 1204 2523 archiepiscopis
1228 2441 1261 2501 ct
1284 2436 1448 2524 episcopis
1480 2460 1539 2525 per
1569 2457 1706 2518 regnum
1730 2435 1867 2501 Francia
1890 2435 2084 2502 constitutis.

1061 2734 1156 2742 -q—
1166 2735 1176 2739 -
1183 2733 1467 2742 --ψι--ι--η-ω-

1223 2993 1310 3066 410.

545 3103 763 3199 Innocentius
778 3133 802 3197 Ι
806 3132 837 3196 V
840 3153 931 3216 papa
952 3132 1140 3218 [Brnnoni]
1154 3134 1245 3198 electa
1268 3132 1462 3198 Otcmneensi
1482 3132 1623 3210 madet,
1645 3135 1680 3195 nt
1701 3133 1857 3214 dispenset
1876 3151 1945 3195 cnm
1966 3129 2087 3194 cuncis
2137 3153 2164 3195 eo

441 3237 543 3300 tenue
563 3234 779 3320 [Wenceabri]
800 3237 883 3319 repis
904 3235 1072 3300 Belemina
1094 3237 1130 3299 in
1158 3235 1299 3315 Badrin,
1332 3237 1388 3318 qni
1416 3241 1498 3301 nrctn
1531 3237 1598 3300 eins
1628 3236 1763 3301 durante
1793 3235 1956 3300 interdicto
1977 3232 2088 3296 diuina

442 3337 672 3420 manauerint,
1765 3342 1859 3416 2247,
1882 3339 1947 3403 Iul.
1971 3341 2000 3401 6.

550 3459 616 3513 Ima.
631 3459 651 3512 1
654 3458 681 3512 V
696 3458 760 3527 Ray.
780 3459 834 3513 Vol.
848 3459 873 3527 I,
886 3467 949 3525 44οῑ
967 3459 1027 3515 Lu.
1047 3460 1077 3528 V,
1090 3469 1130 3516 14.
1167 3460 1265 3514 Pertrr's'
1276 3461 1409 3529 ternpus·
1420 3461 1581 3515 emelim
1594 3475 1654 3513 curn
1666 3458 1774 3527 Raude,
1789 3456 1849 3512 cau.
1861 3457 1925 3526 dipl.
1938 3455 2088 3523 Morantur,

442 3550 459 3600 a
478 3545 536 3614 111,
549 3562 580 3615 p.
601 3551 638 3614 rc,
655 3561 683 3600 n,
702 3551 761 3600 103.

546 3631 676 3700 Peucen,
696 3631 872 3700 Rq.12699‚·
889 3633 987 3702 Βότρυν
1003 3639 1078 3690 3063.
2139 3638 2165 3677 ²⁸

970 3828 1205 3905 ..electo
1234 3827 1564 3902 Olomueensi.

554 3973 608 4042 Ex
640 3983 733 4064 parte
764 3979 925 4044 carissimi
952 3980 986 4047 in
1016 3977 1147 4043 Christo
1176 3978 1234 4043 filii
1263 3976 1367 4041 nostri
1392 4024 1399 4041 .
1423 4026 1429 4042 .
1453 3978 1540 4062 regis
1562 3975 1698 4042 Boemie
1722 3977 1857 4042 illustris
1885 3975 1947 4042 fuit
1969 3994 2087 4062 propo-

446 4083 542 4146 situm
566 4102 675 4146 coram
698 4084 803 4165 nobis,
827 4081 913 4170 quod
937 4105 1009 4149 cum
1031 4090 1120 4148 terra
1141 4083 1213 4148 eius
1236 4084 1269 4147 in
1291 4079 1435 4164 Budsin,
1458 4104 1518 4169 pro
1542 4105 1581 4148 eo
1606 4082 1693 4169 quod
1714 4082 1883 4169 pacificam
1906 4077 2088 4166 possessio-

445 4205 520 4249 nem
543 4186 750 4274 episcopatus
773 4188 999 4254 Olomucensis
1022 4188 1167 4253 nancisci
1188 4208 1255 4253 non
1277 4193 1426 4273 poteras,
1450 4187 1567 4254 luisset
1594 4187 1789 4254 auctoritate
1816 4189 1928 4251 nostra
1955 4181 2089 4246 ecclesi-

444 4291 545 4356 astice
570 4293 740 4378 supposita
761 4292 947 4374 interdicto,
970 4292 1082 4358 clerici
1105 4291 1254 4357 eiusdem
1272 4297 1358 4358 terra
1374 4295 1464 4357 metu
1479 4292 1583 4378 ipsius
1600 4293 1688 4378 regis
1703 4291 1812 4355 divina
1829 4288 1937 4352 officia
1953 4286 2089 4350 durante
2141 4307 2167 4347 so

443 4393 616 4459 interdicto
639 4395 823 4462 huiusmodi
844 4404 968 4462 temere
993 4396 1200 4463 celebrarunt
1208 4396 1229 4463 ².
1274 4393 1381 4468 Quare
1403 4383 1573 4482 predictus
1590 4418 1650 4462 rex
1665 4394 1759 4460 nobis
1778 4392 1944 4459 humiliter
1964 4388 2089 4476 suppli·

445 4500 547 4581 cavit,
576 4506 611 4564 nt
639 4521 713 4565 cum
743 4499 918 4567 multitudo
952 4501 1050 4566 sitin
1073 4522 1187 4581 causa,
1209 4499 1381 4587 providere
1404 4500 1483 4587 ipsis
1506 4521 1604 4587 super
1626 4500 1686 4564 hoc
1714 4505 1850 4586 paterna
1872 4492 2089 4560 sollicitudine

446 4621 644 4670 curaremus.
694 4602 853 4677 Quocirca
875 4605 1077 4687 mandamus,
1102 4606 1253 4691 quatinus
1277 4626 1350 4670 curn
1367 4603 1492 4670 eisdem
1509 4603 1648 4675 clericis,
1670 4602 1734 4666 illis
1756 4602 1925 4666 dumtaxat
1940 4597 2089 4684 exceptis

446 4709 500 4794 qui
533 4710 665 4774 luerunt
696 4706 882 4773 huiusmodi
916 4709 1186 4796 transgressionis
1220 4716 1371 4788 actores,
1405 4705 1616 4772 auctoritate
1637 4712 1748 4771 nostra
1785 4703 1953 4789 dispenses
1992 4720 2090 4788 super

445 4813 696 4899 irregularitate,
719 4831 815 4899 quam
839 4812 957 4879 exinde
981 4818 1221 4894 contraxerunt,
1244 4813 1388 4877 iniuncta
1410 4811 1457 4875 cis
1481 4812 1662 4898 penitentia
1685 4809 1830 4874 salutari.
2142 4827 2167 4866 ss

553 4937 630 5002 Dat.
652 4936 816 5021 Lugduni,
837 4933 871 5000 Π
892 4935 977 5002 Non.
1000 4935 1087 5011 Iulii,
1112 4956 1197 5002 anno
1221 4933 1367 5022 quinto².

549 5239 574 5304 ⁸)
594 5253 626 5303 ας
652 5237 814 5306 prudentiam
831 5235 917 5304 Regu.
1032 5232 1227 5296 unriureins
1246 5237 1329 5284 vestm
1348 5229 1550 5298 parapostolica
1568 5229 1662 5296 scripta
1679 5228 1829 5280 mandamus
1846 5243 1870 5276 a.
1984 5219 2007 5288 0)
2026 5221 2093 5274 banc

446 5328 589 5394 formulam
605 5325 791 5389 macram,
807 5339 873 5390 pace
890 5322 958 5374 deest
975 5339 1018 5388 op.
1033 5321 1127 5388 Rapa,
1144 5321 1314 5387 supplevimus
1331 5336 1362 5370 ea
1379 5336 1403 5370 o.
1494 5394 1498 5401 .
1516 5314 1542 5382 ἃ)
1560 5318 1591 5367 In
1610 5341 1640 5352 -
1659 5313 1804 5366 constitutis
1821 5311 1992 5378 septenam
2009 5325 2041 5362 aa
2058 5307 2091 5360 B.

552 5481 578 5548 l)
597 5477 641 5533 Dr
657 5479 707 5533 hac
722 5494 751 5532 re
767 5478 799 5544 cf.
817 5475 897 5530 atium
913 5491 941 5528 n.
959 5481 1014 5530 376.
1125 5473 1153 5540 2)
1173 5471 1231 5528 uno
1250 5470 1303 5526 Oct.
1322 5477 1356 5526 29
1378 5487 1454 5539 papa
1479 5467 1599 5538 rffiscopo
1625 5465 1760 5521 Miscensi
1783 5461 1937 5530 mandauit,
1960 5467 1993 5517 ut
2018 5460 2093 5516 inni·

447 5560 1134 5634 mmmcepoatttetduodam'mcnnonicomns
1160 5577 1179 5612 a
1205 5555 1428 5630 rapeBoberntcs
1452 5555 1484 5610 in
1505 5547 2093 5623 menaputnnauaaoansaaam
2144 5551 2170 5592 ⁴⁰

447 5652 597 5722 maltham
614 5653 716 5721 Barna
733 5657 813 5720 33985
831 5649 962 5718 Publica,
983 5647 1048 5720 Rep.
1067 5653 1151 5704 12732.
