4784 6332
430 399 492 461 202
985 391 1032 450 EX
1050 393 1268 450 innocuum
1286 393 1325 448 IV
1345 393 1525 450 REGIS'l'ltO

431 571 650 654 precesserint
672 591 737 634 non
761 575 980 634 memorantes
1003 569 1149 648 iniurias,
1174 569 1348 633 subvenire
1374 569 1504 633 soleant
1526 569 1639 652 aisque
1667 569 1698 632 in
1723 568 1921 633 necessitate
1948 589 2078 632 manum

430 675 597 759 porrigere
626 674 828 739 adiutricem.
883 673 1007 738 Verum
1035 673 1062 736 si
1090 671 1167 736 dicti
1196 671 1338 740 barones
1367 671 1544 756 diligenter
1572 670 1797 745 attenderent,
1829 671 1913 758 quod
1943 672 2079 736 Oeneius

429 777 590 864 lllagnnsl
614 778 803 860 eeclesiam,
830 799 852 842 a
878 799 942 864 qun
970 797 1100 842 ornnem
1124 776 1278 840 honorem
1306 783 1513 862 susceperat,
1548 777 1683 862 cupiens
1713 775 1889 856 bonorare,
1919 783 2080 862 perpetua

429 883 502 968 lege
526 883 687 964 decrevit,
716 888 751 946 ut
777 903 890 946 omnes
913 882 1015 968 ipsius
1040 881 1254 946 iurisdietioni
1283 881 1424 946 subiecti
1455 885 1610 944 statutum
1634 901 1654 944 e
1676 879 1860 946 Theodosio
1882 882 2078 967 imperatore

431 1007 488 1070 pro
516 987 656 1052 ecclesie
686 986 840 1052 libertate
873 985 995 1050 editum
1023 984 1257 1050 inviolabiliter
1279 984 1508 1066 observarent,
1532 984 1686 1050 videlicet
1711 991 1748 1048 ut
1771 983 1965 1070 ‘quicunque
1987 984 2078 1050 litem

428 1089 566 1172 babens,
589 1091 657 1156 sive
680 1090 801 1178 petitor
822 1089 932 1168 luerit,
959 1091 1012 1154 vel
1035 1090 1093 1154 in*
1115 1090 1208 1154 initio
1232 1091 1316 1168 litis,
1348 1089 1399 1154 vel
1423 1089 1569 1154 decursis
1593 1096 1775 1174 temporum
1799 1087 1983 1170 cernentis,
2012 1089 2081 1152 sive

430 1215 504 1258 curn
528 1193 696 1280 negotium
719 1201 907 1282 peroratur,
937 1195 1005 1258 sive
1036 1216 1108 1258 curn
1132 1195 1197 1258 iarn
1221 1195 1347 1282 ceperit
1370 1195 1473 1279 promi
1498 1194 1680 1267 sententia,
1710 1192 1737 1256 si
1761 1191 1917 1256 iudicium
1941 1191 2082 1276 elegerit

431 1302 638 1364 sacrosancte
656 1297 743 1364 sedis
760 1297 926 1378 antistitis,
950 1298 1036 1362 illico
1061 1299 1131 1363 sinc
1154 1299 1264 1384 aliqua
1279 1297 1495 1374 dubitatione,
1518 1296 1648 1362 etiamsi
1670 1318 1744 1382 pars
1766 1295 1872 1362 altere
1885 1295 2081 1382 refragatur,

430 1400 471 1466 ad
499 1401 725 1488 episcoporum
753 1401 909 1467 iudicium
943 1423 1016 1466 cum
1045 1423 1193 1468 sermone
1225 1402 1425 1487 litigantium
1452 1400 1627 1484 dirigetur,
1664 1406 1698 1466 et
1728 1420 1841 1464 omnes
1870 1420 1984 1480 cause,
2016 1421 2080 1486 que

428 1505 571 1591 pretorio
592 1513 625 1571 ct
642 1507 741 1570 etiam
758 1505 843 1570 civili
857 1506 927 1570 iure
941 1512 1132 1584 tractantur,
1151 1507 1381 1591 episcoporum
1398 1501 1592 1570 terminatel
1608 1504 1788 1581 sententiis,
1807 1509 1968 1590 perpetue
1983 1503 2080 1568 robur

433 1608 604 1673 obtineant
626 1609 796 1685 firmitatis,
821 1617 854 1674 et
877 1611 1062 1695 negotium,
1087 1608 1172 1695 quod
1196 1609 1315 1673 iudicio
1338 1608 1482 1695 ipsorum
1506 1607 1682 1681 deciditur,
1713 1628 1920 1693 nequaquam
1943 1607 2081 1672 ulterius

433 1713 474 1778 ab
498 1713 608 1796 aliquo
632 1715 847 1778 retractetur'.
893 1712 945 1777 ux
975 1733 1037 1798 quo
1060 1714 1234 1778 manifesta
1256 1713 1396 1800 potestis
1419 1712 1544 1776 ratione
1567 1711 1786 1797 perpendere,
1810 1733 1907 1797 qnam
1936 1712 2081 1796 iniquum

436 1815 585 1880 videatur
614 1824 647 1882 et
676 1817 847 1894 absonum,
877 1819 903 1880 si
933 1816 1036 1881 honor
1058 1817 1215 1897 ecclesie,
1246 1838 1309 1901 que
1332 1823 1398 1880 tarn
1422 1815 1554 1902 grandis
1578 1814 1737 1880 libertatis
1766 1815 1938 1902 privilegio
1962 1814 2082 1880 donata

432 1918 623 1998 dinoscitur,
654 1921 686 1984 in
716 1919 778 1984 illis
800 1921 1074 2000 immunitatibus,
1100 1941 1162 2006 que
1186 1922 1288 1985 multo
1313 1920 1469 2006 predictis
1493 1926 1671 1984 noscuntur
1695 1941 1767 1986 esse
1784 1920 1936 1998 minores,
1960 1919 2081 1984 nostris

431 2021 634 2106 temporibus
658 2021 856 2087 decurtatur.

541 2125 577 2191 Si
600 2126 684 2190 elias
700 2126 840 2192 barones
862 2129 925 2214 ipsi
942 2133 1128 2214 pensarent,
1146 2126 1230 2212 quod
1247 2148 1371 2193 omnes.
1396 2129 1450 2213 qui
1467 2135 1660 2212 presumunt
1674 2133 1797 2192 statute
1813 2126 1952 2191 condere
1969 2133 2082 2190 contra

430 2231 688 2296 ecclesiasticam
705 2232 903 2310 libertatem,
921 2239 997 2298 sunt
1020 2233 1091 2318 ipso
1115 2234 1201 2297 lecto
1219 2232 1564 2297 excommunicationis
1581 2233 1745 2298 sententia
1764 2229 1921 2310 innodati,
1944 2230 2081 2296 forsitan

430 2356 495 2398 non
527 2337 767 2420 processissent
796 2337 838 2400 ed
866 2338 944 2401 talia
975 2359 1035 2402 nec
1067 2337 1165 2400 otiam
1196 2337 1414 2423 persisterent
1443 2337 1474 2400 in
1505 2337 1646 2405 eisdem:
1678 2336 1736 2402 sed
1766 2337 1843 2422 qnia
1866 2333 2016 2399 fortassis
2040 2333 2082 2398 ad

431 2460 543 2503 corum
572 2460 636 2503 non
659 2452 861 2526 pervenere⁰
884 2441 1048 2517 notitiem,
1082 2447 1116 2505 ut
1144 2442 1271 2505 occasio
1301 2440 1342 2505 de
1365 2443 1547 2527 ignorantia
1570 2449 1603 2507 et
1627 2441 1713 2526 quod
1737 2461 1800 2504 non
1824 2439 1947 2504 luerint
1969 2436 2082 2502 moniti

431 2543 563 2607 omnino
587 2545 737 2622 tollatur,
766 2545 838 2630 ipsa
861 2546 926 2619 cis,
950 2545 1036 2630 quod
1053 2545 1211 2610 desistant
1234 2546 1275 2609 ab
1300 2535 1500 2626 huiusmodi,
1525 2566 1584 2631 per
1606 2544 1733 2628 aliquos
1755 2549 1910 2622 vestrum,
1935 2564 2016 2628 quos
2040 2542 2081 2608 ad
2134 2561 2160 2598 ‘³⁰

434 2646 495 2711 hec
519 2647 654 2713 idoneos
671 2643 825 2724 videritis,
849 2650 991 2713 nuntiari
1008 2649 1155 2714 velumus
1179 2656 1212 2714 et
1235 2650 1353 2735 exponi
1377 2671 1415 2713 ac
1439 2671 1494 2714 eos
1518 2649 1559 2714 ad
1583 2648 1615 2714 id
1639 2647 1786 2713 sollicitis
1811 2647 1943 2712 monitis
1967 2655 2000 2712 ct
2022 2670 2081 2714 ex-

430 2750 671 2816 hortationibus
687 2750 862 2836 diligenter
884 2753 1004 2818 induci.
1050 2752 1146 2828 Quod
1169 2755 1198 2818 si
1221 2754 1303 2819 forte
1327 2754 1368 2818 ad
1392 2753 1452 2817 hoc
1467 2754 1587 2839 prefati
1603 2752 1743 2817 barones
1759 2753 1846 2817 flecti
1863 2753 2082 2838 nequiverint.

430 2854 551 2939 aliquid
583 2853 622 2918 dc
646 2855 808 2920 insufflata
833 2857 977 2942 ipsorum
1006 2858 1138 2923 auribus
1163 2859 1322 2924 lennento
1346 2857 1492 2942 nequitie
1515 2858 1712 2933 retinentes,
1743 2876 1815 2920 curn
1846 2856 2001 2939 scriptum
2024 2857 2082 2920 sit:

294 2977 330 3018 aa.
346 2984 378 3024 a,
404 3005 409 3017 .
431 2961 492 3024 ‘Ne
521 2981 680 3047 prospera
709 2966 742 3024 te
772 2960 916 3025 allevent
943 2983 1003 3025 nec
1028 2961 1167 3026 adversa
1190 2960 1385 3038 demittant',
1414 2983 1486 3030 vos.
1518 2969 1690 3048 sperantes
1712 2961 1746 3025 in
1769 2960 1839 3034 ille,
1867 2961 1922 3044 qui
1947 2961 2082 3046 colliga-

432 3065 538 3128 tiones
562 3063 739 3149 impietatis
764 3068 797 3128 et
820 3063 993 3128 fasciculos
1008 3063 1232 3150 deprimentes
1257 3085 1316 3127 sua
1339 3066 1459 3130 virtute
1483 3065 1643 3144 dissolvit,
1666 3085 1705 3128 ac
1728 3062 1973 3128 considerantes
1997 3063 2082 3150 quod
2136 3079 2161 3115 ’ὣ

299 3181 336 3223 Ιέ-
353 3186 403 3232 at·
433 3167 588 3243 ecclesia,
619 3173 733 3230 contra
763 3188 859 3251 quarn
887 3167 985 3230 etiarn
1014 3174 1106 3252 porte
1139 3167 1233 3232 inleri
1259 3189 1321 3232 non
1349 3168 1586 3254 prevalebunt,
1615 3167 1786 3232 consuevit
1812 3167 1844 3231 in
1872 3167 2083 3232 tribulatione

432 3273 525 3337 iuxta
559 3269 694 3336 verbum
721 3269 948 3355 propheticum
977 3269 1117 3348 dilatari,
1142 3273 1294 3335 statuatis
1318 3273 1534 3358 vosmetipsos
1568 3272 1602 3336 in
1629 3270 1820 3336 defensione
1860 3270 2083 3336 ecclesiastice

276 3388 418 3436 lenanu·
429 3374 591 3440 libertatis
623 3373 775 3460 exemplo
805 3373 967 3460 prophete
992 3376 1156 3440 civitatem
1180 3377 1336 3440 munitam
1366 3382 1399 3441 et
1427 3376 1612 3442 columnam
1639 3375 1798 3453 terream,
1830 3373 1929 3439 nichil
1953 3375 2083 3462 penitus

429 3484 630 3552 metuentes;
662 3477 720 3542 sed
749 3477 856 3543 cordis
884 3481 1001 3544 armati
1037 3483 1235 3559 constantia,
1268 3502 1363 3566 quarn
1392 3481 1482 3545 nulla
1511 3481 1618 3566 possit
1646 3480 1885 3565 persecutionis
1909 3485 2082 3565 penetrare

429 3585 564 3668 sagitte,
595 3603 721 3646 murum
750 3605 807 3667 pro
831 3583 927 3649 domo
952 3585 1086 3650 Domini
1110 3607 1168 3650 vos
1192 3585 1329 3649 viriliter
1351 3591 1566 3671 opponentes.
1590 3605 1629 3648 ea
1651 3583 1814 3663 libertate,
1839 3583 1871 3647 in
1894 3585 1985 3648 cuius
2009 3567 2081 3668 pos-
2135 3607 2162 3644 so

431 3686 578 3752 sessione
609 3684 716 3750 adhuc
746 3687 901 3752 extitistis
930 3697 963 3754 et
992 3711 1055 3774 qua
1084 3689 1241 3754 haetenus
1271 3689 1322 3752 usi
1351 3687 1450 3762 cetis,
1489 3685 1690 3752 confidenter
1718 3688 1871 3767 utamini,
1907 3693 1941 3752 et
1970 3692 2084 3752 contra

429 3790 573 3856 rebelles
591 3788 807 3874 procedentes
830 3799 927 3878 prout
950 3793 1111 3859 convenit.
1137 3799 1259 3857 statuta
1282 3797 1395 3856 contra
1411 3791 1596 3856 libertatern
1613 3791 1867 3854 ecclesiasticam
1891 3795 2085 3874 attemptata

428 3895 519 3958 irrita
549 3892 743 3973 nuntiando,
773 3917 830 3961 vos
863 3903 920 3960 eut
947 3896 1097 3962 subditos
1129 3902 1255 3962 vestros
1284 3896 1385 3983 ipsius
1418 3917 1482 3960 non
1510 3896 1707 3981 permittatis
1738 3895 1908 3960 commodo
1939 3895 2084 3980 spoliari,

428 4020 487 4085 pro
510 3999 602 4062 firmo
633 3999 791 4078 scientes,
821 4001 907 4085 quod
938 4023 1010 4066 euru
1045 4003 1218 4068 eeclesiam
1243 4001 1448 4066 Gallicanam
1482 4003 1616 4087 speciali
1643 3999 1816 4066 affectione
1845 4000 1929 4065 inter
1957 4005 2082 4064 ceteras

430 4102 519 4167 orbis
552 4103 708 4168 ecclesias
737 4103 927 4189 diligamus,
961 4105 1054 4171 vobis
1085 4097 1307 4171 omnimodum
1339 4107 1370 4170 in
1401 4106 1649 4171 conservatione
1677 4105 1796 4168 iuriurn
1827 4113 1860 4172 et
1891 4105 2081 4170 libertatum
2135 4124 2160 4160 :a

430 4213 626 4282 vestrarum,
652 4204 750 4272 dante
775 4208 926 4290 Domino,
951 4211 1120 4275 consilinm
1145 4218 1180 4275 et
1202 4211 1360 4275 auxilium
1384 4209 1623 4296 impendemus.

540 4307 716 4387 Ceterum,
749 4332 822 4376 cum
856 4313 933 4378 clim
964 4314 1071 4379 felicis
1099 4313 1335 4379 recordationis
1359 4312 1526 4378 Honorius
1558 4334 1643 4399 papa
1672 4313 1890 4399 predecessor
1918 4318 2030 4377 noster
2053 4313 2084 4375 in

430 4435 544 4478 omnes
568 4414 677 4499 aliqua
703 4422 826 4480 statuta
849 4424 963 4481 contra
986 4417 1244 4483 eeclesiasticam
1268 4417 1455 4481 libertatem
1479 4415 1617 4481 edentes
1639 4415 1987 4483 excommunicationis
2011 4435 2084 4480 sen-

430 4517 564 4582 tentiam
588 4518 718 4594 tulcrit,
743 4525 777 4582 et
801 4541 900 4605 super
923 4520 985 4585 hoe
1009 4542 1167 4586 canonem
1191 4523 1257 4585 late
1275 4519 1437 4584 sententie
1452 4521 1697 4607 promulgaritd,
1722 4543 1780 4586 nos
1801 4521 1906 4608 ipsius
1927 4525 2083 4590 tenorem,

431 4627 467 4684 ut
491 4643 565 4684 eum
589 4621 802 4709 solempniter
817 4623 976 4709 publicari
999 4631 1033 4689 et
1056 4626 1179 4690 servari
1202 4625 1234 4688 in
1259 4624 1376 4688 vestris
1392 4623 1577 4690 diocesibus
1600 4660 1642 4672 -
1666 4624 1953 4690 nonobstantibus
1977 4622 2083 4688 indul·
2136 4639 2162 4676 ⁴⁰

431 4724 551 4808 gentiis
576 4725 627 4789 vel
652 4725 832 4811 privilegiis
856 4727 1102 4813 quibuscunque
1127 4728 1167 4792 ab
1195 4729 1376 4814 apostolica
1400 4727 1478 4793 sede
1505 4728 1670 4792 concessis
1693 4765 1733 4774 -
1757 4728 1978 4814 appellatione
1995 4732 2085 4812 post-

432 4828 536 4913 posita
558 4829 697 4908 faciatis,
720 4829 814 4894 vobis
838 4829 991 4895 duximus
1015 4832 1317 4906 transmittendum
1342 4833 1397 4918 qui
1421 4833 1495 4896 telis
1519 4831 1604 4896 cst²:

539 4930 713 5014 Noveritis,
738 4933 823 5019 quod
847 4955 903 4998 nos
927 4936 958 4998 in
982 4934 1120 4999 basilice
1143 4935 1297 5021 principis
1321 4936 1543 5020 apostolorum
1567 4942 1628 5000 etc.
1652 4956 1771 5020 usque:
1795 4934 1945 4998 iudicata.

540 5034 616 5099 Dat.
639 5035 804 5120 Lugduni,
827 5037 862 5100 II
885 5037 968 5102 Non.
991 5038 1121 5102 Ianuar.
1146 5059 1233 5102 anno
1255 5037 1314 5104 IV.

633 5197 738 5202 ..-—.—-
745 5197 827 5202 —...-
836 5197 925 5202 ..ᾐ-
938 5197 959 5202 .-
969 5197 989 5202 -.
1008 5196 1018 5202 .
1340 5197 1424 5202 —-—.
1430 5197 1608 5203 ——-—-
1618 5195 1764 5203 ..——-----
1781 5195 1981 5204 ---...-.--.-

535 5301 559 5360 ⁵)
579 5300 604 5350 in
623 5299 691 5351 deest
709 5299 759 5360 D.,·
776 5301 803 5350 in
822 5299 904 5350 medio
929 5299 958 5349 V.
1044 5297 1070 5362 b)
1090 5297 1124 5350 D.
1144 5297 1187 5362 V.,·
1203 5300 1339 5352 terminare
1360 5301 1442 5368 Rapa
1524 5299 1548 5361 0)
1568 5300 1601 5351 D.
1621 5299 1654 5359 V,·
1675 5299 1791 5367 pervenit
1809 5297 1894 5365 Rapis.
1982 5296 2007 5362 d)
2027 5307 2082 5364 'pro-
2136 5309 2162 5350 tt

432 5387 559 5452 nrulgevit
576 5384 662 5452 Rapa.

479 5611 516 5678 Os
537 5529 561 5594 1)
573 5526 620 5665 16ss
640 5543 677 5596 cp.
698 5526 842 5581 Ludccoico
861 5526 911 5579 IX
926 5526 980 5594 rapi
1001 5526 1049 5580 ordi
1065 5533 1182 5596 e.1236,
1214 5527 1291 5582 Febr.
1316 5535 1349 5584 15
1370 5527 1402 5584 de
1425 5527 1513 5584 endem
1538 5545 1622 5584 caasa
1643 5528 1761 5594 mutarn,
1784 5533 1801 5582 t.
1821 5528 1889 5596 I,p.
1907 5535 1964 5596 568,
1983 5545 2010 5583 a.
2029 5537 2084 5584 672.

433 5614 459 5679 a)
511 5617 552 5666 ‚a
589 5630 640 5681 ,μ
660 5619 709 5668 sao
726 5614 757 5666 a
774 5631 814 5685 ap.
832 5614 874 5667 cu.
