4328 6232
754 346 804 402 EX
823 346 1041 404 innocuuun
1058 347 1098 402 IV
1116 345 1296 429 arelauno

985 736 1073 809 601.

304 848 522 942 Innocentius
545 874 603 940 IV
617 896 706 956 popo
728 875 876 956 rrrreoistro
898 874 1058 960 Adtnulfo
1080 876 1117 940 dc
1139 876 1266 959 Arpiuo
1288 877 1428 941 ruralem
1454 877 1612 942 mosara
1639 879 1745 941 sandi
1767 876 1860 941 Petri

199 982 237 1047 de
263 981 500 1064 Gompomoyn„
531 1001 552 1042 o
580 980 729 1060 europistro
751 977 899 1044 Berardo
923 976 1075 1044 Caroeolo
1103 979 1266 1060 capellano
1283 1000 1403 1063 popae,
1431 982 1605 1062 professore
1634 982 1720 1045 iaris
1744 982 1859 1059 ciuilis,

198 1084 262 1167 ipsi
284 1084 443 1161 collatam,
472 1102 536 1145 non
562 1082 700 1147 otetonte
722 1081 751 1146 ci
773 1102 810 1147 eo
831 1100 852 1143 o
874 1080 1076 1167 Fr[idere'oo]
1097 1082 1255 1163 qnondmn
1277 1083 1463 1163 imperatore
1483 1085 1545 1149 olii
1566 1085 1682 1150 colna
1702 1087 1758 1161 sit,
1787 1105 1861 1149 con

197 1188 316 1268 finnot.
343 1223 376 1233 -
403 1183 751 1249 Abbatemsoeontoris
773 1185 1210 1252 emmeramensem
1235 1186 1375 1254 coemo
1396 1191 1587 1254 executorem
1608 1189 1781 1254 moatituit.

1514 1293 1609 1370 1248,
1634 1290 1701 1358 Oct.
1715 1293 1769 1359 25.

305 1409 369 1464 Ima
387 1407 435 1462 IV
450 1407 516 1476 Ray.
535 1406 594 1462 Lao.
614 1405 663 1474 VI,
686 1407 770 1474 s.36,
793 1424 820 1462 n.
839 1415 891 1463 445
912 1412 936 1461 et
954 1414 1011 1462 446.
1050 1407 1188 1477 Epiatow
1214 1425 1270 1462 non
1296 1414 1358 1465 arde
1383 1410 1492 1464 tuition
1513 1411 1612 1466 nuens
1634 1410 1722 1480 Apul.
1744 1429 1773 1466 a
1793 1418 1862 1467 1249

200 1496 353 1566 repictratae
368 1499 441 1548 amu.

303 1581 431 1649 noman,
452 1580 514 1650 aa.
529 1586 608 1636 rcocc
625 1585 650 1634 a
669 1586 762 1646 reson·
779 1581 877 1650 serpe
893 1585 999 1635 rnre
1016 1586 1091 1636 liae.

1015 1771 1042 1835 Ι.

253 1899 464 1992 Magistro
492 1898 711 1971 Adinnlfo
740 1899 792 1970 de
820 1896 991 1989 Arpina
1019 1900 1238 1974 canonico
1267 1902 1456 1976 ecclesie
1482 1909 1641 1978 sancte
1668 1904 1806 1978 Marte
1839 1942 1846 1953 ·

611 2016 756 2091 Castri
783 2018 1012 2110 Scipionis
1039 2020 1209 2094 Sorane
1236 2021 1447 2095 diocesia.

309 2170 487 2234 Personam
511 2174 600 2232 tuam
624 2167 756 2231 sincera
778 2167 953 2252 diligentes
978 2168 1010 2231 iu
1032 2167 1174 2233 Domino
1198 2169 1350 2248 caritate,
1378 2170 1521 2235 libenter
1548 2173 1613 2236 tuis
1641 2174 1858 2259 petitionibus

200 2275 381 2359 benignum
410 2271 661 2337 accomodamus
689 2270 852 2351 auditum,
882 2292 939 2336 eas
970 2272 1126 2358 precipue
1154 2273 1196 2336 ad
1224 2273 1444 2339 exauditionis
1473 2275 1614 2361 gratiam
1643 2276 1857 2349 admittendo,

202 2399 265 2463 que
288 2383 380 2441 tuum
402 2376 561 2441 honorem
585 2380 618 2439 et
642 2373 812 2439 comodum
835 2375 1024 2460 specialiter
1045 2376 1213 2461 respicere
1229 2376 1452 2443 dinoscuntur.
1492 2377 1574 2443 Cum
1590 2380 1703 2465 itaque
1719 2381 1858 2447 dilectus

202 2482 287 2546 filius
317 2480 474 2566 magister
496 2477 663 2544 Berardus
688 2476 865 2541 Oarazolus
894 2479 1084 2564 capellanus
1115 2487 1237 2559 noster,
1266 2481 1346 2545 iuris
1375 2482 1477 2545 civilis
1506 2482 1684 2568 professor,
1714 2485 1856 2550 ruralem

203 2584 378 2650 ecclesiam
410 2583 512 2648 sancti
535 2582 627 2646 Petri
653 2580 694 2644 de
719 2578 969 2666 Campomayn.⁸
992 2580 1117 2646 Somne
1147 2581 1301 2660 diocesis,
1334 2605 1397 2669 quc
1426 2606 1485 2671 per
1513 2587 1673 2650 mortemb
1702 2587 1857 2653 Iohannis

203 2688 243 2752 de
268 2686 384 2773 Gaydo
408 2687 546 2751 rectoris
570 2685 674 2770 ipsius
697 2682 737 2746 de
760 2684 831 2748 iure
853 2685 1010 2762 vacabat,
1041 2684 1081 2750 de
1110 2687 1245 2771 speciali
1274 2686 1430 2752 mandato
1453 2694 1564 2753 nostro
1588 2689 1648 2754 tibi
1671 2693 1858 2769 contulerit,

203 2797 300 2877 prout
321 2791 355 2854 in
377 2791 480 2876 ipsius
503 2789 622 2852 litteris
645 2786 721 2851 inde
750 2788 909 2851 confectis
936 2789 1065 2875 plenius
1094 2790 1287 2869 continetur,
1318 2812 1389 2869 nos,
1421 2792 1485 2856 tuis
1514 2793 1668 2878 precibus
1700 2795 1857 2873 inclinati,

203 2895 413 2959 collationem
444 2890 630 2956 huiusmodi
658 2897 784 2976 gratam
816 2896 850 2955 et
876 2899 979 2956 ratam
1011 2892 1187 2973 habentes,
1218 2915 1289 2958 cam
1314 2930 1354 2940 —
1383 2916 1447 2958 nou
1476 2896 1629 2962 obstante
1660 2898 1688 2961 si
1719 2898 1858 2962 ecelesia

202 2998 274 3083 ipsa
297 3018 357 3082 per
378 2996 432 3061 Fr.
455 2994 618 3079 quondam
641 2995 863 3060 Romanorum
888 2997 1118 3082 imperatorem
1142 2997 1195 3062 vel
1220 3019 1279 3083 per
1302 2998 1458 3062 officiales
1482 3020 1559 3063 suos
1583 3000 1639 3064 alii
1661 3001 1705 3064 sit
1727 3001 1857 3081 collata,

204 3121 263 3165 eeu
287 3100 372 3185 quod
395 3100 477 3164 alias
500 3098 713 3164 beneficiatus
738 3100 853 3165 existis
878 3101 1134 3165 -auctoritate
1158 3102 1342 3187 apostolica
1371 3105 1598 3166 confirmamus
1630 3109 1664 3168 et
1693 3106 1856 3189 presentis

203 3203 315 3289 scripti
345 3204 524 3289 patrocinio
556 3204 808 3282 communimus,
840 3203 1056 3268 decernentes
1088 3205 1212 3268 irritum
1245 3211 1278 3269 et
1308 3205 1419 3281 inane,
1452 3207 1478 3269 si
1508 3212 1622 3271 contra
1651 3208 1858 3272 collationem

204 3308 309 3393 ipsam
341 3313 375 3372 et
402 3305 591 3371 huiusmodi
621 3306 899 3370 confirmationem
927 3312 1071 3370 nostram
1107 3307 1280 3392 contigerit
1314 3309 1436 3393 aliquid
1470 3311 1673 3396 attemptari,
1711 3317 1858 3376 tenorem

202 3410 384 3476 litterarum
408 3411 553 3496 ipsarum
576 3410 784 3495 presentibus
807 3409 848 3474 de
874 3410 972 3474 verbo
997 3410 1038 3473 ad
1064 3411 1198 3474 verbum
1221 3410 1322 3475 inseri
1345 3409 1505 3491 faciendo,
1528 3413 1584 3497 qui
1607 3412 1684 3476 talis
1708 3420 1777 3478 est:

310 3514 390 3579 Viro
413 3512 546 3599 provido
570 3519 603 3578 et
626 3511 767 3577 discreto
791 3513 947 3598 magistro
972 3512 1137 3577 Adenulfo
1162 3512 1203 3578 de
1228 3513 1352 3599 Arpino
1381 3516 1539 3579 canonico
1570 3516 1712 3582 ecclesie
1746 3526 1857 3583 sancte

202 3616 307 3681 Maria
330 3615 437 3681 Castri
460 3617 624 3703 Scipionis
654 3615 779 3681 Sorano
812 3615 952 3679 diocesis
981 3615 1147 3680 Berardus
1176 3614 1352 3681 Oarazolus
1383 3617 1506 3681 domini
1537 3638 1623 3703 papo
1655 3621 1857 3705 capellanus,

203 3720 281 3783 iuris
305 3720 409 3783 civilis
433 3720 609 3806 professor,
633 3720 774 3783 salutem
796 3720 829 3782 in
849 3717 1001 3783 Domino.
1042 3718 1123 3783 Sum
1148 3717 1298 3784 dominus
1323 3725 1357 3784 et
1379 3726 1474 3805 pater
1496 3727 1609 3785 noster
1632 3724 1858 3788 sanctissimus

203 3821 411 3886 Innocentius
435 3842 580 3886 summus
609 3822 758 3907 pontifex
781 3823 896 3886 volens
927 3822 985 3886 tibi
1015 3822 1123 3888 facere
1152 3823 1290 3908 gratiam
1322 3823 1496 3908 specialem
1528 3824 1622 3889 nobis
1650 3826 1859 3901 iniuncxarit,

203 3931 239 3989 ut
260 3927 403 3990 ruralem
426 3925 601 3990 ecclesiam
625 3926 730 3989 sancti
753 3925 843 3990 Petri
868 3925 909 3989 de
935 3924 1185 4011 Campomayn.·
1208 3925 1334 3990 Sorane
1358 3924 1516 4007 diocesis,
1548 3949 1611 4012 que
1640 3950 1700 4014 per
1721 3936 1857 3994 mortem

202 4027 357 4093 Iohannis
387 4028 428 4093 de
459 4028 574 4115 Gaydo
603 4028 741 4093 rectoris
774 4028 920 4093 eiusdem
952 4027 993 4093 de
1022 4029 1093 4093 iure
1122 4029 1276 4106 vacabat,
1312 4028 1370 4094 tibi
1404 4033 1602 4095 auctoritate
1632 4009 1858 4098 conferrem‘us

202 4132 305 4219 ipsius
325 4154 446 4198 -uon
470 4133 622 4198 obstante
646 4133 672 4197 si
696 4132 783 4196 dicta
806 4133 948 4198 ecclesia
971 4154 1030 4218 per
1045 4132 1099 4196 Fr.
1125 4133 1285 4219 quondam
1301 4132 1523 4198 Romanorum
1546 4135 1782 4220 imperatorem
1807 4137 1857 4200 vel

105 4265 107 4269 ’
202 4257 261 4321 per
284 4236 442 4302 officiales
468 4255 545 4300 suos
569 4236 624 4301 alii
638 4237 680 4300 sit
696 4236 824 4318 collata,
849 4257 910 4302 seu
925 4236 1012 4320 quod
1028 4235 1109 4300 alias
1126 4235 1340 4300 beneficiatus
1357 4236 1472 4301 existis
1490 4259 1546 4299 —:
1570 4258 1631 4301 uos
1646 4236 1687 4302 de
1704 4239 1860 4304 mandato

203 4339 360 4426 speciali⁰
381 4338 520 4424 predicti
548 4340 665 4404 summi
696 4341 857 4426 pontificis
888 4339 947 4404 tibi
971 4341 1143 4404 ecclesiam
1168 4339 1317 4425 predicto
1341 4340 1438 4404 modo
1463 4346 1635 4406 vacantem
1658 4343 1860 4408 conferimus

203 4450 427 4508 memoratam.
471 4442 524 4507 Ad
552 4443 648 4507 huius
672 4450 782 4508 autem
805 4444 853 4508 rei
875 4443 1065 4507 memoriam
1088 4449 1260 4529 presentes
1284 4443 1411 4508 litterae
1434 4444 1505 4508 fieri
1528 4443 1667 4509 fecimus
1691 4452 1725 4510 et
1748 4453 1859 4511 nostro

203 4545 310 4631 sigillo
334 4546 462 4611 muniri.

312 4668 384 4730 Act.
401 4665 564 4751 Lugduni,
580 4665 683 4730 VIIII
698 4664 774 4731 Kal.
789 4664 998 4743 Novembris,
1022 4665 1229 4751 pontificatue
1254 4664 1423 4730 eiusdem‘¹
1440 4664 1563 4729 domiui
1579 4686 1665 4751 pape
1680 4688 1770 4732 anuo
1783 4667 1858 4734 V10.

309 4786 399 4850 Nulli
423 4807 499 4872 ergo
522 4794 584 4851 etc.
608 4794 717 4851 nostre
741 4786 997 4851 confirmationis
1022 4794 1056 4851 et
1078 4785 1318 4850 constitutionis
1342 4793 1404 4851 otc.

309 4905 386 4972 Dat.
409 4907 590 4991 Lugduni0,
612 4905 697 4971 VIII
720 4905 794 4970 Kal.
817 4905 1023 4988 Novembris,
1047 4905 1223 4971 annoV10.

308 5201 332 5265 ⁸)
350 5203 525 5269 Campomayfi
545 5201 577 5252 n.
678 5200 703 5266 b)
722 5203 820 5254 litterae
838 5205 883 5253 ote
899 5203 927 5252 in
945 5203 1000 5254 loco
1017 5220 1088 5254 raro.
1193 5203 1216 5267 ο)
1234 5203 1337 5270 speciali
1355 5205 1382 5254 in
1401 5204 1456 5254 loeo
1474 5220 1545 5255 roeo.
1649 5201 1675 5266 ¹¹)
1694 5207 1856 5270 pontificum

200 5288 315 5340 eiusdem
333 5287 361 5338 in
379 5287 433 5339 loco
451 5305 521 5341 roeo.
627 5294 650 5352 θ)
668 5287 751 5356 Lugd'
769 5290 976 5355 superscriptam.

200 5440 1851 5510 bbmmaawaaptnummecdanmnwnammmaiudmdeordmmeadnedmtuifidmbmindntm,

200 5526 1852 5598 manantiumaraiuoaanamnuowmaaumuoaumummammtaeuwmr,m

200 5613 877 5687 firmvit5Berper4m;Pottttaat‚Rrp.1306a
