4328 6232
269 374 330 436 176
820 365 868 420 Ex
886 362 1104 421 INNOCENTH
1122 362 1161 417 IV
1180 360 1360 417 nocturno

259 544 438 609 stitutionis
463 551 556 607 tenor
572 543 732 628 exposcit,
756 549 792 605 ut
807 539 956 604 ecclesiis
974 538 1034 601 sub
1050 537 1201 602 Romano
1217 536 1354 621 imperio
1371 536 1557 600 constitutis
1573 535 1699 599 sollerti
1716 534 1922 598 debeamus·

259 647 445 733 provisione
477 646 668 724 consulere,
701 653 734 709 et
756 650 793 707 ut
816 664 928 708 earum
952 643 1025 706 iura
1048 643 1117 706 sive
1141 642 1370 726 possessiones
1395 642 1465 705 siue
1489 639 1615 705 lesione
1644 644 1830 713 serventur,
1860 638 1920 701 im·

259 752 393 838 periclis
418 747 602 837 privilegiib
625 749 803 813 munimine
827 746 1014 812 subvenire.
1053 744 1187 810 Cunctis
1210 744 1312 830 igitur
1334 746 1438 810 nostri
1452 745 1581 831 imperii
1597 741 1751 808 fidelibus
1768 741 1920 804 volumus

258 875 333 919 esso
363 854 546 939 cognitum,
579 850 665 938 quod
697 872 757 916 nos
785 850 860 930 tibi,
889 849 1003 929 Petre,
1034 847 1221 913 venerande
1245 845 1460 914 Massiliensis
1491 849 1664 935 episcope,
1698 851 1818 911 cuncta
1848 844 1922 908 iura

259 964 460 1044 cunctasque
482 957 710 1042 possessiones
734 954 776 1020 ad
800 963 833 1019 te
855 954 908 1017 vel
933 952 975 1017 ad
997 960 1086 1016 tuam
1110 953 1286 1017 ecclesiam
1309 953 1526 1038 pertinentes,
1557 971 1639 1036 quas
1660 970 1748 1014 nunc
1773 949 1920 1013 rationa-

259 1061 369 1126 biliter
391 1059 540 1147 possides
557 1066 613 1122 ant
629 1057 797 1144 possidere
814 1056 927 1137 debes,
951 1057 1117 1140 antiquam
1139 1062 1173 1120 et
1193 1054 1420 1147 rationabilem
1441 1054 1712 1141 predecessorum
1732 1061 1923 1117 nostrorum

259 1164 507 1229 concessionem
542 1168 726 1241 servantes,
764 1160 823 1225 tibi
855 1161 1084 1224 confirmamus
1112 1166 1146 1224 et
1175 1159 1319 1245 presenti
1353 1158 1527 1244 privilegio
1563 1157 1815 1222 commuuimus.
1867 1153 1920 1218 Ex

258 1267 376 1352 quibus
407 1267 469 1332 hec
499 1266 640 1352 propriis
668 1265 823 1329 duximus
855 1262 1071 1351 exprimenda
1099 1262 1284 1327 vocabulis:
1317 1261 1472 1326 videlicet
1499 1262 1666 1326 civitatem
1695 1259 1920 1346 episcopalem

258 1371 299 1435 dc
322 1371 480 1450 Massilia,
503 1369 647 1435 Roccam
671 1368 864 1448 Barbaram,
890 1375 924 1433 et
947 1369 1033 1432 sicut
1055 1367 1166 1432 Rocca
1187 1365 1338 1431 Barbara
1360 1366 1466 1430 cincta
1489 1371 1540 1430 est
1562 1364 1665 1443 vallis,
1689 1369 1723 1428 ct
1746 1383 1822 1428 cum
1846 1361 1919 1426 aliis

258 1475 353 1538 vallis
377 1482 411 1539 ct
433 1474 534 1538 muris
558 1472 696 1538 eandem
721 1472 889 1536 civitatem
913 1470 1208 1550 circumeuntibus,
1237 1491 1311 1534 cum
1339 1468 1490 1534 omnibus
1520 1467 1692 1532 territoriis
1721 1466 1803 1544 suis,
1835 1464 1918 1529 sicut

261 1577 302 1642 de
325 1576 531 1658 Plumberiis,
561 1576 601 1640 de
624 1575 834 1659 Pratolongo,
859 1573 900 1639 de
923 1574 1037 1639 Monte
1060 1573 1203 1652 Iudaico,
1235 1573 1277 1638 de
1292 1574 1390 1638 Valle
1415 1574 1518 1638 sancti
1541 1571 1633 1650 Iusti,
1664 1570 1706 1634 de
1730 1567 1819 1633 (lasa
1841 1569 1917 1649 alta,

263 1681 303 1745 dc
328 1680 532 1759 Guarboriis,
556 1681 595 1744 de
612 1679 710 1744 Valle
734 1681 839 1743 sancti
863 1677 1044 1758 Blamiliic,
1068 1678 1109 1743 de
1122 1678 1219 1743 Valle
1243 1678 1284 1743 dc
1301 1676 1464 1758 Moreriis,
1485 1677 1642 1764 quidquid
1665 1678 1698 1741 in
1722 1675 1785 1739 hiis
1809 1673 1861 1738 vel
1884 1674 1917 1738 iu

260 1785 333 1849 aliis
362 1787 442 1849 locis
472 1784 525 1849 etd
554 1786 587 1847 in
620 1790 688 1847 toto
720 1784 884 1848 territorio
913 1781 1058 1846 Massilie
1096 1782 1239 1847 ecclesia
1275 1788 1331 1846 tua
1365 1783 1451 1846 iuste
1487 1802 1545 1868 per
1573 1803 1609 1846 se
1638 1781 1690 1845 vel
1721 1800 1782 1864 per
1817 1778 1915 1842 alium

259 1888 424 1974 possidet:
449 1889 621 1952 castollum
639 1887 795 1966 Baboois,
819 1887 901 1949 sicut
918 1884 1009 1949 vadit
1025 1885 1104 1950 Seta
1120 1906 1223 1970 usquc
1241 1885 1282 1949 ad
1306 1887 1538 1951 monasterium
1562 1884 1761 1961 monialium,
1784 1889 1819 1946 et
1841 1883 1915 1949 inda

258 1991 299 2056 ad
323 1993 452 2056 thorum
475 1991 516 2056 de
540 1991 700 2056 Bosearla
723 2012 828 2076 usque
853 1988 893 2054 ad
917 1988 1062 2054 Roccam
1085 1988 1281 2068 Barbaram,
1313 1988 1468 2075 quidquid
1494 1988 1570 2054 inde
1595 1994 1646 2054 cst
1668 2008 1784 2052 versus
1808 1994 1911 2061 mate:
1958 2006 1962 2042 1

258 2101 386 2181 portum
410 2095 451 2160 de
475 2095 575 2159 Porta
598 2094 740 2173 Gallica,
771 2100 804 2158 et
826 2100 863 2157 ut
886 2112 999 2157 omues
1023 2091 1145 2156 ibidem
1168 2100 1342 2177 cargautes
1366 2099 1423 2157 aut
1444 2091 1698 2178 descargantes⁰
1722 2091 1788 2155 sint
1812 2091 1914 2155 securi

258 2199 346 2263 omni
370 2205 535 2285 tempore:
563 2200 715 2283 inportu
739 2197 888 2282 antiquo,
912 2197 967 2281 qui
991 2203 1042 2260 est
1066 2196 1169 2261 interf
1191 2198 1427 2262 monasterium
1451 2203 1486 2260 et
1509 2197 1691 2275 civitatem,
1716 2194 1802 2280 quod
1825 2202 1861 2259 tu
1883 2202 1916 2259 et

259 2301 406 2366 homines
437 2302 501 2382 tui,
533 2303 588 2387 qui
619 2300 768 2365 habitant
792 2301 843 2364 vel
875 2299 1054 2363 habitaturi
1086 2307 1162 2363 sunt
1192 2301 1223 2364 in
1256 2284 1324 2364 tcto
1358 2300 1479 2365 honore
1510 2301 1669 2376 ecclesie,
1702 2301 1736 2364 in
1768 2299 1915 2364 omnibus

259 2406 399 2492 negotiis
431 2411 464 2469 et
494 2405 761 2479 mercationibus,
798 2426 879 2488 quas
911 2404 957 2467 ibi
991 2404 1100 2469 lacere
1130 2406 1307 2487 voluerint,
1344 2406 1469 2470 nullum
1504 2426 1638 2470 censum
1669 2404 1724 2468 vel
1753 2403 1915 2467 usaticutn

259 2509 402 2584 solvant;
434 2529 534 2594 super
557 2507 678 2573 Iudeos
702 2508 916 2574 Arelatenses
941 2507 1120 2573 dominium
1144 2516 1177 2574 et
1201 2518 1392 2575 consuetum
1417 2529 1567 2585 censum:
1590 2507 1712 2573 Iudeos
1736 2527 1851 2572 omnes
1873 2505 1914 2572 de

259 2611 408 2676 Massilia
431 2617 498 2674 tam
521 2610 562 2676 dc
587 2611 767 2697 episcopali
792 2612 869 2675 villa
893 2612 1054 2696 quamde
1078 2613 1313 2689 vicecomitali;
1342 2613 1455 2678 vineas
1479 2621 1513 2677 et
1536 2619 1639 2676 terras
1662 2610 1704 2676 dc
1730 2609 1916 2676 Calcadicio

259 2713 300 2777 ad
323 2713 429 2778 Arcus
458 2716 490 2777 iu
514 2714 675 2779 territorio
699 2714 740 2778 de
764 2715 842 2779 villa
864 2715 1097 2787 vicecomitali:
1128 2717 1361 2781 monasterium
1391 2717 1579 2781 monialium
1608 2717 1713 2780 sancti
1738 2713 1918 2779 Salvatcris

258 2816 299 2882 dc
323 2816 527 2897 Lasachoas,
559 2817 646 2903 quod
677 2816 763 2882 inira
790 2838 898 2881 muros
927 2818 1018 2882 urbis
1042 2818 1189 2883 Massilia
1221 2820 1319 2884 situm
1343 2827 1409 2900 est,
1441 2841 1514 2884 cum
1538 2819 1687 2884 omnibus
1711 2819 1918 2905 pertinentiis

260 2922 342 2996 suis;
375 2921 520 2985 falcones
543 2919 584 2984 de
608 2928 697 2986 terra
719 2921 835 2985 maiori
859 2942 878 2984 a
902 2922 1039 2986 castello
1064 2922 1104 2986 de
1120 2922 1203 2987 Vier
1225 2944 1329 3008 usque
1354 2924 1395 2988 ad
1419 2922 1651 3008 Columpnam;
1681 2922 1861 2986 dominium
1885 2929 1919 2986 et

258 3025 455 3104 libertatem,
480 3046 577 3111 quam
600 3025 704 3090 habes
728 3026 762 3088 in
786 3026 950 3089 montibus
975 3026 1061 3089 ultra
1077 3026 1241 3091 Vuelnam
1265 3029 1354 3091 etin
1377 3026 1571 3093 molendinis
1594 3026 1636 3090 de
1659 3032 1729 3091 toto
1753 3026 1917 3090 territorio

259 3128 405 3193 Massilie
429 3136 461 3192 et
483 3130 516 3193 in
539 3129 721 3215 piscatione
747 3129 843 3192 maris
868 3129 908 3194 de
933 3130 1061 3194 delfiuis
1088 3137 1120 3194 et
1143 3130 1216 3195 aliis
1240 3131 1385 3217 piscibus
1410 3138 1443 3196 et
1471 3132 1545 3205 aliis
1573 3130 1721 3207 usaticis;
1752 3131 1785 3194 in
1810 3136 1920 3195 castro

261 3232 302 3297 dc
319 3232 441 3297 Pennis
466 3241 500 3296 ct
523 3233 593 3297 eius
617 3232 779 3296 territorio
803 3232 1013 3296 medictatem
1036 3234 1070 3296 iu
1092 3235 1374 3319 proprietate'tua,
1399 3235 1431 3299 in
1447 3236 1514 3299 alia
1530 3232 1707 3299 medietate
1724 3235 1920 3300 dominium:

260 3343 402 3400 castrum
427 3335 466 3400 de
483 3337 655 3421 Alarigio⁸
678 3357 750 3400 cum
775 3336 938 3400 territorio
956 3343 990 3400 ct
1005 3338 1223 3423 pertiuentiis,
1248 3347 1281 3403 et
1297 3339 1481 3425 pedaticum
1501 3338 1650 3404 eiusdem
1666 3340 1782 3406 castri:
1808 3340 1919 3404 villam

261 3439 394 3503 Sanctih
418 3439 537 3503 Iuliani
568 3461 641 3504 cum
670 3439 833 3503 territorio
862 3447 895 3502 et
921 3441 1130 3524 pertiuentiis
1161 3443 1243 3515 suis:
1278 3443 1387 3507 villam
1412 3443 1523 3507 Sancti
1545 3443 1628 3507 Iusti
1659 3463 1733 3507 cum
1760 3445 1858 3507 terris
1889 3452 1922 3508 et

259 3541 378 3620 vineis,
415 3564 496 3627 quas
528 3543 560 3607 iu
591 3545 661 3608 eius
691 3545 854 3608 territorio
885 3552 951 3608 tarn
982 3566 1040 3630 per
1070 3553 1102 3609 te
1131 3566 1227 3631 quam
1257 3569 1317 3634 per
1345 3554 1419 3612 tuos
1451 3548 1600 3613 homines
1632 3549 1719 3614 iuste
1750 3547 1919 3635 possides:

260 3656 400 3711 castrum
428 3647 469 3712 de
493 3647 612 3712 Nercio
646 3669 719 3712 cum
749 3649 914 3712 territorio
944 3656 977 3712 et
1000 3650 1208 3735 pertinentiis
1233 3652 1316 3728 suis,
1350 3653 1395 3716 eti
1420 3652 1606 3738 pedaticum
1629 3651 1779 3717 eiusdem
1803 3652 1921 3720 castri:

260 3758 403 3814 castrum
428 3750 540 3815 Sancti
565 3749 705 3814 Oaimati
730 3772 803 3815 curn
828 3752 991 3817 territorio
1022 3760 1056 3818 et
1081 3754 1290 3840 pertiuentiis
1321 3756 1405 3830 suis:
1436 3762 1579 3821 castrum
1609 3756 1649 3820 de
1674 3755 1818 3819 Albania
1847 3775 1921 3820 cum

260 3855 424 3919 territorio
457 3861 491 3918 et
523 3855 728 3940 pertiuentiis
764 3856 832 3918 suis
864 3863 897 3920 et
927 3856 1007 3919 duos
1038 3859 1188 3930 recetos.¹
1217 3880 1275 3944 pro
1304 3880 1405 3922 ceusu
1438 3859 1586 3924 eiusdem
1617 3860 1716 3925 castri
1745 3859 1778 3922 in
1810 3860 1921 3923 natale

260 3959 392 4022 Domini
417 3966 450 4022 et
467 3959 499 4021 in
516 3958 654 4042 pascha:
679 3965 822 4022 castrum
840 3960 880 4023 dc
898 3959 1111 4045 Marrancgas
1129 3983 1202 4025 cum
1219 3964 1381 4026 territorio
1399 3970 1432 4026 et
1447 3964 1655 4048 pertinentiis
1670 3963 1752 4035 suis:
1776 3970 1918 4026 castrum

260 4062 300 4126 de
324 4062 435 4126 Melna
457 4083 530 4126 cum
554 4062 716 4126 territorio
740 4070 773 4125 et
796 4063 1003 4147 pertiuentiis
1028 4064 1112 4140 suis;
1144 4070 1288 4129 castrum
1317 4065 1357 4130 de
1382 4065 1575 4132 Auroueves
1603 4088 1678 4130 cum
1706 4064 1919 4131 tenimentis*

261 4172 294 4231 ct
322 4165 530 4252 pertinentiis
560 4165 643 4239 suis:
675 4166 706 4227 in
736 4172 844 4229 castro
872 4166 912 4230 de
937 4165 1051 4231 Evena
1079 4174 1228 4252 quartam
1258 4176 1398 4255 partem,
1428 4170 1562 4234 invilla
1589 4177 1622 4233 et
1652 4171 1684 4234 in
1708 4190 1808 4234 rocca
1829 4176 1865 4235 et
1887 4168 1919 4233 in

260 4270 424 4334 territorio
453 4267 603 4334 eiusdem
632 4269 745 4348 castri,
775 4270 807 4333 in
837 4270 932 4333 terris
962 4271 1059 4335 cultis
1083 4278 1116 4335 et
1139 4272 1287 4337 incultis:
1318 4280 1460 4337 castrum
1485 4273 1582 4336 etiam
1605 4272 1646 4337 de
1670 4272 1822 4339 Balceto¹
1846 4294 1919 4338 cum

261 4379 330 4438 toto
365 4372 527 4437 territorio
563 4379 596 4437 et
631 4373 838 4458 pertinentiis
874 4375 955 4448 suis:
989 4376 1021 4438 in
1056 4381 1172 4460 stagno
1208 4375 1249 4440 de
1278 4375 1403 4441 Leonio
1433 4378 1466 4440 in
1494 4377 1696 4462 proprietate
1729 4382 1786 4441 tua
1816 4382 1920 4441 totum

260 4497 423 4541 novenum
447 4475 488 4540 de
513 4476 635 4540 salibus
659 4484 693 4540 et
715 4476 844 4541 tertiam
869 4484 997 4562 partem
1022 4477 1170 4543 leddo¹¹¹²
1193 4486 1226 4543 et
1250 4481 1281 4544 in
1306 4487 1374 4543 toto
1391 4486 1507 4565 stagno
1524 4479 1717 4553 dominium:
1740 4480 1773 4543 iu
1790 4479 1921 4545 Vitrola

262 4587 296 4643 ct
318 4578 540 4664 Marignarian
563 4587 597 4643 et
620 4579 724 4666 Papia
749 4587 781 4644 ct
805 4580 926 4645 Sancto
943 4582 1077 4646 Victore
1102 4583 1141 4646 de
1166 4584 1260 4648 Cella
1283 4584 1431 4648 similiter
1453 4585 1584 4648 tertiam
1608 4590 1733 4669 partem
1758 4584 1792 4648 in
1821 4582 1919 4648 ledda

261 4682 301 4746 dc
325 4682 449 4747 salibus
473 4681 614 4747 venditis
638 4685 691 4748 vel
715 4683 911 4762 vendendis,
943 4693 977 4750 et
1004 4687 1156 4771 quotiens
1188 4692 1279 4750 tuum
1309 4688 1412 4752 salem
1436 4687 1577 4751 vendere
1602 4688 1634 4751 iu
1658 4687 1776 4752 eodem
1799 4694 1918 4772 stagno

262 4785 413 4860 volueris,
437 4786 560 4850 nemini
583 4786 681 4852 liceat
704 4808 799 4851 suum
823 4789 925 4853 salem
942 4789 1094 4869 vendere,
1119 4789 1197 4855 dum
1220 4793 1266 4854 tui
1291 4791 1377 4855 sales
1394 4791 1578 4856 vendentur
1592 4791 1633 4856 dc
1650 4790 1767 4856 eodem
1784 4798 1917 4877 stagno:

263 4889 296 4952 iu
327 4895 422 4975 portu
453 4887 494 4953 dc
522 4889 696 4974 Bagneriis
730 4890 770 4955 de
803 4893 952 4956 omnibus
986 4892 1122 4957 navibus
1156 4901 1188 4958 ct
1217 4894 1427 4958 homiuibus⁰
1455 4894 1576 4960 ibidem
1607 4895 1849 4981 applicantibus
1877 4894 1918 4960 dc

597 5065 1373 5077 --„-.--.-..-.-—-.—-...—-—.-.—„...--.
1625 5073 1651 5077 —
1674 5071 1809 5079 m—

365 5183 389 5247 a)
413 5184 561 5236 studeamus
580 5184 615 5234 H.
629 5185 660 5235 B.
784 5184 808 5249 b)
828 5186 864 5236 H.
877 5187 923 5244 H.;
947 5188 1046 5253 impcrii
1064 5186 1096 5236 It.
1219 5187 1242 5253 ⁰)
1261 5191 1369 5240 Bausilii
1388 5190 1423 5241 H.
1437 5190 1469 5241 B.
1591 5189 1617 5255 (¹)
1636 5191 1672 5242 H.
1686 5190 1733 5251 B.‚·
1757 5197 1784 5242 ct
1800 5191 1869 5242 dem
1885 5190 1916 5240 R.

261 5273 283 5335 ο)
303 5273 469 5338 desargautcs
481 5273 517 5322 H.
530 5272 562 5322 B.
651 5269 670 5337 s)
689 5274 756 5324 intra
770 5273 804 5323 H.
818 5273 849 5323 B.
938 5274 964 5337 8)
984 5275 1095 5341 Alaugio
1110 5275 1145 5326 H.
1158 5276 1190 5326 B.
1279 5275 1304 5339 l¹)
1322 5279 1420 5329 scilicet
1432 5278 1467 5328 H.
1480 5278 1513 5329 B.
1600 5276 1618 5341 ἱ)
1637 5285 1664 5329 et
1682 5304 1714 5313 -
1732 5278 1842 5328 Caimsu'
1858 5294 1916 5329 cum

261 5367 317 5410 tet
335 5377 359 5425 p.
378 5359 432 5410 suis
450 5359 519 5410 deest
531 5359 566 5410 H.
581 5359 612 5410 B.
722 5357 748 5424 ¹¹)
768 5361 893 5411 territorio
908 5360 942 5410 H.
956 5360 987 5411 B.
1094 5360 1111 5424 ¹)
1130 5364 1242 5413 Bauceto
1255 5363 1291 5414 H.
1305 5363 1336 5414 B.
1442 5363 1475 5429 ¹¹¹)
1493 5365 1556 5415 add
1569 5364 1606 5416 H.
1618 5363 1665 5415 B.:
1688 5365 1714 5415 iu
1733 5365 1841 5432 reliquis
1859 5381 1917 5417 raro

261 5445 362 5496 duabus
380 5445 496 5511 partibus
513 5445 594 5497 lcdde.
700 5444 725 5510 ¹¹)
744 5447 896 5513 blarignana
914 5446 949 5498 H.
964 5446 996 5496 B.
1103 5445 1128 5512 ⁰)
1146 5456 1172 5499 et
1189 5448 1256 5500 hom.
1276 5449 1343 5500 deest
1355 5450 1390 5501 H.
1404 5450 1437 5500 B.
1511 5507 1517 5517 ,

366 5580 391 5644 l)
411 5579 435 5632 1.
454 5595 474 5633 e.
494 5578 671 5648 ‘albemariae'
688 5581 726 5634 ret
742 5580 820 5634 ctiam
839 5580 1019 5646 ‘refectiones-b
1037 5582 1075 5647 cs,
1092 5581 1231 5651 Ducurtpc,
1254 5582 1338 5638 Gloaa
1356 5584 1405 5638 aab
1422 5584 1495 5638 sarto
1513 5587 1668 5653 ‘recantant
1691 5585 1740 5639 ubi
1756 5585 1867 5641 Martae
1882 5584 1919 5641 od

261 5663 309 5717 bus
327 5680 368 5718 res
386 5665 568 5720 Massilienses
589 5672 731 5735 spectantes
752 5666 878 5722 matur.
966 5670 994 5734 ⁶2)
1019 5667 1133 5736 Tacui,
1156 5669 1229 5738 quod
1246 5686 1298 5738 pro
1318 5670 1398 5725 rebus
1420 5670 1535 5726 conditis
1551 5671 1590 5726 acl
1605 5668 1748 5728 wvdoerdis
1762 5672 1912 5731 M
