4328 6232
836 349 1038 408 missenus
1055 350 1244 410 emacula.
1280 351 1357 409 mcc.
1804 430 1807 434 ἦ
1867 359 1928 424 ms
1957 424 1968 443 ἱ

815 587 855 608 ..
886 533 1039 608 electo
1073 531 1385 607 olomucensi.

376 661 476 746 Cum,
499 664 584 729 sicut
607 668 641 730 te
664 663 851 749 accepimus
875 663 1064 744 intimante,
1093 662 1218 750 absque
1246 663 1343 751 culpa
1366 669 1424 731 tua
1446 685 1511 730 non
1534 666 1640 753 possis
1663 664 1820 733 diocesim
1845 664 1925 733 Olo-

265 786 460 832 mucensem
482 767 640 848 intrare¹‚
663 786 705 832 ne
728 765 762 830 id
785 765 845 831 tibi
869 765 965 832 cedat
988 766 1020 831 in
1044 765 1260 851 preiudicium
1284 774 1317 832 et
1339 768 1480 834 subditis
1496 770 1560 835 tuis
1576 770 1701 837 officiat
1716 772 1758 836 sd
1774 772 1926 852 salutem,

266 870 406 937 vocandi
428 878 495 937 tam
520 872 694 957 religiosos
717 891 814 958 quam
837 870 920 935 alios
944 870 1083 935 clericos
1108 872 1273 937 seculares
1301 872 1387 938 dicte
1411 872 1554 939 diocesis
1583 872 1624 938 sd
1652 873 1777 953 locum,
1805 875 1837 938 in
1861 894 1925 961 quc

208 1004 217 1039 s
266 975 371 1041 lucris
395 980 491 1040 extra
513 976 633 1061 ipsam,
662 979 696 1039 et
726 973 919 1060 iniungendi
949 973 995 1038 eis
1026 972 1103 1055 illa,
1137 975 1170 1038 in
1200 974 1316 1060 quibus
1344 975 1404 1040 tibi
1436 984 1604 1059 tenentur,
1642 978 1837 1043 auctoritate
1867 979 1926 1044 tibi
1999 960 2002 966 ¹

268 1078 472 1165 presentium
496 1076 704 1143 concedimus
728 1077 918 1143 facultatem
942 1114 983 1125 -
1006 1096 1069 1141 non
1093 1076 1243 1143 obstante
1267 1080 1498 1144 constitutione
1521 1078 1562 1144 de
1579 1080 1706 1146 duabus
1723 1080 1821 1146 dietis
1838 1081 1926 1147 edite

268 1183 300 1246 in
324 1181 466 1246 concilio
489 1181 648 1267 generali.

376 1301 455 1367 Dat.
478 1301 643 1387 Lugduni,
665 1301 748 1368 XVI
764 1298 839 1370 Kal.
863 1298 953 1386 Maii,
978 1323 1064 1367 anno
1087 1300 1149 1369 ΠΙ.

1058 1822 1141 1900 158.

376 1936 594 2031 lmen..
608 1963 760 2049 cupam
774 1967 1001 2032 manescit
1014 1966 1201 2031 mamam
1223 1966 1261 2031 n
1276 1964 1519 2049 nemausen.
1537 1966 1781 2049 remense
1799 1965 1929 2032 emma

200 2101 220 2138 n
264 2069 511 2134 mensidcrniiouc
531 2067 724 2154 Heliconis]
752 2071 871 2134 cernitis
892 2069 1016 2134 Montis
1040 2069 1152 2156 sortis,
1182 2070 1282 2133 mccii
1303 2071 1369 2148 sui,
1400 2069 1549 2151 mrtemtro
1571 2074 1601 2133 ct
1624 2071 1728 2151 priori
1758 2068 1927 2133 Ycutepinc

265 2172 391 2236 ordinis
412 2170 671 2236 Praedictiones
693 2173 863 2240 committit.
1573 2174 1666 2251 1246,
1690 2173 1770 2253 Apr.
1785 2174 1840 2238 20.

373 2290 437 2345 Irim
450 2289 498 2344 IV
513 2290 579 2361 Rea.
597 2291 692 2360 Vetl,
710 2299 774 2360 2763
792 2291 853 2347 Lib.
866 2292 926 2360 ΙΙΙ,
945 2299 1002 2347 487.
1038 2291 1121 2346 Hanc
1137 2292 1282 2360 epistolam,
1303 2305 1337 2345 cu
1355 2291 1471 2360 Repetitis
1487 2291 1645 2361 dammum
1661 2308 1680 2345 a
1698 2291 1729 2346 V.
1745 2291 1784 2346 01.
1798 2293 1833 2345 A.
1846 2291 1925 2358 dius,

265 2376 428 2430 mulslim
444 2391 504 2431 mm
520 2376 672 2432 samnitico
688 2377 811 2447 cpistdm
828 2377 959 2449 priorisse
976 2380 1005 2432 et
1021 2377 1171 2433 conventui
1184 2377 1348 2432 monialium
1363 2377 1525 2432 monasterii
1540 2378 1575 2433 de
1587 2377 1664 2434 Cella
1675 2378 1726 2432 Dei
1739 2379 1819 2432 extra
1833 2394 1927 2431 muros

266 2462 425 2517 Gumundie
442 2480 468 2517 u
481 2470 555 2532 12⁴6,
574 2465 660 2520 Marc.
680 2470 711 2519 13
727 2463 854 2534 directus,
878 2480 938 2519 urm
954 2465 1002 2518 dia
1019 2464 1199 2534 coagmentis,
1224 2465 1255 2516 in
1272 2463 1403 2519 Wiricmd.
1420 2463 1451 2519 U.
1463 2465 1496 2519 B.
1509 2469 1526 2519 t.
1540 2464 1560 2519 1
1563 2464 1593 2533 V,
1609 2479 1636 2533 p
1651 2468 1709 2532 130,
1727 2470 1832 2520 n.1069
1847 2462 1928 2532 (s),-

200 2563 220 2600 ιε
266 2551 301 2616 cs.
321 2548 422 2618 seper
434 2557 504 2606 1768.

374 2635 471 2704 Berpcr
483 2642 555 2692 1827.

344 2871 385 2892 ..
413 2813 645 2908 priorisse
673 2821 714 2890 el
744 2816 1007 2891 conventui
1033 2817 1314 2892 monasterii
1341 2818 1396 2891 de
1424 2809 1843 2908 Hecgebolxhen.‘²

786 2937 1161 3031 Argentinensis
1188 2937 1408 3013 diocesis.

352 3067 547 3155 Apostoliee
570 3068 661 3135 sedis
684 3069 870 3156 benignitas
892 3070 1072 3157 prudentes
1093 3072 1249 3158 uirgines,
1272 3094 1336 3158 que
1357 3093 1394 3138 se
1417 3077 1534 3158 parant
1554 3071 1707 3137 accensis
1722 3069 1928 3158 lampadibus

204 3198 225 3236 n
270 3171 400 3238 ebriam
423 3193 544 3260 sponso
564 3172 647 3253 ire¹’‚
675 3179 766 3240 tanto
793 3175 1000 3261 propensiori
1031 3175 1132 3240 debet
1154 3176 1260 3241 studio
1290 3177 1444 3263 prosequi
1473 3176 1635 3256 caritatis,
1666 3182 1789 3262 quanto
1811 3173 1927 3239 maiori

267 3281 403 3363 propter
424 3275 637 3362 fragilitatem
660 3299 759 3343 sexus
782 3277 930 3364 indigere
952 3279 1110 3365 suffragio
1132 3279 1357 3346 dinoscuntur.
1402 3278 1486 3343 Cum
1509 3278 1624 3364 igitur,
1655 3279 1740 3343 sicut
1767 3299 1811 3344 ex
1832 3282 1926 3363 purte

269 3384 380 3443 restra
404 3377 466 3443 luit
488 3381 691 3467 propositum
715 3400 824 3445 coram
848 3381 954 3461 nobis,
979 3402 1048 3461 vos,
1071 3382 1197 3448 incluse
1214 3403 1349 3469 corpore
1371 3383 1536 3447 incastris
1554 3381 1793 3462 claustralibus,
1816 3385 1926 3445 mento

268 3489 376 3547 tumen
405 3481 512 3548 libera
534 3482 654 3549 devote
678 3482 820 3548 Domino
848 3484 1063 3566 famulantes,
1093 3483 1135 3550 de
1165 3485 1473 3550 constitutionibus⁰
1495 3486 1633 3550 irstmm
1659 3484 1782 3550 ordinis
1810 3482 1925 3548 Predi-

270 3595 416 3653 catonum
443 3588 533 3669 illas,
565 3609 629 3674 que
661 3587 753 3652 vobis
782 3593 987 3674 competunt,
1017 3588 1177 3654 hactenus
1207 3588 1416 3654 laudabiliter
1445 3588 1608 3654 duxeritis
1638 3586 1861 3653 observandas
1891 3593 1925 3652 et

212 3713 230 3750 s
272 3691 428 3756 committi
445 3740 453 3756 .
471 3740 479 3756 .
495 3692 654 3777 magistro
677 3697 711 3757 et
735 3740 767 3758 ..
791 3691 890 3778 priori
906 3691 1091 3757 Theutonie
1114 3692 1217 3778 ipsius
1242 3691 1363 3757 ordinis
1379 3692 1558 3758 affectetis:
1582 3712 1653 3773 uos,
1676 3691 1765 3778 pium
1782 3696 1926 3755 restrum

272 3794 473 3880 propositum
491 3793 524 3859 in
540 3794 682 3860 Domino
698 3794 977 3876 commendantes,
994 3794 1180 3861 devotionis
1196 3801 1307 3860 vestre
1323 3795 1530 3883 precibusne
1546 3795 1646 3861 stiam
1663 3793 1925 3860 consideratione

270 3896 408 3962 nobilis‘l
429 3897 490 3961 viri
513 3896 555 3961 I.⁰
578 3899 705 3964 comitis
728 3898 851 3964 Montis
879 3899 1007 3979 icrtis³‚
1035 3897 1145 3964 devoti
1173 3898 1303 3981 uostris,
1331 3900 1426 3965 nobis
1457 3898 1528 3987 [pro
1550 3897 1684 3985 vobis]⁸
1711 3899 1925 3985 supplicantis

271 4000 408 4080 inducti,
438 4022 497 4067 ros
528 4008 563 4067 et
589 4004 824 4068 monasterium
852 4010 997 4069 vestrum
1028 4004 1225 4070 auctoritate
1257 4005 1459 4089 presentium
1490 4003 1545 4071 ..¹¹
1572 4004 1729 4088 magistro
1759 4009 1793 4067 et
1826 4002 1924 4088 priori

271 4104 501 4169 committimus
524 4105 732 4192 supradictis,
756 4106 872 4172 eadem
896 4107 1107 4173 auctoritatei
1130 4108 1359 4174 nichilominus
1381 4115 1575 4188 statuentes,
1596 4114 1633 4172 ut
1656 4107 1717 4173 sub
1734 4106 1925 4192 magisterio

219 4222 236 4261 u
273 4214 301 4271 st
327 4206 479 4273 doctrina
505 4209 655 4294 magistri
687 4217 722 4274 et
750 4210 869 4296 prioris
899 4210 1109 4297 provincialis
1138 4210 1342 4293 Theutonie,
1368 4213 1424 4297 qui
1452 4233 1511 4298 pro
1538 4217 1687 4296 tempore
1715 4209 1852 4290 inerint,
1883 4207 1925 4273 de

273 4319 378 4376 cetero
404 4311 584 4393 mancatis,
616 4311 681 4378 illis
711 4312 895 4399 gaudentes
924 4314 1124 4402 privilegiis,
1155 4335 1218 4400 que
1249 4315 1357 4380 ordini
1386 4314 1533 4402 predicto
1560 4314 1604 4379 ab
1631 4313 1815 4401 apostolice
1844 4310 1923 4377 sede

272 4433 425 4479 concessa
447 4421 524 4480 sunt
539 4414 592 4481 vel
607 4415 641 4480 iu
657 4424 827 4504 posterum
843 4416 1075 4483 concedentur.
1112 4416 1181 4504 Ipsi
1197 4417 1349 4505 quoque*
1373 4417 1529 4502 magister
1550 4423 1584 4481 et
1599 4416 1688 4504 prior
1703 4451 1745 4463 -
1762 4415 1924 4481 contraria

273 4517 507 4586 consuetudine
522 4517 626 4607 ipsius
644 4519 766 4586 ordinis
781 4521 834 4589 vel
849 4520 1053 4608 indulgentis
1068 4543 1089 4587 a
1104 4520 1184 4587 sede
1205 4522 1388 4609 apostolica
1404 4520 1538 4586 obtenta
1553 4540 1612 4584 seu
1628 4520 1728 4583 etiam
1744 4516 1924 4584 obtinenda

370 4745 396 4807 ⁸)
410 4743 616 4813 ngcbolxhcis
633 4745 675 4798 sel
687 4746 882 4814 Hccgebokhsli
895 4746 945 4810 lt.,·
965 4748 1135 4800 Hscbolxhen
1151 4747 1185 4800 B.
1281 4745 1306 4812 b)
1324 4747 1438 4814 sepum
1454 4747 1482 4797 in
1493 4745 1540 4797 lc:
1560 4752 1609 4798 stc.
1628 4755 1752 4813 utsupra
1768 4745 1795 4795 in
1813 4744 1926 4796 secundo

221 4834 239 4874 ll
275 4828 330 4881 tolie
346 4829 426 4882 istius
442 4831 569 4898 quaterni,
587 4830 615 4882 in
631 4829 679 4883 ills
696 4847 747 4898 que
764 4833 914 4887 conceditur
936 4835 1057 4902 priorisse
1078 4842 1105 4886 st
1126 4834 1258 4886 sororibus
1279 4833 1427 4885 monasterii
1445 4833 1528 4884 suncti
1545 4833 1614 4884 Petri
1632 4832 1659 4883 in
1676 4832 1811 4884 Huhnsws
1829 4830 1926 4882 ordinis

273 4915 351 4967 uncti
364 4915 508 4983 Augustini
520 4907 730 4985 Sdmburgsusis
748 4918 856 4972 diocesis
874 4936 968 4987 usque:
987 4919 1014 4971 in
1026 4921 1137 4972 Domino
1149 4921 1367 4972 commendantes.
1439 4918 1462 4984 ο)
1476 4918 1681 4971 institutionibus
1694 4919 1726 4970 A.
1797 4914 1823 4983 d)
1840 4916 1926 4968 dilecti

272 4999 311 5051 tlfi
327 5001 425 5054 nobilis
437 5001 471 5053 A.
551 5000 577 5069 ⁰)
594 5003 718 5056 Iohannis
731 5001 764 5055 Α.
842 5000 866 5070 s)
883 5005 970 5058 devoti
987 5006 1069 5057 nocui
1086 5006 1154 5059 dcccl
1166 5006 1200 5058 A.
1282 5006 1309 5072 8)
1327 5023 1373 5074 pro
1391 5005 1466 5058 robis
1483 5005 1553 5058 deest
1568 5021 1658 5071 apogr.
1740 5001 1924 5070 ¹¹)..demA.

274 5082 288 5151 Ι)
306 5088 421 5154 musar
436 5088 466 5141 in
483 5088 530 5142 m:
546 5097 594 5143 stc.
612 5091 688 5143 utin
705 5091 794 5144 eudmu
812 5109 908 5158 nsque:
927 5093 1060 5145 roboratis.
1148 5090 1175 5159 ¹¹)
1195 5092 1298 5161 Ipsique
1316 5092 1350 5143 A.

367 5222 396 5292 1)
415 5219 457 5290 Os.
474 5239 503 5280 η.
522 5231 582 5283 140.
668 5224 698 5294 2)
726 5225 761 5281 Ut
781 5223 885 5281 vicisim
905 5225 1083 5282 Hertolzdeim
1106 5226 1137 5280 in
1155 5226 1226 5282 Bnd.
1245 5227 1384 5282 Bra-Ami
1401 5223 1551 5279 Ettenioeim
1572 5239 1605 5278 cc
1626 5228 1689 5292 sept.
1707 5224 1754 5279 cic.
1776 5221 1924 5292 Frentum

218 5316 237 5357 s
271 5304 336 5362 lunc
359 5308 432 5363 crin
453 5309 541 5365 besse
561 5313 639 5367 sliam
660 5310 852 5369 Herbolcshen
874 5314 1005 5383 scriptum
1030 5314 1187 5369 {cresimus
1280 5314 1308 5381 3)
1332 5312 1418 5367 Hunc
1443 5311 1557 5366 comiter
1579 5309 1604 5364 Ι.
1626 5316 1651 5364 ct
1669 5308 1818 5363 Iouam
1840 5308 1872 5362 in
1889 5310 1923 5363 Α.

272 5401 496 5451 moretm
512 5395 621 5453 «Μαι
639 5413 692 5453 csse
708 5405 846 5468 percum.
882 5399 959 5455 Num
974 5401 1059 5468 sunit
1076 5416 1199 5471 cpsrscrc
1214 5400 1338 5455 comitiam
1354 5398 1387 5453 dc
1404 5397 1562 5464 Momesorti
1584 5397 1615 5450 irc
1637 5394 1792 5465 Vorariterp
1811 5408 1844 5449 es
1860 5398 1923 5462 repr.

270 5481 312 5537 cic.
325 5479 469 5537 securos
486 5483 644 5555 mimus,
664 5486 737 5555 qued
752 5503 847 5542 ramus
861 5488 963 5557 pencris
979 5488 1103 5543 semitm
1116 5487 1300 5556 palatinorum
1317 5487 1350 5540 dc
1372 5484 1510 5553 nemnem
1525 5483 1591 5552 scit,
1612 5483 1754 5551 nummus,
1779 5496 1839 5536 cum
1856 5481 1926 5534 inter

269 5564 865 5641 commemorem.
901 5573 977 5628 ses
1003 5551 1258 5629 mrum
1282 5568 1748 5637 monumentorum-surse
1771 5567 1856 5636 [scs
1877 5567 1924 5622 se.

271 5650 1220 5732 fficmimwmmmmmmm
