4328 6232
718 107 920 164 EPISTOLAE
938 109 1128 166 SELEO'I'AE.
1165 111 1242 166 1246.
1757 117 1816 179 llll

139 281 339 366 premissis,
378 282 519 367 aliquem
556 281 661 347 virum
697 281 867 368 providum
902 288 935 347 et
968 281 1144 348 discretum
1184 282 1371 371 supradicto
1405 283 1627 361 Foroiuliensi
1662 287 1817 374 episcopo

140 383 382 451 coadiutorem
407 386 441 450 in
469 385 695 472 spiritualibus
724 392 758 452 et
786 385 1022 474 temporalibus
1051 385 1185 451 studeas
1214 386 1385 473 deputare.
1438 387 1534 462 Quod
1556 390 1585 455 si
1613 391 1678 455 iam
1708 390 1816 456 diotus

142 485 393 554 Foroiuliensis
422 490 596 576 episcopus
624 488 804 574 prudenter
826 490 933 555 anime
958 510 1015 554 sue
1039 489 1214 555 consulens
1239 496 1272 555 et
1294 490 1423 571 honori,
1451 494 1655 581 episcopatui
1680 514 1813 581 corpore

146 588 273 656 cedere
301 599 420 678 sponte
446 593 617 674 uoluerit¹‚
646 594 698 657 cui
727 594 857 660 videtur
885 593 1026 658 utilitate
1060 595 1217 675 cessisse,
1251 595 1434 660 cessionem
1464 597 1536 660 eius
1559 598 1719 691 recipiens
1743 598 1815 661 vice

144 701 278 776 nostra,
301 695 405 763 lacios
428 698 459 762 ei
482 718 541 784 pro
566 698 805 762 sustentatione
829 718 888 761 sua
910 696 951 761 de
974 697 1068 761 bonis
1090 698 1330 784 episcopalibus
1347 699 1566 785 provisionem
1590 700 1758 765 honestam
1783 709 1817 765 et

148 820 335 884 congruam
352 802 514 886 assignari
528 824 566 867 ac
582 803 778 889 provisionis
795 803 897 888 ipsius
909 802 1052 900 pacifica
1065 804 1274 887 possessione
1290 803 1453 888 gaudere;
1478 803 1735 869 contradictores
1754 810 1816 868 eto.

259 921 337 986 Dat.
360 922 523 1009 Lugduni,
545 922 595 988 Id.
617 923 792 990 Decembr.
817 945 903 989 anno
928 929 1053 1010 quarto.
1439 916 1443 928 ’

781 1185 1193 1194 -u-——n—

946 1448 1032 1523 265.

264 1561 484 1657 [armentius
499 1588 523 1653 I
525 1587 554 1654 V
561 1608 651 1672 papa
672 1586 860 1674 [Philippo]
882 1589 973 1654 elceto
988 1590 1202 1670 Farrarionsi,
1227 1589 1520 1672 apostolicaesedis
1542 1590 1651 1673 lanato,
1674 1590 1816 1668 nrandat,

155 1703 191 1762 nt
220 1696 328 1784 fratri
348 1694 488 1759 chrioo
515 1693 552 1758 da
579 1693 689 1758 ordine
714 1691 895 1771 Minorem,
925 1695 1030 1777 nepoti
1059 1693 1233 1778 [Sipcsridi
1257 1694 1338 1779 III]
1366 1694 1590 1776 ‹trationisoopi
1617 1691 1817 1776 Manentini,

155 1802 295 1882 aliquem
318 1800 526 1881 episcopatum
549 1797 638 1878 infra
658 1798 740 1878 fines
762 1795 927 1879 tonationis
949 1816 1032 1875 snm¹
1047 1801 1208 1863 vacantem
1230 1799 1378 1879 conferat.
1469 1800 1562 1877 1246,
1584 1796 1661 1864 Dco.
1678 1800 1729 1861 16.

263 1918 327 1973 lnn.
346 1918 397 1974 IV
423 1918 487 1987 Ray.
513 1917 567 1971 Vol.
591 1917 620 1985 Ι,
644 1922 708 1981 362,·
732 1914 790 1970 [ab.
809 1914 830 1968 Ι
834 1914 867 1981 V,
889 1920 950 1969 330.
1002 1914 1153 1984 &nmium
1179 1931 1212 1970 aa·
1239 1916 1356 1985 Repositis
1383 1934 1402 1969 a
1425 1915 1542 1970 ΗΘΜ.
1556 1916 1629 1969 Man
1660 1915 1816 1984 ἀαιήμιιηι

154 2008 318 2063 matutinum
334 2022 395 2060 arm
414 2002 1080 2073 samaa,sm.manmc.1,p.a4,n.1ra

264 2092 393 2160 Panas,
411 2092 475 2160 aa.
494 2097 584 2153 sassa
602 2092 700 2160 saner
717 2095 789 2144 asso.

385 2346 424 2364 ..
454 2289 609 2363 electo
637 2285 951 2374 Ferrariensi,
979 2286 1242 2378 apostolice
1269 2283 1392 2359 sedis
1418 2286 1590 2378 legato.

262 2440 315 2505 Its
338 2441 441 2505 claret
463 2445 498 2504 et
526 2438 644 2502 claruit
666 2436 866 2503 venerabilis
893 2435 1004 2499 fratris
1033 2435 1133 2499 nostri
1158 2485 1190 2500 ..
1215 2434 1455 2522 archiepiscopi
1479 2434 1662 2521 Magantini
1685 2434 1814 2500 devotio

158 2546 297 2633 probata
319 2545 352 2608 in
375 2543 591 2622 necessitate,
623 2563 687 2628 qua
711 2545 953 2626 cognoscuntur
975 2539 1090 2620 amici,
1120 2545 1157 2602 ut
1184 2559 1248 2603 non
1281 2546 1408 2604 tantum
1435 2539 1602 2624 legitimus
1634 2537 1692 2604 scd
1717 2538 1817 2605 etiarn

159 2649 313 2736 specialis
343 2649 387 2712 sit
417 2647 598 2734 apostolice
631 2644 719 2710 sedis
750 2644 837 2709 lilius
866 2641 1084 2729 reputandus,
1118 2643 1171 2728 qui
1201 2643 1298 2727 plene
1330 2643 1377 2707 illi
1405 2642 1488 2707 sicut
1516 2643 1613 2706 matri
1643 2640 1817 2723 exhibens,

159 2751 243 2838 quod
267 2751 403 2817 affectui
425 2751 516 2816 filiali
539 2748 694 2830 debetur,
726 2747 832 2813 eidem
864 2748 897 2811 in
926 2747 1137 2812 necessitatis
1165 2752 1314 2834 tempore
1341 2747 1445 2811 sentit
1473 2753 1508 2812 et
1529 2746 1657 2811 assistit
1679 2746 1818 2810 viriliter

162 2864 193 2921 et
215 2863 386 2943 potentem
410 2874 510 2940 quare
527 2874 586 2917 nos
603 2852 781 2938 specialis·
804 2851 948 2916 caritatis
965 2851 1175 2935 prerogativa
1190 2849 1365 2935 diligentes
1387 2850 1538 2931 eundem,
1562 2852 1608 2915 sio
1632 2847 1816 2914 affectionis

162 2959 333 3025 dulcedine
362 2959 469 3044 ipsum
500 2956 656 3041 prosequi
679 2955 845 3041 cupimus,
876 2953 961 3039 quod
986 2953 1027 3018 ad
1050 2974 1126 3019 suos
1151 2954 1249 3019 etiam
1273 2953 1499 3035 dilectionem,
1531 2975 1628 3040 quarn
1656 2954 1816 3019 habemus

164 3063 198 3128 sd
222 3084 310 3143 eum,
334 3061 509 3128 ostendere
532 3060 683 3125 volumus
707 3079 765 3144 per
790 3058 954 3122 effectum.
1000 3056 1223 3122 Atteudentes
1246 3058 1346 3142 igitur
1362 3079 1426 3123 non
1444 3060 1550 3123 solum
1567 3078 1688 3142 magns
1703 3076 1816 3121 verum

164 3170 257 3233 etiam
281 3173 378 3253 grata
400 3174 435 3231 et
457 3167 551 3230 utilia
566 3164 736 3249 obsequis,
759 3183 822 3248 que
837 3161 925 3226 idem
941 3160 1212 3247 archiepiscopus
1229 3167 1262 3227 et
1277 3183 1336 3247 per
1351 3183 1426 3227 eum
1449 3163 1499 3226 sui
1515 3163 1652 3227 ecclesie
1669 3160 1816 3225 Romane

165 3278 224 3336 tam
248 3272 391 3336 fideliter
414 3290 511 3355 quarn
540 3268 719 3334 efficaciter
740 3265 990 3353 impenderunt,
1021 3286 1059 3330 ao
1083 3287 1142 3351 per
1165 3265 1225 3330 hoc
1249 3266 1399 3331 volentes
1421 3267 1528 3353 ipsum
1551 3266 1583 3328 in
1608 3265 1727 3330 dilecto
1750 3263 1817 3329 lilio

167 3374 260 3442 tratre
285 3375 450 3457 Henrioo,
480 3379 599 3460 nepote
629 3393 706 3453 suo,
735 3370 776 3436 de
800 3370 914 3436 ordine
937 3370 1073 3434 fratrum
1096 3369 1275 3451 Minorem,
1305 3390 1401 3455 quem
1429 3371 1527 3435 etiam
1555 3390 1614 3434 sue
1637 3368 1817 3452 religionis,

170 3476 346 3544 honestatis
364 3485 397 3542 et
420 3477 592 3564 probitatis
616 3476 734 3540 intuitu
758 3475 866 3559 gratia
882 3481 915 3538 et
930 3475 1041 3539 favore
1065 3475 1220 3561 prosequi
1236 3475 1396 3560 cupimus,
1418 3474 1590 3554 honorare,
1614 3472 1816 3550 mandamus,

169 3583 312 3666 quatinus
336 3583 363 3647 si
389 3582 460 3667 quis
483 3581 694 3667 episcopatus
717 3578 802 3643 infra
824 3579 999 3663 legationis
1022 3583 1076 3642 tue
1100 3579 1183 3642 fines
1206 3584 1301 3642 vacat
1324 3577 1365 3641 ed
1391 3599 1530 3664 presens
1553 3578 1606 3641 vel
1630 3575 1760 3641 vacabit
1784 3576 1815 3639 in

171 3688 318 3768 proximo,
342 3685 382 3749 de
399 3705 461 3771 quo
478 3685 540 3749 sibi
557 3691 590 3750 et
606 3684 654 3748 illi
670 3683 710 3748 de
725 3683 797 3768 ipso
813 3682 916 3766 possit
932 3689 966 3747 et
983 3681 1104 3747 debeat
1122 3704 1267 3767 congrue
1290 3679 1463 3767 provideri,
1487 3682 1595 3746 eidem
1619 3680 1814 3744 auctoritate

171 3795 273 3856 nosba
294 3789 335 3855 de
358 3789 430 3874 ipso
452 3789 554 3854 fratre
579 3787 713 3853 studeas
736 3786 951 3875 providere23
976 3785 1232 3852 contradictores
1256 3793 1318 3853 eto.

262 3909 337 3976 Dat.
361 3910 525 3996 Lugduni,
547 3909 647 3975 XVII
672 3909 747 3975 Kal.
770 3909 900 3975 Ianuar.
924 3930 1009 3973 anno
1033 3915 1159 3993 quarto.

945 4435 1032 4510 too.

128 4591 146 4629 t
272 4546 485 4643 Innocentius
501 4577 525 4642 1
527 4574 556 4642 V
562 4597 652 4659 pona
668 4575 846 4662 [Iohanni]
864 4576 1093 4661 archiepiscopo
1115 4580 1144 4640 et
1166 4575 1243 4640 aliis
1252 4573 1411 4660 mactatis
1420 4573 1603 4658 prouinciae
1617 4571 1817 4639 Arelatensis

184 4675 303 4759 naam,
315 4687 350 4745 at
371 4681 702 4747 exommunioationis
722 4685 752 4744 et
772 4681 933 4746 interdicti
954 4681 1126 4746 sententias
1148 4681 1182 4742 in
1198 4679 1398 4744 Fridrrionm
1420 4677 1577 4758 qnondam
1598 4677 1814 4757 imperatorne

184 4773 356 4856 etfama
376 4785 446 4849 aas
468 4785 551 4850 latas
566 4784 730 4866 pirblioari
752 4789 781 4848 et
803 4785 963 4850 obserari
979 4783 1119 4869 faciam.
1468 4782 1562 4857 1246,
1584 4777 1658 4845 Dec.
1673 4781 1726 4843 20.

273 4900 392 4958 sarr
405 4901 470 4972 aa.
488 4903 739 4974 saraam
756 4903 817 4958 ns.
832 4903 888 4973 rr,
906 4910 964 4959 aa

274 4983 449 5059 Buram

131 5172 149 5215 ⁸
274 5194 368 5265 nsua
384 5203 489 5271 aaran
507 5202 545 5254 n.

276 5324 302 5393 1)
315 5328 373 5395 διὸ
389 5332 446 5391 oa
457 5338 477 5389 8
488 5348 566 5405 nenia
583 5335 711 5405 episcopo,
736 5335 824 5392 amere
841 5338 969 5406 capienti,
987 5337 1174 5409 mandauerat,
1196 5343 1227 5392 nt
1249 5336 1369 5392 cadmiae
1389 5350 1483 5389 mam
1497 5337 1601 5403 perna,
1619 5330 1702 5386 donoc
1718 5346 1815 5386 moces·

180 5400 260 5457 η*
272 5407 391 5477 Η·
491 5436 535 5479 'oe
550 5428 621 5479 2196.
691 5423 1031 5494 mussemutinae
1049 5427 1098 5480 snb
1116 5444 1141 5480 a.
1162 5433 1232 5494 1247,
1251 5427 1321 5495 Any.
1340 5430 1374 5477 24
1391 5426 1415 5476 et
1435 5420 1565 5488 Potttast,
1583 5418 1647 5490 aa.
1667 5425 1751 5474 rrum.
