4790 6340
876 427 1075 490 mrstomu
1093 427 1289 492 subnotato.
1326 432 1401 492 1247.
1897 435 1956 506 331

313 601 480 689 negotium
513 603 755 692 pertinentibus
786 605 826 671 de
861 608 997 673 consilio
1035 609 1144 676 dilecti
1179 611 1238 675 filii
1274 611 1376 676 nostri
1410 611 1448 678 P.
1472 611 1584 676 Sancti
1617 610 1751 694 Georgii
1779 613 1820 687 ad
1840 613 1959 678 Velum

314 709 458 774 Aureum
482 709 609 774 diaconi
633 710 815 792 cardinalis,
839 713 940 796 legati
963 714 1050 778 sedis
1073 717 1263 801 apostolice,
1287 716 1504 802 procedatis¹.

417 831 493 896 Dat.
517 839 552 896 ut
575 843 702 919 supra·.

931 975 1341 984 --—--—--——.-.—-

1090 1203 1178 1278 463.

414 1313 631 1406 Innocentius
646 1340 671 1405 Ι
674 1340 702 1404 V
716 1362 804 1422 popa
830 1341 1045 1428 [Sipcfridnm
1067 1342 1148 1430 ΙΙΙ]
1181 1345 1445 1428 archiepiscopum
1476 1345 1699 1428 Mopnntinnm
1732 1345 1889 1425 hortatur,
1922 1353 1959 1412 nt

244 1453 256 1490 ⁵
308 1461 403 1526 snper·
432 1444 623 1508 dissessione
656 1445 740 1508 intcr
771 1445 875 1524 ipsum
907 1450 936 1509 et
968 1444 1160 1530 [chricnm
1185 1447 1244 1532 Π]
1266 1449 1372 1512 dnccrn
1406 1448 1607 1514 Brabanta'oc
1633 1451 1670 1514 dc
1699 1451 1836 1532 quadem
1871 1455 1956 1515 tcrra

309 1550 418 1612 scorto
448 1547 484 1610 id
505 1545 624 1632 factat,
657 1547 740 1629 qnod
767 1546 918 1635 lucras]
940 1549 1052 1615 Sancti
1076 1550 1204 1633 Georgii
1233 1551 1276 1615 nd
1296 1550 1403 1616 Vclnm
1425 1552 1567 1618 Anrcnm
1596 1553 1747 1618 diaconus
1769 1555 1955 1631 cardinatis,

308 1650 493 1732 apostoticae
515 1651 597 1715 sedis
619 1651 746 1734 legatus,
768 1651 896 1716 dncnit
917 1653 1139 1717 ordinandum.
1596 1659 1689 1735 1247,
1712 1656 1791 1722 Nou.
1817 1659 1867 1722 19.

411 1769 476 1823 Inn
493 1769 542 1823 IV
556 1769 618 1838 Rep.
637 1769 693 1824 Vol.
712 1769 810 1838 Lat&
828 1770 888 1826 aa.
913 1771 943 1839 V,
956 1787 1011 1826 can.
1026 1780 1056 1827 19
1072 1773 1119 1826 bis.
1139 1773 1236 1827 Pertrii
1252 1776 1384 1843 exempta
1400 1776 1561 1830 contrclimns
1578 1792 1638 1829 cnm
1656 1777 1804 1844 Mccnnnn,
1824 1777 1840 1830 l.
1852 1793 1872 1830 c.
1885 1782 1903 1830 t.
1923 1777 1952 1845 V,

230 1945 257 1982 1⁰
304 1873 333 1924 p.
352 1862 392 1922 H,
410 1861 541 2009 'Iiodtorcat
562 1941 627 2010 ch.
647 1947 738 2008 1275&
757 1943 852 2010 Berge
870 1951 942 1998 4069.

772 2179 780 2196 .
810 2124 1184 2216 ,archiepiscopo
1212 2126 1479 2219 Magantino.

408 2272 491 2338 Oum
526 2273 609 2338 inter
640 2281 673 2338 te
707 2279 740 2338 et
772 2272 924 2338 dilectum
948 2274 1050 2338 tilium
1079 2275 1223 2339 nobilem
1252 2279 1356 2341 virum
1380 2326 1412 2342 ..
1437 2277 1553 2342 ducem
1576 2277 1756 2343 Brabnntie
1779 2277 1950 2343 occasione

305 2376 473 2441 cuiusdam
495 2382 581 2441 terre
605 2376 810 2441 dissentionis
834 2378 968 2441 materia
991 2384 1027 2440 ut
1049 2380 1235 2464 accepimus
1259 2381 1301 2445 sit
1324 2388 1447 2462 exorta,
1470 2381 1709 2446 fraternitatem
1725 2389 1814 2446 tuam
1831 2402 1949 2466 rogan-

305 2483 380 2546 dam
412 2481 563 2546 duximus
594 2483 750 2545 attentius
785 2490 818 2546 at
852 2481 1062 2563 hortandam,
1093 2482 1286 2549 mandantes
1309 2485 1462 2570 quatinus
1490 2506 1549 2570 pro
1577 2491 1690 2550 nostra
1712 2491 1745 2550 ct
1768 2486 1949 2570 apostolice

305 2586 392 2650 sedis
421 2588 605 2650 reverentia
641 2606 739 2672 super
774 2586 835 2649 hoc
870 2584 988 2666 facias,
1023 2587 1107 2671 quod
1137 2586 1276 2652 dilectus
1305 2588 1391 2653 filius
1420 2596 1531 2653 noster
1552 2588 1590 2653 P.
1614 2587 1726 2652 Sancti
1750 2587 1883 2673 Georgii
1908 2587 1951 2651 ad

303 2690 423 2754 Velum
446 2689 592 2755 Aureum
615 2688 774 2754 diaeonus
798 2688 980 2771 cardinalis,
1003 2691 1182 2775 apostolice
1206 2691 1293 2756 sedis
1317 2693 1458 2776 legatus,
1482 2691 1614 2756 duxerit
1636 2691 1861 2765 ordinandum,
1888 2712 1949 2755 nec

303 2800 337 2858 te
358 2792 477 2858 reddas
500 2815 559 2880 pro
582 2793 704 2859 honore
728 2795 869 2858 ecclesie
892 2793 1061 2858 difficilem
1084 2795 1117 2858 in
1140 2794 1201 2860 hac
1224 2802 1317 2880 parte
1326 2794 1350 2862 ².

406 2913 484 2980 Dat.
506 2921 543 2978 ut
565 2935 673 3001 supra.

920 3055 1329 3062 -Ἥ-

1083 3299 1171 3374 464.

404 3410 621 3507 Innocentius
642 3435 700 3504 IV
719 3459 809 3524 papa
841 3435 1016 3526 [Sipcfctdi
1039 3439 1119 3526 III]
1151 3437 1375 3522 archicpiscopi
1404 3437 1594 3523 Mapnntini
1621 3445 1650 3505 ct
1676 3439 1945 3526 suffragancorum

298 3545 366 3608 eins
398 3543 652 3622 solticitudinem,
686 3565 781 3626 qnam
813 3546 848 3608 in
878 3546 1032 3610 creatione
1053 3544 1253 3631 [Withctmc]
1274 3546 1356 3628 repis
1379 3544 1594 3610 Romanorum
1621 3544 1802 3624 habuerint,
1825 3545 1944 3624 tondat,

298 3665 406 3729 cosque
426 3651 536 3726 marcet,
557 3652 594 3711 nt
614 3648 681 3730 cepi
695 3652 840 3729 potenter
861 3649 1022 3713 assistant.
1587 3651 1681 3726 1247,
1703 3647 1783 3713 Noc.
1807 3651 1858 3717 19.

402 3766 468 3822 Inn.
481 3765 530 3820 IV
544 3766 606 3836 ch.
625 3767 680 3821 Vct.
699 3768 722 3836 Ι,
739 3775 803 3836 5⁵35
820 3767 927 3838 InInV,
951 3785 1008 3824 cnr.
1026 3776 1064 3823 22.
1111 3768 1258 3837 Ewcnrfar
1280 3768 1372 3838 Rapa.
1391 3770 1466 3822 Ann.
1486 3769 1544 3824 cmi.
1567 3787 1592 3822 a.
1612 3775 1691 3836 1248,
1718 3769 1946 3834 §senarum

297 3869 358 3907 acm
375 3853 523 3921 Mesenen,
541 3853 559 3906 t.
576 3869 597 3907 c.
615 3857 633 3907 t.
650 3853 680 3921 V,
696 3871 725 3922 p.
743 3861 785 3923 23,
803 3872 831 3909 n.
850 3863 888 3909 21.

402 3937 531 4008 Pcttnast,
553 3939 617 4008 Ray.
635 3947 726 4006 12759,·
743 3941 844 4011 Bcrpcr
861 3950 935 3998 4022.

497 4176 506 4192 .
535 4175 544 4194 .
573 4119 916 4213 archiepiscopo
943 4121 1203 4215 Maguutino
1231 4128 1276 4196 et
1302 4122 1399 4196 eius
1426 4121 1743 4214 suffraganeis

400 4267 549 4334 Studium
584 4275 618 4334 et
651 4267 920 4352 sollicitudinem,
955 4291 1051 4355 quam
1086 4270 1119 4333 in
1150 4271 1314 4335 creatione
1349 4269 1509 4334 carissimi
1538 4269 1571 4332 in
1596 4267 1726 4332 Christo
1758 4267 1817 4332 filii
1840 4270 1943 4334 nostri

295 4424 330 4442 ..
353 4374 439 4458 regis
462 4373 682 4438 Romanorum
704 4373 840 4438 illustris
863 4375 1020 4440 habuisse
1042 4375 1227 4452 noscimini,
1252 4373 1358 4459 dignis
1381 4375 1413 4436 in
1436 4373 1576 4438 Domino
1600 4370 1751 4436 laudibus
1775 4393 1940 4437 commen-

295 4475 419 4558 dantes,
444 4478 621 4563 gratiarum
644 4479 748 4560 vobis,
771 4500 851 4565 quas
874 4500 1059 4567 possumus,
1082 4479 1255 4544 referimus
1278 4479 1434 4543 actiones.
1479 4477 1566 4550 Quia
1582 4498 1669 4558 vero,
1691 4483 1811 4561 quanto
1835 4478 1941 4541 maius

296 4588 346 4647 est
368 4583 535 4669 inceptum
557 4584 734 4669 negotium,
758 4589 849 4648 tanto
877 4583 918 4649 ad
947 4583 1077 4649 felicem
1106 4584 1175 4648 eius
1205 4583 1484 4647 consumationem
1511 4581 1634 4645 auxilio
1665 4578 1791 4664 indiget
1812 4579 1940 4664 potiori,

294 4686 531 4750 fraternitatem
554 4693 696 4752 vestram
718 4708 885 4773 rogamus,
907 4709 1076 4753 monemus
1107 4694 1142 4752 et
1174 4688 1343 4752 hortamur
1372 4692 1513 4766 attente,
1537 4687 1571 4751 in
1598 4685 1825 4750 remissionem
1846 4684 1941 4749 vobis

293 4789 517 4876 peccaminum
546 4790 778 4876 imponentesi’,
802 4792 966 4877 quatinus,
991 4790 1195 4857 considerato
1219 4791 1396 4877 prudenter
1419 4788 1505 4874 quod
1528 4810 1592 4854 nou
1615 4795 1666 4853 est
1689 4788 1723 4851 in
1746 4795 1812 4852 tam
1836 4786 1937 4853 arduo

293 4894 425 4978 negotio
454 4892 694 4974 dormiendum,
729 4894 769 4958 ad
793 4916 849 4976 ea,
884 4917 947 4981 que
983 4896 1047 4981 ipsi
1081 4896 1213 4980 negotio
1249 4893 1403 4979 expedire
1438 4890 1600 4967 videritis,
1637 4890 1753 4954 dautes
1788 4911 1883 4977 opem
1907 4895 1941 4956 et

293 5017 425 5083 operam
448 4997 625 5063 secundum
648 4998 854 5085 prudentiam
877 5021 897 5064 a
919 4999 1058 5064 Domino
1082 4998 1174 5063 vobis
1198 4996 1320 5076 datam,
1348 4994 1454 5060 eidem
1477 4995 1547 5081 regi
1570 4995 1709 5058 viriliter
1732 4998 1764 5057 et
1787 4998 1940 5079 potenter

293 5100 456 5164 assistatis
479 5101 662 5166 constantia
684 5109 850 5169 consueta.

395 5220 472 5287 Dat.
495 5221 658 5307 Lugduni,
680 5221 765 5288 XIII
787 5221 863 5290 Kal.
885 5222 1056 5289 Decembr.
1082 5244 1166 5288 anuo
1181 5221 1238 5288 V0.

394 5340 432 5406 In
455 5342 596 5408 eundem
618 5343 750 5409 modum
773 5393 807 5411 ..
830 5344 1076 5431 archiepiscopo
1100 5344 1304 5412 Coloniensi³
1326 5349 1359 5408 et
1382 5343 1452 5408 eins
1476 5340 1700 5429 suffraganeis.

393 5605 418 5672 ι)
437 5607 477 5658 De
487 5616 550 5658 nota
561 5608 676 5659 chronol.
688 5610 722 5674 as.
734 5625 760 5674 p.
771 5611 832 5673 330,
842 5616 894 5660 not.
903 5626 924 5658 c.
1000 5607 1023 5672 b)
1042 5610 1079 5658 ito
1090 5609 1176 5676 Bnyn.
1188 5617 1211 5660 ct
1223 5609 1275 5670 M.‚·
1286 5609 1355 5660 otior
1366 5607 1531 5674 iniungentos
1542 5603 1687 5667 nectam,-
1699 5603 1733 5662 cs.
1742 5620 1771 5668 p.
1782 5605 1840 5666 330,
1850 5611 1902 5655 not.
1912 5621 1937 5655 a.

394 5725 420 5794 1)
439 5722 477 5791 ΟΥ.
497 5724 574 5778 etaiam
590 5725 667 5792 infra
683 5741 721 5794 cp.
739 5743 764 5780 α.
783 5731 855 5793 1248,
874 5725 941 5794 Apr.
960 5733 984 5780 8.
1088 5727 1117 5795 2)
1136 5725 1175 5794 (ts.
1193 5743 1221 5780 n.
1240 5733 1294 5782 457.
1397 5728 1425 5796 3)
1445 5721 1575 5776 mendo.
1673 5807 1729 5862 42*
