4328 6232
353 335 416 398 481
695 322 699 327 “
909 327 960 384 ax
979 327 1197 384 ruuoouuru
1217 327 1255 383 ιιι
1275 327 1457 385 asarsrao

354 506 521 572 Barnabsi
554 505 754 571 marchionis
787 504 1027 591 Malaspine⁸¹,
1067 525 1125 590 pro
1160 503 1254 568 robis
1294 523 1393 590 super
1430 502 1493 566 hoc
1532 501 1622 568 sedis
1655 503 1841 589 apostolice
1874 503 2014 587 gratiam

353 611 568 697 implorantis,
592 610 720 676 devotis
744 608 1037 695 supplicationibus
1060 609 1217 683 inclinati,
1240 609 1434 672 auctoritate
1451 606 1544 672 vohis
1566 607 1770 692 presentium
1792 605 2015 690 indulgemus.

353 721 390 779 ut
421 714 462 779 sd
493 715 713 801 provisionem
736 714 789 778 sel
812 712 1035 799 receptionem
1060 713 1093 776 in
1116 712 1298 798 plebanatu
1322 711 1468 777 eiusdem
1492 710 1631 775 ecclesie
1655 706 1735 797 [inlr
1759 710 1935 775 benetimm
1957 732 2013 773 seu

352 819 566 905 pensionibus
601 839 660 904 per
692 819 819 883 litteras
852 816 940 883 sedis
976 817 1154 902 apostolice
1189 816 1242 879 rel
1277 815 1460 900 legatorum
1495 814 1567 879 eius
1602 814 1794 900 impetratas
1825 821 1883 878 aut
1915 815 2014 878 etiam

353 923 575 1009 impetrandas
598 943 664 986 non
688 923 866 988 teneamini
890 921 1038 1002 alicuius,
1062 940 1126 1005 qne
1143 919 1184 984 de
1200 919 1403 1005 indulgentia
1419 916 1604 984 huiusmodi
1620 918 1752 1005 plenam
1769 924 1803 982 ct
1819 939 2013 1004 expressam

353 1049 418 1092 non
442 1027 581 1092 iecerint
602 1027 815 1091 mentionem.
860 1025 951 1089 Nulli
975 1045 1054 1109 ergo
1078 1029 1141 1090 etc.
1166 1029 1278 1089 nostre
1302 1022 1535 1088 concessionis.

462 1148 539 1213 Dat.
564 1147 728 1232 Lugduni,
752 1146 822 1212 IIII
845 1145 922 1211 Kal.
946 1145 1081 1232 Aprilis,
1105 1165 1189 1209 anno
1205 1143 1281 1209 VI⁰.

978 1406 1389 1419 ...-.--—....-...—

1143 1655 1232 1730 678.

459 1769 677 1865 Inspectus
706 1794 760 1864 IV
780 1815 871 1883 papa
904 1792 1020 1864 decess
1056 1795 1167 1863 Sancti
1198 1796 1347 1864 Andreae
1371 1795 1625 1876 wormatiensis,
1662 1799 1786 1864 meteri
1813 1798 1957 1864 Meteesi
1988 1804 2016 1865 cl

355 1901 553 1968 thesaurario
576 1903 688 1969 Sancti
710 1901 801 1966 Petri
822 1901 1066 1984 Arpsrrtc'rreasis
1087 1901 1228 1980 monetet,
1256 1905 1291 1965 ret
1314 1901 1499 1967 Apselmcm
1521 1903 1706 1968 mnostrum
1729 1902 1924 1985 spirensem,
1945 1927 2013 1970 cerr·

355 2008 564 2089 saepsissent
579 1997 735 2091 [Hen'ra'cs'
750 2005 832 2091 III]
852 2006 987 2089 cpisccps'
1002 2005 1254 2088 Arpcrrtirrerrss's,
1277 2006 1333 2088 qai
1351 2009 1481 2088 propter
1501 2006 1648 2088 obsepm'a
1670 2007 1706 2070 irs
1727 2009 1849 2092 sepelio
1870 2011 2015 2077 melem

354 2110 493 2175 cohibita
507 2111 547 2175 ab
563 2110 665 2175 eodem
680 2110 819 2191 episeopo
833 2110 1018 2174 auctoritate
1033 2111 1204 2190 apostolice
1219 2111 1255 2174 trs
1266 2110 1481 2193 praepositum
1494 2109 1607 2175 Sancti
1621 2109 1764 2176 Marts'nr'
1775 2113 2018 2182 Worrrreticrasis

348 2219 512 2296 promotas
528 2215 634 2295 sperit,
654 2214 690 2276 ip
702 2213 928 2297 possessionem
941 2214 1181 2293 praepositurae
1197 2213 1359 2292 induceret,
1379 2214 1445 2278 arsi
1460 2216 1569 2279 aaa
1583 2211 1832 2296 Wcrmclteasis,
1854 2219 1910 2282 cut
1927 2240 2018 2285 corre-

354 2317 420 2382 aiei
442 2338 510 2381 cars
532 2317 729 2394 contulerint,
752 2317 980 2381 dealbationem
1001 2317 1182 2381 cononicam
1205 2321 1365 2383 essecutus
1382 2316 1495 2403 faerit.
1638 2319 1732 2396 1949,
1754 2318 1858 2390 Mart.
1874 2326 1931 2388 30.

461 2436 523 2489 Iera
537 2436 584 2489 IV
600 2436 665 2505 Rep.
683 2435 745 2489 La.
764 2436 810 2504 VI,
827 2437 846 2503 fl
862 2443 903 2503 52,
921 2453 949 2490 rr.
961 2442 1017 2490 537.
1050 2436 1176 2504 Epistola
1193 2452 1249 2488 poa
1268 2442 1332 2490 estc
1351 2435 1468 2492 predium
1486 2452 1596 2491 mensem
1615 2436 1679 2492 Ian.
1697 2440 1838 2509 repressere
1855 2449 1902 2496 est.

462 2522 592 2589 Portare,
614 2522 676 2589 ch.
692 2528 766 2577 13er
770 2543 780 2589 ‚·
799 2524 896 2591 Beroea
913 2531 983 2577 4577.

359 2777 398 2795 ..
427 2721 597 2795 decano
625 2722 779 2794 Sancti
807 2721 979 2794 Andree
1004 2722 1371 2810 warmaciensis,
1405 2779 1443 2795 ..
1472 2723 1649 2796 cantori
1677 2723 1869 2800 Melensi
1904 2734 1948 2802 el
1979 2787 2017 2804 ..

682 2842 968 2917 thesaurario
997 2844 1150 2917 Sancti
1177 2845 1298 2918 Petri
1325 2844 1693 2937 argentinensis

466 2991 519 3056 Ex
546 2992 661 3077 parte²
690 2992 888 3058 venerabilis
919 2991 1028 3055 fratris
1059 2991 1163 3055 nostri
1192 3040 1229 3055 ..
1257 2990 1404 3076 episcopi
1430 2989 1686 3075 Argentinensis
1716 2994 1780 3060 fuit
1811 3003 2019 3085 propositum

360 3117 468 3160 coram
499 3097 607 3176 nobis,
639 3095 725 3181 quod
754 3117 827 3160 cum
856 3097 931 3159 olim
964 3096 1024 3159 sibi
1057 3095 1178 3158 nostris
1207 3093 1393 3159 dederimus
1423 3094 1541 3159 litteris
1570 3097 1602 3159 in
1625 3096 1804 3178 mandatis,
1835 3107 1874 3165 ut
1897 3102 2020 3169 dilecto

359 3200 426 3263 filio
455 3199 613 3263 anselmo
646 3200 800 3264 canonico
830 3198 977 3285 Spirensi
1010 3198 1255 3282 consanguineo
1287 3218 1346 3260 suo
1374 3199 1406 3261 in
1435 3197 1676 3283 Argentineusi
1697 3200 1752 3266 vel
1771 3200 2019 3273 Warmaciensi

359 3303 546 3367 civitatibus
571 3304 622 3367 vel
647 3303 833 3367 dioeesibus
857 3302 1045 3388 provideret
1069 3323 1127 3366 seu
1149 3301 1310 3388 provideri
1339 3302 1464 3366 laceret
1492 3301 1533 3366 de
1563 3301 1736 3387 dignitate,
1768 3306 1941 3391 prelatura
1970 3314 2022 3376 rel

358 3407 432 3471 aliis
458 3407 691 3471 ecclesiasticis
720 3406 888 3470 beneficiis
918 3406 1017 3470 etiam
1046 3426 1156 3468 curam
1190 3407 1370 3470 animarum
1400 3405 1612 3486 habentibus,
1644 3414 1740 3493 prout
1768 3409 1900 3477 videret
1927 3416 2022 3480 iuxta

359 3531 491 3575 suorum
515 3510 704 3573 meritorum
722 3509 923 3594 exigentiam
941 3510 1109 3594 expedire,
1135 3509 1390 3574 contradictores
1407 3510 1497 3590 etc.³,
1522 3509 1608 3573 idem
1624 3512 1808 3597 episcopus,
1833 3515 2020 3584 huiusmodi

360 3614 514 3677 mandato
544 3620 656 3677 nostro
687 3614 719 3677 in
749 3614 898 3678 omnibus
931 3613 1081 3679 ecclesiis
1116 3613 1336 3699 predictarum
1368 3615 1536 3678 civitatum
1569 3621 1603 3680 et
1634 3614 1803 3682 diocesum
1838 3622 2021 3705 publicato.

359 3717 493 3802 prolatis
518 3723 551 3780 et
574 3717 725 3802 capitulis
750 3717 930 3782 earundem
955 3717 1102 3797 inhibuit,
1136 3739 1177 3782 no
1201 3717 1242 3782 de
1266 3719 1440 3804 prelaturis
1463 3726 1496 3783 et
1519 3717 1736 3803 dignitatibus
1757 3742 1796 3786 ae
1819 3725 1895 3789 aliis
1917 3727 2020 3792 bene·
2134 3753 2151 3786 a

359 3819 442 3882 ficiis
466 3820 704 3884 ecclesiasticis
727 3819 768 3883 ad
792 3820 880 3906 ipsos
897 3820 1126 3906 spectantibus
1143 3819 1332 3885 ordinarent
1349 3820 1484 3905 aliquid,
1509 3842 1582 3885 eum
1598 3831 1764 3904 vacarent,
1788 3823 1895 3892 donec
1912 3828 2021 3895 dictus

360 3924 538 3987 Anselrnus
572 3929 672 3988 esset
696 3922 737 3987 de
772 3924 936 4009 aliquibus
972 3923 1186 4008 dignitatibus
1221 3924 1272 3988 vel
1307 3924 1478 3988 beneficiis
1518 3924 1739 4010 predictarum
1778 3928 1952 3997 civitatum
1989 3946 2023 3999 et

359 4025 525 4091 diocesem
560 4027 654 4091 iuxta
689 4025 832 4090 mandati
866 4027 968 4092 nostri
1002 4034 1150 4092 tenorem
1184 4029 1403 4114 provisionem
1432 4048 1608 4113 congruam
1637 4039 1819 4100 assecutus.
1872 4035 1917 4101 Et
1945 4042 2023 4124 quia

362 4131 510 4194 canonici
533 4131 674 4196 ecclesie
700 4131 804 4195 sancti
821 4130 954 4196 Martini
972 4131 1237 4212 Warmacicnsis,
1262 4138 1450 4218 contempta
1472 4132 1664 4200 inhibitione
1688 4136 1888 4221 huiusmodi,
1912 4161 1932 4203 a
1956 4162 2020 4227 qua

360 4235 546 4298 nullatenus
569 4235 847 4314 reclamaverint0,
873 4236 950 4301 licet
973 4236 1170 4300 innotuisset
1186 4236 1320 4316 eisdem,
1344 4236 1386 4300 sd
1401 4238 1641 4324 preposituram
1657 4240 1759 4326 ipsius
1775 4245 1932 4321 ecclesie,
1956 4267 2017 4332 qur

360 4339 498 4418 vacavit,
522 4338 731 4423 postmodum
750 4387 756 4400 .
773 4389 779 4403 .
799 4346 965 4403 cantorem
980 4338 1275 4419 Warmaeiensem,
1299 4341 1340 4404 ab
1358 4340 1473 4406 eodem
1490 4343 1644 4429 episcopo
1667 4364 1732 4407 nou
1755 4347 1862 4431 petita
1885 4349 2016 4414 licentis

361 4462 421 4505 nee
444 4441 665 4527 prohibitione
689 4443 838 4508 relaxata
860 4444 1020 4530 predicta,
1043 4446 1077 4508 in
1101 4467 1195 4509 suum
1211 4446 1414 4531 prepositum
1430 4445 1471 4510 dc
1487 4445 1574 4510 facto
1589 4447 1715 4532 eligere
1729 4461 2015 4539 presumpserunt:

362 4545 469 4610 dictus
494 4548 680 4635 episcopus,
705 4547 886 4614 decernens
909 4549 1107 4614 auctoritate
1131 4549 1312 4614 litterarum
1336 4556 1521 4614 nostrarum
1539 4550 1734 4617 electionem
1752 4554 1858 4640 ipsius
1876 4560 2015 4622 cantoris

363 4650 487 4713 irritam
504 4658 537 4714 ct
554 4651 693 4729 inanem,
718 4652 759 4716 de
776 4653 984 4738 prepositura
999 4653 1071 4738 ipss
1087 4659 1266 4718 memorato
1284 4653 1529 4739 consanguineo
1547 4675 1607 4719 suo
1623 4654 1743 4721 tradita
1766 4657 1830 4723 sihi
1852 4667 2014 4746 potestate

362 4752 515 4837 providit.
561 4752 629 4818 Nos
653 4755 762 4838 igitur,
792 4754 913 4820 devota
937 4757 1109 4841 obsequia,
1141 4777 1204 4841 que
1235 4755 1401 4843 predictus
1424 4757 1603 4823 Anselmus
1631 4760 1663 4824 in
1693 4762 1825 4847 negotio
1854 4765 2015 4849 generalis

363 4857 504 4920 ecclesie
532 4856 653 4921 diutius
684 4858 874 4923 exhibuisse
904 4859 1031 4940 dicitur,
1060 4869 1157 4945 prout
1185 4863 1336 4925 convenit
1363 4862 1586 4944 attendentes,
1616 4885 1655 4929 ac
1681 4886 1742 4951 per
1767 4865 1853 4932 hoc⁶
1882 4876 1918 4934 et
1944 4890 2014 4933 eon·

363 4959 562 5024 sideratione
591 4959 669 5025 dicti
698 4961 859 5049 episcopi,
896 4961 981 5049 quod
1010 4963 1052 5026 ab
1081 4962 1196 5029 eodem
1231 4986 1330 5051 super
1361 4964 1422 5029 hoc
1455 4965 1578 5031 iactum
1607 4974 1672 5048 est,
1707 4967 1749 5034 de
1777 4972 1887 5055 gratia
1914 4979 2015 5038 ratum

473 5121 711 5129 —-—-.——-
720 5124 873 5130 ——h—-o
882 5123 1052 5131 ...-—..-.——
1075 5126 1212 5133 ἡ...

468 5221 491 5284 ⁸)
510 5222 638 5289 Malaspih
658 5223 689 5273 lt.
794 5221 820 5279 bl
840 5224 865 5274 in
884 5223 952 5274 deest
973 5221 1003 5273 Η.
1109 5224 1131 5283 0)
1150 5225 1185 5274 ite
1205 5224 1236 5275 R.
1342 5222 1367 5287 rt)
1384 5243 1415 5278 ac
1432 5244 1478 5295 per
1495 5228 1544 5279 hoc
1561 5228 1587 5280 ia
1606 5230 1661 5281 toro
1678 5246 1749 5282 raso.

468 5359 492 5425 l)
517 5357 559 5410 Dc
582 5358 629 5412 boc
650 5361 683 5424 cf.
706 5361 785 5414 etiarn
809 5360 884 5414 Arra
904 5360 1021 5414 Placent.
1043 5360 1103 5415 Grb.
1122 5380 1147 5414 α.
1166 5369 1244 5429 1219,
1269 5362 1316 5416 SS.
1338 5369 1356 5415 t.
1375 5362 1496 5432 XVIII,
1517 5380 1548 5431 p.
1564 5372 1621 5420 498.
1656 5364 1699 5419 De
1721 5364 1848 5422 Conrado
1872 5366 2018 5424 maes

365 5441 535 5510 Malespr'rrre,
559 5445 607 5512 qui
624 5445 777 5513 imperatori
794 5452 852 5500 tum
869 5445 1039 5514 eumaem,
1062 5447 1097 5513 cs.
1115 5446 1176 5500 abiel.
1195 5465 1221 5499 a.
1240 5454 1303 5502 1949
1319 5453 1343 5501 el
1361 5455 1436 5516 1949,
1455 5466 1486 5518 p.
1502 5457 1552 5506 493
1568 5450 1620 5520 his,
1641 5456 1666 5507 el
1683 5459 1736 5507 499
1750 5456 1775 5507 el
1793 5452 2017 5521 Mum-litha,

363 5528 380 5582 l.
392 5544 413 5583 e.
430 5535 503 5584 3746.
591 5531 618 5599 2)
636 5531 744 5586 Darem
760 5531 831 5587 lrasrc
846 5549 900 5602 ep,
924 5533 990 5601 quta
1007 5533 1151 5588 laedentes
1163 5533 1305 5603 passam,
1328 5551 1381 5603 prce
1398 5535 1474 5590 merlo
1490 5536 1523 5591 ta
1539 5537 1637 5592 tetricus
1648 5537 1850 5608 metim
1865 5554 2016 5611 pm

361 5611 459 5682 semin
476 5616 507 5684 cs.
526 5617 605 5670 eliam
624 5617 720 5689 Brrper·
738 5624 812 5676 3631.
900 5622 928 5687 3)
948 5619 1075 5689 Epistola
1093 5620 1141 5674 sub
1159 5637 1184 5676 a.
1199 5626 1269 5689 1917,
1287 5621 1354 5690 Ap.
1368 5628 1401 5678 17
1414 5620 1479 5677 deta
1497 5628 1548 5689 este
1565 5622 1666 5695 Bm
1680 5628 1760 5697 2883
1773 5624 1897 5697 ssm-
