4328 6232
260 358 322 420 256
816 354 862 408 EX
883 354 1101 409 INNOCth'l'll
1119 354 1158 408 lV
1176 354 1358 412 REGIS'I'RO

260 552 318 594 nos
343 529 441 594 corde
466 530 674 616 compuncti*
697 551 736 593 co
760 528 952 614 profundius
977 530 1192 614 suspiramus,
1223 551 1286 614 quo
1310 530 1388 595 licet
1410 530 1562 594 immeriti
1587 530 1738 596 eiusdem
1764 531 1915 616 regimini

259 632 465 718 presidentes
495 633 655 712 ecclesie,
689 632 730 696 dc
759 633 862 718 ipsius
891 633 1044 696 libertate
1075 631 1197 697 tuenda
1225 642 1258 696 et
1286 632 1516 698 conservandis
1545 633 1729 699 honoribus
1757 633 1916 699 debemus

259 758 316 822 pre
340 737 465 800 eunctis
481 736 553 800 aliis
571 737 727 820 cogitare,
750 735 881 819 dignum
907 743 940 799 et
958 756 1136 820 congruum
1162 736 1359 800 arbitrantes
1383 743 1418 799 ut
1440 758 1499 801 vos
1522 737 1624 823 ipsos,
1647 759 1732 823 quos
1755 758 1915 824 expresse

259 840 444 904 huiusmodi
468 862 569 905 causa
584 840 755 923 contingit,
780 859 853 901 cum
877 839 948 902 sitis
968 839 1115 903 membra
1138 840 1242 924 ipsius
1259 841 1400 905 ecclesie
1424 840 1558 922 famosa,
1582 841 1787 927 conspicual’
1810 841 1915 927 digni-

261 949 338 1021 tate,
362 943 536 1008 reddamus
561 942 602 1007 ad
625 964 665 1007 ea
688 943 862 1024 sollicitos,
890 964 1035 1029 perque
1059 943 1168 1007 divina
1191 944 1367 1008 elementia
1391 945 1590 1030 suffragante
1614 946 1807 1032 proveniat,
1830 945 1915 1031 quod
1961 987 1962 992 κ

261 1046 377 1110 eadem
400 1048 542 1112 ccclesia
565 1046 606 1110 ad
631 1049 737 1111 votive
753 1053 872 1111 statum
889 1046 1132 1131 tranquillitatis
1150 1053 1298 1130 exurgat.
1342 1046 1511 1133 Rogamus
1533 1049 1645 1132 itaque
1664 1048 1916 1114 universitatem

261 1158 405 1215 vestram
430 1160 462 1216 et
479 1153 652 1216 affectione
676 1172 739 1236 qua
753 1171 928 1236 possumus
946 1157 1146 1230 exortamur,
1172 1139 1232 1236 per
1247 1150 1429 1235 apostoliea
1452 1152 1544 1216 vobis
1568 1153 1689 1240 scripta
1704 1154 1917 1241 precipiendo

261 1252 470 1333 mandantes,
503 1256 655 1339 quatinus
679 1255 797 1338 singuli
825 1262 969 1319 vestrum
994 1252 1105 1319 Ytalie
1136 1255 1278 1334 clericis,
1312 1255 1367 1340 qui
1395 1255 1557 1320 beneficia
1589 1278 1648 1321 seu
1676 1258 1857 1344 pensiones
1886 1259 1916 1321 in

262 1358 448 1421 civitatibus
486 1380 545 1423 seu
579 1357 765 1422 diocesibus
796 1359 912 1423 vestris
945 1359 1094 1424 obtinere
1129 1365 1320 1437 noscuntur,
1355 1364 1412 1422 aut
1439 1359 1708 1445 procuratoribus
1737 1361 1915 1426 eorundem

262 1461 448 1525 huiusmodi
472 1463 700 1526 necessitatem
724 1461 873 1541 ecclesie,
898 1463 982 1525 sicut
1007 1461 1195 1546 diligentius
1219 1462 1379 1548 poteritis,
1403 1470 1619 1547 exponentes,
1643 1484 1702 1529 eos
1726 1464 1917 1530 efficacibus

262 1564 394 1627 monitis
427 1563 603 1644 inducatis,
634 1570 670 1626 ut
701 1563 742 1628 ad
774 1563 976 1650 spiritualem
1006 1571 1145 1628 matrem
1175 1564 1320 1649 ipsorum
1346 1565 1475 1630 interne
1504 1565 1648 1631 habeant
1680 1569 1918 1653 compassionis

262 1667 414 1732 affectum
438 1674 471 1732 et
493 1667 650 1732 bonorum
673 1674 814 1754 partem,
843 1668 960 1752 quibus
990 1689 1049 1753 per
1071 1668 1172 1753 ipsius
1196 1668 1450 1733 munificentiam
1474 1669 1629 1748 affluunt,
1659 1671 1693 1733 in
1716 1671 1790 1734 eius
1813 1669 1917 1735 subsi-

262 1771 350 1836 dium
381 1779 531 1857 prompta
557 1773 753 1836 liberalitate
786 1779 992 1850 convertant,
1023 1772 1068 1835 ita
1090 1771 1175 1855 quod
1202 1772 1249 1835 illi
1283 1792 1324 1834 ex
1352 1771 1475 1837 eisdem
1505 1773 1630 1838 clericis
1658 1773 1699 1838 de
1726 1774 1918 1849 redditibus,

264 1896 346 1959 quos
371 1874 492 1940 habent
521 1876 553 1939 in
577 1875 729 1961 predictis
752 1875 935 1939 civitatibus
959 1882 991 1938 et
1014 1874 1200 1939 diocesibus
1231 1895 1333 1959 usqne
1361 1875 1402 1939 ad
1433 1883 1561 1940 centum
1591 1899 1720 1942 marcas
1744 1886 1798 1941 et⁰
1826 1877 1918 1956 infra,

263 1985 411 2062 quartam
441 1986 584 2063 partem,
612 1978 651 2041 de
680 1979 744 2042 illis
777 1998 867 2057 vero,
902 1999 982 2063 quos
1008 1978 1095 2041 ultra
1122 1985 1252 2043 eentum
1282 2000 1408 2044 mareas
1437 1979 1559 2045 ibidem
1581 1980 1704 2045 habere
1728 1990 1915 2060 noscuntur,

263 2080 471 2144 medietatem
494 2080 536 2144 ad
559 2103 640 2167 opus
665 2082 767 2166 ipsius
791 2082 926 2145 ecclesie
950 2118 991 2126 -
1015 2103 1080 2145 non
1104 2080 1277 2145 obstante‘¹
1301 2083 1410 2167 aliquo
1433 2083 1604 2169 privilegio
1629 2083 1680 2147 vel
1703 2081 1918 2169 indulgentia,

263 2183 444 2268 dequibus
472 2185 504 2247 in
536 2185 651 2249 litteris
680 2185 797 2249 nostris
826 2183 977 2269 specialis
1006 2184 1047 2247 sit
1076 2184 1198 2247 mentio
1220 2183 1386 2264 facienda,
1411 2221 1451 2230 -
1475 2185 1508 2249 in
1532 2186 1648 2249 vestris
1672 2186 1828 2251 manibus
1852 2187 1918 2250 siue

264 2286 394 2351 obiectu
411 2286 567 2370 cuiusque
590 2285 987 2372 diffieulmrisgossignont,
1010 2287 1056 2349 ita
1077 2286 1175 2370 quod,
1198 2287 1310 2351 eadem
1334 2287 1474 2351 eeclesia
1488 2288 1673 2373 gratulante
1696 2289 1730 2353 in
1752 2290 1801 2353 cis
1825 2289 1920 2354 deve·

264 2391 361 2454 tionis
377 2390 560 2476 repperisse
576 2389 671 2468 lilios,
695 2390 758 2475 ipsi
773 2410 927 2474 processu
943 2390 1098 2474 temporis
1114 2410 1187 2453 cam
1204 2388 1368 2474 gaudeant
1386 2392 1528 2455 sensisse
1543 2391 1733 2456 munificam
1750 2392 1783 2456 in
1800 2393 1919 2457 favoris

264 2494 371 2579 gratia
386 2493 548 2578 specialis.
595 2491 860 2556 Contradictores
877 2499 996 2572 autem,
1021 2494 1047 2556 si
1072 2493 1127 2577 qui
1143 2493 1274 2571 fuerint,
1296 2493 1348 2556 vel
1370 2491 1510 2558 rebelles
1533 2515 1591 2581 per
1615 2516 1792 2559 censuram
1815 2496 1918 2560 cccle-

265 2597 431 2661 siasticam
452 2596 671 2682 appellatione
688 2595 872 2681 postposita
889 2596 1123 2682 compescatis;
1147 2596 1361 2679 quantitatem
1378 2615 1501 2677 eorum,
1525 2617 1587 2681 que
1604 2597 1698 2662 vobis
1714 2599 1921 2683 provenerint

265 2700 305 2764 dc
328 2699 518 2779 redditibus,
540 2698 636 2763 nobis
659 2696 797 2762 fideliter
820 2699 1018 2784 rescripturi.

377 2820 453 2886 Dat.
476 2821 639 2906 Lugduni,
661 2821 695 2885 Il
718 2821 829 2885 Nonas
852 2820 943 2900 Maii,
967 2842 1051 2884 anno
1076 2819 1122 2882 lv
1136 2822 1158 2882 ¹.

374 2943 412 3005 ln
435 2942 574 3006 eundem
598 2941 728 3005 modum
752 2939 1008 3026 archiepiscopis
1031 2945 1064 3003 et
1086 2939 1250 3023 episeopis
1273 2960 1331 3024 per
1353 2959 1491 3023 regnum
1515 2939 1625 3004 Scotie
1649 2942 1852 3007 constitutis.

374 3048 412 3111 ln
436 3047 575 3111 eundem
597 3044 728 3110 medum
751 3045 1003 3129 archiepiscopis
1026 3050 1059 3106 et
1082 3042 1242 3128 episcopis
1265 3062 1324 3128 per
1346 3042 1526 3107 Yberniam
1551 3045 1750 3111 constitutis.

374 3152 413 3216 In
436 3151 575 3215 cundem
598 3150 730 3214 modum
754 3147 1011 3234 archiepiscopis
1035 3154 1068 3210 ct
1090 3146 1253 3232 episcopis
1276 3166 1335 3230 per
1357 3147 1588 3211 Alamanniam
1612 3149 1813 3215 constitutis.

373 3256 412 3320 In
444 3254 582 3319 cundem
610 3253 742 3318 modum
772 3253 1028 3339 archiepiscopis
1059 3258 1091 3314 et
1113 3250 1276 3336 episcopis
1309 3271 1368 3335 per
1395 3272 1531 3336 regnum
1553 3249 1695 3315 Francie
1719 3253 1921 3318 constitutis:

266 3360 352 3446 quod
381 3380 485 3445 usquc
511 3358 553 3422 ad
577 3366 705 3422 centum
731 3355 876 3444 [libras]⁰
899 3355 1137 3419 Turonensium
1160 3361 1193 3416 et
1215 3353 1310 3434 infra,
1335 3363 1486 3439 quartam
1510 3363 1654 3440 partem,
1683 3354 1724 3419 dc
1748 3356 1816 3420 illis
1839 3378 1922 3436 vero,

267 3485 350 3549 quos
373 3464 458 3526 ultra
474 3468 604 3526 centum
627 3461 728 3526 libras
751 3460 872 3524 ibidem
895 3459 1015 3523 habere
1039 3464 1227 3538 noscuntur,
1252 3456 1460 3522 medietatem
1484 3457 1526 3522 ad
1548 3480 1632 3545 opus
1656 3459 1764 3545 ipsius
1787 3459 1922 3524 ecclesie

266 3575 328 3630 etc.
353 3574 388 3629 ut
410 3567 444 3629 in
467 3566 627 3651 proxima.

376 3668 415 3732 ln
437 3667 576 3732 eundem
599 3667 730 3731 modum
754 3666 1009 3752 archiepiscopis
1033 3671 1066 3727 et
1088 3664 1249 3750 episcopis
1273 3665 1306 3729 iu
1329 3663 1509 3728 Wasconia
1532 3665 1732 3731 constitutis.

375 3772 412 3834 ln
437 3771 575 3835 eundern
597 3768 728 3835 modum
752 3770 1009 3856 archiepiscopis
1033 3776 1066 3832 et
1089 3769 1252 3854 episeopis
1275 3790 1332 3853 per
1357 3767 1539 3853 Yspaniam
1564 3769 1764 3836 constitutis.

377 3875 416 3937 ln
440 3875 578 3938 cundem
600 3874 732 3938 modum
755 3873 1010 3958 archiepiscopis
1034 3881 1066 3936 et
1091 3873 1251 3959 episcopis
1274 3873 1307 3936 in
1329 3871 1525 3957 Burgrndia
1548 3871 1746 3936 constitutis.

376 3977 414 4041 ln
437 3978 574 4042 eundem
598 3977 728 4042 modum
751 3977 1008 4063 archiepiscopis
1031 3984 1064 4040 et
1087 3978 1249 4062 episcopis
1273 3977 1305 4040 in
1328 3977 1500 4041 Provincia
1523 3975 1720 4042 constitutis.

890 4274 1032 4282 ..-Ἦ
1040 4276 1054 4281 --
1069 4276 1074 4281 .
1083 4276 1101 4281 --
1120 4275 1198 4282 .-—-.
1206 4275 1232 4282 ..-
1241 4275 1264 4281 -·
1291 4275 1300 4282 -

1054 4551 1140 4625 343.

372 4671 590 4763 [urrerarrtr'rrs
604 4696 628 4761 1
635 4697 756 4777 Vpupu
775 4697 811 4760 irr
832 4696 1010 4776 Alebirrpeu
1041 4698 1070 4757 ct
1095 4693 1128 4754 r'rr
1150 4692 1282 4755 ⁴llruscrr
1304 4692 1470 4756 ulrlrrrtr'brrs
1491 4697 1520 4757 ct
1536 4692 1718 4777 praeposite
1738 4692 1776 4756 de
1806 4691 1962 4759 waes-4

268 4803 367 4866 irrascu
392 4802 437 4865 rrrl
459 4821 567 4884 preces
595 4799 761 4884 limonia·
784 4798 855 4883 ll']
880 4798 1001 4862 cernitis
1027 4795 1171 4879 palatini
1200 4794 1238 4856 dc
1269 4793 1430 4877 Trrbr'rrperr
1468 4797 1615 4873 recurrebat,
1647 4799 1682 4858 αἱ
1713 4795 1962 4861 armamenta-n

268 4906 426 4987 depalatis
449 4903 619 4979 inhibeant,
641 4924 681 4967 rrc
703 4903 928 4966 secundarium
949 4902 986 4965 dc
1008 4901 1177 4965 Blalrrrrmr
1198 4919 1293 4978 super·
1311 4900 1493 4982 provisione
1509 4901 1657 4984 plurium
1675 4906 1834 4982 praeclar.

374 5058 438 5111 aa.
457 5056 506 5110 rv
523 5056 585 5124 aa.
601 5056 654 5111 vor.
675 5057 697 5124 1,
715 5062 785 5111 arr.-
804 5055 864 5109 nra
884 5052 936 5119 rv,
954 5060 1008 5108 rar.
1588 5006 1682 5080 1247,
1704 5003 1786 5067 Μαί·
1810 5009 1839 5068 7.

374 5146 470 5212 neser
489 5149 561 5197 aare.

635 5287 777 5294 *η
784 5285 942 5293 ———-—-
954 5284 1019 5291 0—0..
1028 5285 1125 5291 .·----.-
1155 5286 1159 5291 .
1174 5285 1279 5291 ——--
1329 5282 1815 5293 ——-—...—-————.-.-—

374 5389 400 5450 δ)
417 5389 509 5455 puncti
527 5387 559 5438 B.
671 5385 697 5443 u)
715 5387 847 5455 eutrapicui
866 5387 897 5436 l'.
1022 5384 1046 5449 θ)
1064 5385 1111 5449 B.,·
1127 5396 1153 5438 at
1171 5385 1239 5436 deest
1257 5385 1302 5445 P.,·
1318 5403 1342 5436 r.
1360 5386 1443 5453 r'rrsrm
1565 5383 1590 5449 ἃ)
1608 5403 1646 5436 aa
1667 5402 1720 5439 aon
1737 5386 1804 5439 ohta
1820 5403 1851 5429 ε
1867 5400 1962 5437 m

270 5474 450 5527 creantibus!
556 5476 578 5531 θ)
597 5475 675 5525 libras
692 5474 761 5526 deest
781 5473 813 5524 R.

376 5627 402 5693 1)
422 5625 461 5690 QZ
482 5624 555 5690 infru
571 5624 621 5678 arrh
639 5624 710 5678 uror:
727 5632 769 5681 30.
