4784 6334
864 409 1065 468 EPISTOLAE
1082 414 1276 471 subucula.
1315 417 1388 472 1748.
1889 424 1952 485 407

297 571 407 638 debite
435 578 630 661 provisionis
660 583 767 665 gratia
797 587 976 667 consolari,
1007 589 1215 669 mandamus,
1247 589 1400 675 quatinus
1431 612 1505 655 eum
1537 592 1570 655 in
1599 593 1709 677 aliqua
1740 594 1954 658 ecclesiarum

297 677 533 746 cathedralium
556 683 655 746 totius
678 685 887 765 Lombardie,
917 711 1014 775 quarn
1038 692 1192 757 duxerit·
1214 691 1461 777 acceptandam,
1492 693 1699 775 Placentina,
1725 695 1897 761 Parmensi
1920 702 1954 762 et

297 781 454 848 Ianuensi
478 783 648 850 dumtaxat
672 792 831 876 exceptis,
855 795 1051 860 auctoritate
1075 803 1186 860 nostra
1210 797 1311 881 recipi
1333 797 1436 862 facias
1460 798 1493 860 in
1510 799 1704 863 canonicum
1720 805 1754 863 ct
1769 799 1801 863 in
1819 799 1952 864 fratrem

298 909 336 953 ac
359 889 523 973 provideri
547 891 609 954 sibi
633 891 673 957 de
697 892 874 979 prebenda,
899 897 926 960 si
950 919 1015 983 qua
1037 899 1070 962 in
1094 899 1166 983 ipsa
1186 905 1283 963 vacat
1305 899 1346 962 ad
1370 920 1507 983 presens
1530 901 1584 965 vel
1607 921 1704 986 quam
1727 903 1867 988 primum
1891 908 1952 969 etc.

297 1013 417 1077 usqua:
448 994 601 1072 facultas,
625 1031 666 1041 —
689 1016 754 1060 non
778 997 954 1064 obstanteb
977 1001 1005 1064 si
1027 1001 1060 1064 in
1085 1001 1200 1066 cadem
1224 1001 1364 1066 ecclesia
1388 1003 1431 1066 sit
1454 1009 1611 1067 statutum
1635 1003 1676 1068 de
1695 989 1789 1068 ³certo
1818 1004 1952 1068 canoni-

296 1117 408 1160 comm
431 1117 567 1162 numero
593 1098 776 1163 iuramento
801 1123 860 1166 scu
884 1123 1079 1188 quacunque
1102 1104 1257 1170 firmitate
1285 1105 1350 1169 alia
1380 1104 1550 1186 roborato,
1582 1113 1638 1171 aut
1669 1107 1697 1170 si
1729 1127 1788 1193 pro
1817 1106 1890 1170 aliis
1919 1107 1953 1170 in

296 1199 369 1286 ipsa
393 1202 515 1287 scripta
538 1207 649 1266 nostra
670 1202 863 1286 direximus,
894 1207 1012 1292 quibus
1036 1208 1188 1272 nolumus
1213 1215 1275 1273 etc.
1298 1229 1418 1294 usque:
1451 1211 1620 1294 generari,
1650 1210 1703 1274 vel
1732 1210 1879 1295 qualibet
1901 1210 1950 1273 in-

294 1302 464 1388 dulgentia
499 1303 587 1368 sedis
621 1307 818 1390 apostolice,
854 1329 913 1393 per
947 1331 1044 1394 quam
1081 1312 1184 1397 possit
1218 1310 1404 1376 huiusmodi
1434 1313 1543 1398 gratia
1571 1311 1723 1399 impediri
1756 1320 1789 1377 et
1818 1312 1859 1378 de
1888 1333 1952 1398 qua

296 1406 475 1490 specialem
503 1407 537 1472 iu
567 1407 684 1472 litteris
713 1411 833 1474 nostris
866 1419 1016 1498 oporteat
1045 1414 1117 1479 fieri
1147 1415 1346 1480 mentionem
1369 1439 1426 1491 -;
1457 1415 1712 1480 contradictores
1736 1423 1798 1482 etc.
1821 1451 1863 1462 —
1886 1437 1951 1480 nou

298 1511 449 1578 obstante
474 1515 705 1580 constitutione
729 1513 770 1580 de
793 1515 920 1581 duabus
944 1516 1040 1582 dietis
1063 1525 1126 1584 etc.
1149 1540 1267 1605 usquc:
1291 1520 1450 1605 generali.

405 1631 481 1699 Dat.
504 1634 667 1720 Lugduni,
691 1635 775 1703 Non.
798 1636 895 1717 Iunii,
919 1660 1004 1704 anno
1021 1638 1076 1704 V0.

1085 2077 1171 2150 576.

400 2166 619 2262 Innocentius
642 2199 698 2263 IV
710 2219 801 2280 popm
823 2198 967 2262 Arrroldo
989 2199 1139 2264 canonico
1164 2199 1312 2265 Caricrrsi
1334 2201 1498 2280 coaptarunt
1519 2199 1773 2279 prorrrissioncm,
1803 2223 1898 2282 quoin
1920 2202 1949 2264 ci

294 2300 315 2384 [
323 2299 510 2386 Volcnrdns]
531 2303 692 2386 episcopas
711 2301 874 2368 (istricatis
895 2303 1060 2367 attendens
1078 2304 1173 2385 fidem
1195 2303 1272 2381 cius,
1292 2325 1352 2383 prro
1373 2325 1437 2385 quc
1457 2323 1568 2385 proves
1590 2323 1743 2384 expensas
1764 2307 1793 2368 ct
1814 2304 1949 2368 corccris

294 2406 475 2485 angustiam
497 2405 637 2484 suberit,
659 2407 697 2470 dc
721 2407 865 2488 beneficio
886 2404 1073 2491 conferendo
1094 2407 1210 2487 feccrit.
1624 2411 1717 2485 1248,
1739 2408 1813 2474 Ian.
1831 2409 1861 2473 9.

400 2525 463 2578 Ian.
477 2525 529 2578 IV
544 2526 607 2594 Ilm.
624 2527 718 2596 Votr,
738 2534 803 2595 543;
821 2527 882 2582 Lib.
901 2526 930 2594 V,
949 2532 1010 2581 958.
1046 2527 1195 2596 Εριιιοιαιη
1212 2541 1245 2580 ec
1262 2526 1379 2596 lteqcstis
1395 2525 1530 2594 descripsit
1548 2526 1577 2580 V.
1592 2525 1633 2580 Gt.
1648 2526 1681 2584 0.
1698 2525 1730 2580 dc
1749 2525 1843 2583 nara.

398 2612 496 2680 Beroea
513 2621 590 2668 4006.

759 2706 965 2781 Arnoldo
993 2707 1214 2780 canonico
1242 2705 1479 2780 Curieusi.

401 2839 494 2902 Solet
516 2839 613 2903 sedes
636 2841 816 2926 apostolica
840 2861 984 2906 annuere
1009 2863 1047 2906 eo
1070 2842 1227 2906 libentius
1255 2841 1547 2927 supplicationibus
1575 2839 1782 2922 devotorum,
1814 2863 1877 2927 quo
1909 2866 1944 2909 se

293 2941 374 3027 ipsis
399 2940 537 3006 reddunt
559 2964 618 3028 per
640 2951 735 3028 grata
758 2951 791 3009 et
813 2951 951 3029 accepta
975 2943 1132 3030 obsequia
1148 2945 1301 3010 cariores.
1339 2944 1421 3008 Cum
1437 2945 1546 3028 igitur,
1569 2944 1654 3006 sicut
1669 2945 1764 3008 nobis
1781 2966 1945 3030 exponere

295 3047 462 3126 curavisti,
493 3048 693 3112 venerabilis
721 3049 822 3112 frater
852 3054 964 3112 noster
989 3096 1021 3113 ..
1045 3048 1213 3113 Ouriensis
1237 3050 1413 3133 episcopus
1425 3049 1446 3129 ¹,
1479 3046 1653 3112 attendens
1677 3054 1733 3112 tue
1756 3047 1833 3114 fidei
1856 3051 1945 3135 puri-

291 3154 394 3214 tatem
417 3157 450 3216 ct
470 3152 693 3237 integritatem
716 3152 910 3232 devotionis,
935 3153 1053 3237 quibus
1077 3159 1108 3215 te
1132 3152 1220 3216 circa
1243 3152 1385 3216 ecclesie
1408 3152 1577 3234 negotium
1596 3157 1757 3236 paratum,
1781 3158 1945 3236 promtum

291 3261 325 3318 ct
352 3254 527 3320 sollicitum
558 3255 720 3341 prebuisti
751 3277 814 3320 non
845 3256 914 3320 sinc
944 3255 1098 3339 gravibus
1128 3255 1296 3318 laboribus
1328 3261 1361 3319 ct
1388 3255 1544 3339 expensis
1568 3275 1606 3318 ac
1630 3255 1770 3318 carceris
1794 3257 1945 3340 angustia

291 3357 413 3440 diriori,
438 3359 497 3424 tibi
521 3361 571 3424 sui
595 3361 730 3447 capituli
754 3359 934 3424 accedente
952 3380 1111 3423 consensu
1129 3358 1170 3423 de
1188 3357 1349 3422 beneficio
1367 3357 1408 3422 ad
1424 3357 1634 3421 donationem
1652 3378 1744 3421 suam
1762 3364 1944 3444 spectante,

291 3461 376 3546 quod
400 3463 534 3528 duxeris
558 3462 805 3548 acceptandum,
829 3462 992 3547 quamcito
1016 3462 1207 3526 facultatem
1231 3461 1393 3542 habuerit,
1417 3461 1604 3546 promiserit
1623 3460 1806 3546 providere,
1832 3485 1867 3527 sc
1885 3464 1945 3528 tibi

294 3565 335 3629 ad
358 3565 391 3629 id
415 3587 474 3651 per
497 3567 624 3631 litteras
649 3587 725 3630 suaa
750 3565 927 3650 obligando
950 3566 1053 3651 ipsius
1072 3573 1105 3656 ct
1120 3565 1198 3629 dicti
1215 3565 1351 3650 capituli
1369 3565 1550 3649 sigillorum
1567 3565 1744 3628 munimine
1760 3565 1944 3630 roboratas:

289 3691 364 3750 nos,
392 3670 469 3750 tibi,
492 3678 530 3734 ut
554 3691 593 3735 eo
616 3669 766 3734 devotior
788 3669 875 3733 circa
898 3669 1057 3753 obsequia
1080 3669 1219 3734 ecclesie
1243 3675 1277 3732 at
1300 3668 1476 3754 promptior
1499 3667 1665 3749 habearis,
1695 3688 1759 3753 quo
1783 3667 1825 3731 ab
1848 3690 1888 3733 ea
1911 3676 1944 3734 te

288 3773 393 3857 magis
417 3774 630 3858 perpenderis
654 3773 817 3853 honorari,
841 3773 989 3837 volentes
1012 3774 1124 3838 facere
1147 3772 1286 3858 gratiam
1302 3772 1511 3856 postulatam,
1535 3771 1599 3835 tuis
1616 3771 1771 3855 precibus
1788 3771 1944 3854 inclinati,

288 3877 539 3961 promissionem
561 3875 746 3942 huiusmodi
770 3883 896 3961 gratam
921 3884 955 3942 et
977 3883 1081 3941 ratam
1106 3875 1282 3956 habentes,
1314 3877 1420 3961 ipsam
1444 3876 1638 3939 auctoritate
1661 3876 1843 3962 apostolica
1866 3896 1943 3941 con-

288 3978 453 4044 firmamus
485 3986 518 4045 et
550 3981 713 4066 presentis
748 3979 861 4066 scripti
894 3980 1077 4066 patrocinio
1111 3981 1359 4046 communimus.
1405 3979 1495 4043 Nulli
1526 3999 1604 4063 ergo
1629 3987 1692 4044 etc.
1723 3985 1834 4043 nostre
1867 4001 1943 4044 con-

291 4083 482 4148 firmationis
505 4089 566 4150 eto.

397 4204 474 4272 Dat.
497 4205 661 4292 Lugduni,
682 4205 714 4269 V
736 4205 813 4269 ldus
836 4204 934 4286 Iunii,
958 4226 1041 4269 anno
1058 4205 1104 4268 V⁰
1116 4206 1138 4271 ².

1073 4607 1159 4680 577.

391 4705 609 4798 Ῑιιιιοωιιιιιιε
623 4735 647 4797 I
652 4731 681 4794 V
685 4754 776 4812 papia
797 4733 954 4817 [Adicio]
975 4731 1114 4812 episcopo
1129 4730 1274 4795 Fanensi
1290 4727 1431 4806 maridat,
1454 4731 1488 4790 ut
1504 4727 1636 4791 Nicolao
1651 4726 1740 4791 Peste
1755 4729 1943 4810 quingentas

288 4834 388 4899 libras
419 4838 557 4898 monetae
584 4837 805 4900 Anconitoaoc
834 4839 864 4899 ct
890 4833 1102 4911 matanatis,
1132 4853 1194 4917 pro
1223 4832 1337 4914 quibus
1365 4831 1409 4896 cd
1436 4851 1514 4914 opus
1540 4828 1655 4910 lintris
1685 4831 1751 4909 aui,
1785 4833 1942 4912 quotidem

392 5064 416 5128 ⁸)
433 5064 526 5116 duxert
539 5062 571 5114 1³.
675 5061 700 5127 o)
718 5081 754 5114 aa
771 5079 824 5114 uon
842 5063 907 5114 obst.
927 5081 959 5105 =
977 5079 1029 5114 nou
1047 5060 1217 5114 obtantibus?

290 5180 392 5250 Rasna
414 5181 600 5248 mandamur,
624 5186 655 5234 ut
678 5180 913 5235 mmmmuaioctos
933 5179 1123 5233 ἀιιιιιιιιιανειιι
1141 5178 1177 5232 R.
1195 5177 1329 5246 quondam
1348 5177 1466 5246 priorem
1484 5175 1636 5230 columnari
1657 5181 1681 5230 ct
1705 5177 1787 5231 batua
1801 5177 1941 5245 primatia

287 5267 435 5336 meandros,
453 5285 555 5322 necnon
575 5269 608 5324 G.
625 5267 712 5335 filium
729 5267 883 5321 Bormcursi
900 5265 932 5320 de
951 5265 1057 5320 Paludc
1079 5266 1141 5335 {qut
1162 5266 1233 5319 sacri
1254 5264 1358 5333 imperii
1380 5283 1399 5317 a
1418 5265 1510 5332 Papio
1533 5263 1657 5332 ruperim
1678 5269 1735 5317 crat
1757 5263 1889 5334 abactas]
1907 5265 1941 5318 ab

288 5353 326 5408 eis
342 5355 373 5408 in
389 5355 504 5408 αιιιιισιιι
519 5355 641 5409 Marciae
657 5356 774 5421 electam,
793 5355 841 5422 qui
858 5354 1014 5407 cuderim
1026 5353 1141 5407 Hearici
1157 5353 1209 5420 filii
1221 5351 1357 5406 Fla'dcrici
1374 5352 1509 5420 qumodom
1526 5351 1692 5420 temeratoris
1709 5352 1741 5404 ia
1752 5353 1941 5418 pussessionem

287 5439 370 5494 auius
387 5441 539 5494 mmmstcmi
554 5457 582 5494 sc
598 5441 763 5508 intractata,-
780 5439 909 5507 Pcttlmst,
931 5439 996 5507 Req.
1009 5445 1102 5503 rutila·
1119 5455 1188 5507 qamt
1204 5454 1242 5506 cp.
1260 5438 1292 5490 in
1311 5437 1375 5506 Rea.
1393 5453 1450 5490 noa
1467 5441 1545 5492 atat.

394 5529 419 5592 l)
439 5525 478 5592 Os.
497 5543 581 5594 supro
602 5527 650 5580 aab
667 5529 735 5596 Apr.
749 5533 790 5594 18,
815 5541 841 5580 n.
862 5532 919 5580 543.
956 5525 1106 5594 prmptu
1128 5541 1189 5594 erpo
1213 5524 1321 5577 interim
1339 5539 1429 5592 papae
1453 5540 1479 5578 ac
1500 5523 1613 5578 cubitat.
1709 5524 1737 5590 2)
1757 5523 1814 5577 Sub
1833 5523 1898 5580 Ian.
1912 5533 1941 5580 11

211 5629 237 5674 ιι
285 5629 363 5682 papo
380 5629 441 5666 mm
457 5613 542 5666 codem
562 5612 598 5666 ad
612 5630 703 5682 preces
721 5613 921 5688 Hlartmams']
939 5613 1056 5668 iunioras
1072 5613 1172 5671 comitis
1190 5612 1221 5668 dc
1238 5611 1345 5670 Kiburc
1362 5627 1440 5684 mper
1455 5610 1613 5684 ριιιιαιιιιιιι
1633 5609 1813 5680 madidatum
1836 5610 1941 5682 dispor-

289 5699 372 5768 μαι·
389 5699 488 5767 Bcrper
505 5707 579 5762 4007.
