4328 6232
771 344 820 406 EX
839 343 1055 406 mucosum
1074 347 1110 404 iv
1132 340 1311 406 absumo

709 586 748 606 ..
778 531 1005 623 episcopo
1032 530 1382 624 Herbipolensi.

322 680 566 746 Attendeutes⁸
587 680 664 745 olim
688 680 775 766 quod
790 680 989 745 venerabilis
1005 680 1108 745 frater
1123 687 1235 746 noster
1251 730 1258 744 .
1274 729 1282 744 .
1298 680 1565 768 archiepiscopus
1581 677 1797 767 Magnntinns
1812 704 1873 770 pro

215 785 350 869 negotio
381 786 539 865 ecclesie,
569 784 655 869 quod
685 785 761 850 totis
788 785 999 871 prosequitur
1025 785 1168 865 viribus,
1200 806 1263 849 non
1290 805 1399 849 rerum
1425 784 1605 849 formidans
1634 784 1784 870 pericula
1811 807 1872 850 neo

214 908 367 974 persone,
390 888 494 952 multa
510 888 656 953 subierat
673 895 707 952 et
723 909 798 952 eum
815 888 926 953 subire
945 889 1119 973 oportebat
1135 909 1237 953 onera
1253 909 1483 974 expensarum,
1506 889 1567 953 tibi
1581 888 1703 953 nostris
1719 887 1871 953 dedimus

213 991 331 1055 litteris
363 990 395 1055 in
426 991 605 1071 mandatis,
640 998 677 1056 ut
707 991 769 1076 ipsi
799 992 944 1076 quintam
975 993 1120 1056 omnium
1152 999 1281 1056 tuorum
1310 990 1495 1056 reddituum
1525 1011 1658 1055 curares
1686 990 1873 1056 liberaliter
1938 1012 1950 1048 ι

214 1094 375 1159 exhibere
388 1097 409 1158 ¹.
444 1094 569 1158 Verum
592 1116 677 1174 oum,
700 1095 785 1159 sicut
807 1116 850 1159 ex
872 1101 966 1182 parte
990 1096 1092 1181 ipsius
1108 1095 1170 1171 fuit
1184 1095 1386 1181 propositum
1403 1114 1512 1158 coram
1528 1092 1632 1169 uobis,
1654 1094 1688 1158 in
1704 1094 1872 1158 solutione

214 1198 316 1283 ipsius
339 1199 453 1282 quinte
476 1204 510 1262 te
534 1199 629 1263 nimis
653 1199 825 1263 remissurn
848 1204 882 1262 et
904 1197 1072 1263 difficilem
1088 1199 1222 1279 habeas,
1246 1219 1317 1279 nos,
1339 1199 1491 1263 nolentes
1506 1203 1542 1261 ut
1557 1196 1741 1261 huiusmodi
1756 1198 1871 1283 quinte

215 1301 335 1365 solutio
364 1301 529 1386 aliquibus
560 1302 886 1385 tergiversationibus
914 1301 1109 1382 retardetur,
1137 1302 1376 1367 fraternitatem
1399 1309 1489 1366 tuam
1512 1299 1690 1386 rogandam
1714 1300 1871 1365 duximus

214 1404 333 1467 iterato
362 1405 519 1468 attentius
548 1411 582 1467 et
603 1404 816 1484 monendam,
844 1426 905 1491 per
925 1405 1108 1490 apostolica
1129 1404 1210 1469 tibib
1234 1406 1358 1490 scripta
1379 1405 1515 1470 firmiter
1536 1403 1752 1490 precipiendo
1776 1426 1870 1469 man·

213 1504 345 1586 dantes,
381 1509 550 1591 quatinus,
583 1506 756 1572 attendens
792 1507 971 1593 prudenter
1000 1507 1088 1594 quod
1116 1509 1149 1572 iu
1182 1509 1399 1573 subventione
1426 1506 1612 1571 huiusmodi
1644 1506 1779 1593 proficis
1809 1508 1870 1572 tibi
1927 1530 1953 1568 ra

215 1609 295 1693 ipsi,
326 1611 470 1694 quintam
500 1613 605 1697 ipsam
636 1611 745 1676 eidem
773 1611 1023 1697 archiepiscopo
1052 1613 1122 1677 sine
1152 1610 1346 1676 difficultate
1373 1610 1521 1696 qualibet
1548 1611 1718 1695 persolvas
1742 1611 1872 1696 integre

214 1710 400 1776 liberaliter
421 1720 455 1778 et
477 1714 629 1793 libenter,
653 1735 714 1779 uec
737 1715 857 1779 litteris
873 1716 925 1779 vel
949 1715 1071 1779 nuntiis
1094 1714 1262 1801 principis,
1286 1716 1340 1800 qui
1361 1715 1556 1801 promittuut
1577 1713 1619 1778 ab
1635 1713 1765 1778 offensa
1781 1712 1872 1778 sedis

213 1816 396 1898 apostolice
421 1819 554 1882 omnino
576 1818 716 1883 reddere
739 1826 772 1883 te
795 1820 972 1903 impunem,
996 1819 1078 1884 velis
1100 1819 1197 1884 fidem
1221 1820 1386 1883 ullatenus
1409 1817 1580 1896 adhibere,
1602 1818 1680 1902 quin
1703 1818 1815 1903 potius
1839 1818 1871 1882 in

212 1915 390 2002 obsequio⁰
415 1922 557 1986 ecclesie
588 1930 686 2008 prout
709 1922 831 1988 teneris
853 1922 1048 1987 inconcussa
1071 1923 1255 1987 constantia
1283 1923 1456 2007 persistas,
1489 1920 1596 1986 eidem
1618 1921 1871 2008 archiepiscopo

212 2020 352 2086 viriliter
373 2024 570 2091 assistendo.
608 2026 766 2112 Alioquin
790 2026 973 2090 sententias
995 2025 1037 2089 ab
1061 2025 1175 2090 eodem
1200 2025 1449 2111 archiepiscopo
1474 2026 1506 2089 in
1529 2024 1673 2090 rebelles
1696 2025 1760 2089 rite
1783 2026 1870 2090 latas
1928 2047 1953 2084 a

212 2125 264 2188 vel
288 2127 388 2190 etiam
412 2128 625 2213 proferendas
648 2137 735 2194 ratas
758 2128 953 2194 habebimus
977 2135 1010 2193 et
1030 2129 1189 2193 iaciemus
1204 2150 1308 2214 usque
1323 2127 1366 2192 ad
1380 2128 1637 2193 satisfactionem
1653 2127 1872 2214 condignam‘¹

212 2229 435 2313 appellatione
459 2239 587 2297 remota
610 2233 844 2297 inviolabiliter
866 2231 1044 2297 observari.

319 2349 397 2416 Dat.
420 2351 584 2437 Lugduni,
600 2353 631 2415 V
655 2353 734 2417 Idus
757 2352 847 2434 Maii,
869 2374 956 2418 anno
979 2355 1136 2420 secundo.

319 2470 358 2534 In
382 2471 522 2536 eundem
545 2471 677 2536 modum
701 2474 790 2538 clero
814 2473 955 2538 civitatis
979 2479 1014 2538 et
1036 2473 1179 2538 diocesis
1203 2473 1466 2562 Herbipolensis.

319 2573 358 2637 In
393 2574 533 2639 eundem
569 2575 703 2640 modum
736 2626 775 2642 ..
808 2578 965 2663 episcopo
999 2583 1033 2641 et
1067 2578 1154 2641 clero
1188 2579 1331 2643 civitatis
1364 2587 1399 2643 et
1432 2578 1575 2643 diocesis
1609 2576 1870 2659 Elibstedensis⁶,
1926 2602 1953 2642 aa

210 2676 415 2743 Verdensis‘.

324 2781 363 2845 In
387 2782 529 2847 eundem
553 2781 685 2846 modum
708 2784 797 2848 clero
813 2784 956 2849 civitatis
973 2790 1006 2849 et
1021 2784 1162 2849 diocesis
1177 2784 1499 2870 Babenbergensisfl,
1522 2784 1758 2871 Augustensis,
1782 2785 1871 2852 Con-

211 2886 415 2966 stantieusis,
437 2886 618 2964 Ouriensis,
634 2885 903 2969 warmaciensis,
926 2888 1199 2959 Hildesemensis,
1224 2887 1525 2969 Halverstadensis‚
1547 2888 1828 2954 Padeburnensis.

320 2988 359 3053 In
383 2989 524 3054 eundem
547 2988 679 3053 modum
704 3040 739 3055 ..
763 2992 918 3077 episeopo
941 2990 1185 3055 Constantiensi
1209 2991 1360 3076 spiritum
1383 2992 1509 3056 consilii
1533 2993 1683 3059 sanioris.

318 3093 356 3157 In
381 3093 521 3158 eundem
548 3093 678 3158 modum
697 3096 900 3180 ..episcopo
916 3093 1078 3169 Curiensi,
1094 3095 1307 3180 Augustensi,
1331 3093 1554 3163 lldesemensi,
1578 3094 1869 3168 Halverstadensi,
1925 3120 1952 3157 ss

209 3194 467 3267 Padebumensi,
484 3195 759 3262 Warmaciensih.

835 3390 1245 3397 *-

999 3671 1082 3745 120.

315 3782 535 3873 [namatius
550 3808 607 3874 JV
614 3832 703 3894 papa
717 3808 927 3896 [Rayrrrrmdo
945 3809 1031 3894 ΠΙ]
1045 3811 1150 3874 consiti
1167 3809 1321 3874 Tolosam
1338 3815 1468 3894 proptor
1489 3812 1655 3893 spatiabere
1675 3811 1868 3879 &omanem

206 3929 298 3973 strom
320 3912 468 3995 indulget,
491 3918 527 3977 at
548 3917 734 3979 asertor-itale
756 3915 839 3978 sedis
860 3915 1025 3998 apastolice
1046 3916 1094 3979 ael
1116 3916 1286 3997 kpatomm
1308 3917 1377 3978 cias
1397 3917 1434 3978 ia
1453 3936 1523 3978 mam
1536 3918 1870 3982 ercamraonteaaona

206 4013 255 4074 ccl
278 4015 436 4079 interdicti
457 4019 629 4081 amtmrtioc
650 4019 766 4098 absque
787 4018 917 4100 spumata·
939 4018 1022 4081 sod-is
1042 4019 1178 4082 riualem
1200 4019 1350 4082 miradolo
1367 4019 1567 4100 prormslpari
1588 4040 1652 4083 aaa
1674 4021 1813 4084 amarat

1509 4124 1603 4200 1245,
1628 4123 1777 4189 llat12.
1920 4149 1947 4186 so

313 4236 375 4290 aa.
389 4238 438 4291 rr
456 4239 520 4308 aa.
540 4240 632 4306 rar,
653 4247 711 4299 aa·
729 4238 790 4292 aaa.
805 4239 846 4305 ιι,
867 4245 925 4292 sas.
957 4239 1107 4306 amoma
1125 4255 1158 4291 a
1176 4239 1292 4307 maere
1309 4239 1444 4308 eaesae
1463 4240 1491 4294 ι’.
1505 4241 1545 4293 (ι.
1557 4243 1590 4294 a
1605 4241 1686 4294 naa.

314 4325 412 4394 Beros
425 4333 496 4381 raas.

751 4509 790 4527 ..
818 4452 983 4526 comiti
1009 4445 1315 4525 Tholosano'.

312 4603 505 4688 Apostolice
528 4602 617 4668 sedis
641 4603 829 4687 benignitas
857 4603 984 4667 sineere
1013 4602 1261 4687 obsequentium
1289 4609 1366 4667 vota
1393 4603 1539 4669 fidelium
1562 4611 1626 4669 eto.
1648 4612 1713 4670 etc.
1741 4628 1865 4694 nsque:

204 4703 375 4769 decentius
412 4705 581 4771 decorare.
634 4706 680 4770 Ut
712 4707 811 4790 igitur
845 4727 887 4769 ex
920 4706 1055 4791 speciali
1089 4704 1279 4779 devotione,
1319 4726 1415 4790 quam
1449 4705 1491 4770 ad
1522 4729 1581 4771 nos
1615 4715 1648 4772 et
1679 4709 1864 4776 Romanam
1915 4733 1939 4773 ιι

204 4808 378 4872 ecelesiam
407 4809 531 4873 babere
561 4809 759 4888 dinosceris,
787 4809 932 4873 favorem
962 4810 1173 4895 apostolicam
1202 4809 1262 4873 tibi
1286 4811 1411 4875 sentias
1434 4813 1636 4887 accrevisse,
1666 4817 1866 4880 auctoritate

204 4912 263 4974 tibi
308 4912 510 4997 presentium
549 4911 773 4997 indulgemus,
813 4921 848 4976 ut
881 4912 990 4976 nullus
1024 4911 1197 4998 delegatus
1231 4913 1282 4976 vel
1319 4912 1570 4999 subdelegatus,
1611 4923 1773 4980 executor
1806 4924 1866 4982 aut

307 5172 333 5235 ⁸)
344 5174 485 5224 ¹litendeus
493 5172 523 5222 P.
530 5171 561 5222 B.
632 5169 656 5235 b)
669 5189 685 5221 ι·
696 5191 729 5214 =
739 5173 812 5223 robis
821 5171 861 5227 a..
877 5171 946 5236 qaod
957 5171 1057 5220 mlum
1070 5171 1097 5220 ia
1110 5171 1178 5221 banc
1189 5171 1320 5235 epistota-s
1333 5191 1364 5223 er
1378 5174 1521 5239 empna·
1531 5175 1569 5225 ad
1575 5176 1668 5240 pbri-rs
1678 5175 1776 5227 &aaa
1785 5178 1863 5244 prs-im

200 5267 308 5308 warato
324 5262 456 5311 emanasse
468 5261 580 5315 rideam:
596 5261 630 5325 cs.
643 5277 668 5308 ιι.
681 5263 719 5309 H.
799 5259 823 5322 ο)
841 5259 994 5323 obsequium
1010 5257 1038 5307 R.
1114 5253 1139 5295 m
1152 5273 1292 5323 congrium
1303 5258 1334 5308 B.
1410 5260 1433 5321 ο)
1447 5261 1621 5312 Εἱιικιοᾶοιιιίι
1631 5261 1664 5313 Β.
1741 5259 1762 5329 ¹)
1778 5263 1863 5315 Verba

203 5347 232 5394 lu
247 5373 278 5380 —
294 5347 403 5397 diatessis
420 5347 447 5395 ia
461 5345 491 5397 a.
511 5345 617 5411 repetita
636 5351 708 5401 ιιιιιις
724 5343 840 5393 similiter
857 5352 881 5391 et
898 5344 980 5408 iissre.
1068 5343 1094 5398 Β)
1112 5343 1334 5409 ltaberrbergensia
1345 5343 1378 5393 B.
1466 5342 1493 5408 ¹¹)
1511 5345 1595 5397 l'erda
1612 5349 1643 5399 Ιιι
1660 5363 1684 5400 a.
1696 5365 1732 5400 ιιι.
1744 5386 1752 5399 .
1764 5387 1772 5400 .
1783 5365 1827 5417 ep.
1838 5358 1863 5400 et
1911 5360 1938 5403 a

200 5449 239 5498 sp.
256 5449 279 5483 c.
297 5450 319 5484 s.
338 5434 364 5481 iu
379 5432 409 5481 a.
428 5449 527 5498 semper
544 5431 660 5497 repetita

307 5566 495 5631 imitabo.
583 5563 1620 5634 2)(lts.⁴o,saaos;mmsaataim‹tspnmnhna
1828 5582 1865 5616 n

199 5657 332 5719 manao
349 5650 397 5720 [cs.
420 5670 445 5704 ιι.
460 5657 546 5706 noct
566 5652 624 5720 rto]
641 5649 732 5718 qaod
747 5650 846 5704 ,ιοὶιιιιιε
862 5666 917 5704 tros
936 5649 1065 5715 iustruit.
