4328 6232
822 348 869 403 aa
888 311 1105 404 innocencii
1123 345 1162 400 1v
1181 343 1362 400 ascranae

994 527 1190 601 Eisdem.

378 676 481 743 Sedes
511 679 694 763 apostolica
722 676 924 741 subditorum
953 678 1076 742 meritis
1101 697 1185 761 equa
1208 674 1429 739 extimationis
1453 675 1548 740 lance
1572 681 1764 761 compensat
1786 674 1925 761 premia,

268 778 346 844 dum
369 779 503 844 devotos
533 781 685 865 congruis
708 779 898 845 muneribus
922 781 1018 865 erigit
1041 786 1074 843 et
1097 778 1268 843 indevotos
1291 776 1403 842 debita
1424 798 1510 863 pena
1532 778 1661 863 premit.
1703 777 1758 844 Sic
1780 778 1869 844 enim
1891 778 1925 842 in

267 881 528 946 remuneratione
563 881 738 967 proborum
768 882 849 947 alios
888 883 930 946 ad
967 881 1083 946 merita
1110 881 1267 943 virtutum
1297 880 1415 944 invitat
1445 887 1478 944 et
1509 881 1541 945 in
1577 902 1751 967 pravorum
1781 880 1927 947 vindicta

267 984 475 1071 delinquendi
512 986 630 1049 ceteris
663 985 750 1049 viam
785 990 882 1049 vetat.
928 985 1130 1071 Eapropter,
1165 982 1275 1048 dilecti
1304 984 1337 1047 in
1367 983 1509 1048 Domino
1538 985 1612 1066 tilii,
1647 992 1743 1071 prout
1771 985 1926 1051 convenit
1984 1014 1986 1044 ;

268 1087 491 1168 attendentes,
528 1087 611 1174 quod
641 1109 721 1173 erga
750 1087 862 1152 sedem
893 1087 1032 1152 eandem
1063 1086 1251 1152 studueritis
1280 1086 1372 1151 illum
1403 1108 1521 1172 gerere
1553 1088 1736 1154 devotionis
1769 1088 1927 1154 affectum

268 1212 405 1277 eamque
437 1191 542 1257 cordis
571 1213 702 1258 servare
727 1192 960 1272 constantiam,
993 1198 1029 1256 ut
1056 1189 1244 1256 nullatenus
1273 1212 1293 1255 a
1321 1189 1481 1255 fidelitate
1509 1191 1680 1276 potueritis
1709 1192 1781 1256 eius
1809 1193 1926 1273 avara,

267 1296 345 1361 lieet
367 1295 408 1359 ab
431 1296 569 1361 inimicis
594 1296 697 1382 ipsius
720 1294 861 1381 dampna
877 1297 990 1381 gravia
1012 1296 1204 1381 frequenter
1226 1296 1447 1360 sustinueritis
1472 1302 1505 1360 et
1528 1317 1710 1383 pressuras,
1733 1317 1773 1362 ae
1789 1296 1927 1382 dignum

267 1404 458 1485 reputantes
491 1404 526 1463 ut
564 1420 622 1463 vos
652 1399 739 1464 inter
768 1405 896 1464 ceteros
929 1399 1077 1464 eiusdem
1111 1398 1200 1464 sedis
1227 1397 1342 1463 fideles
1378 1399 1489 1463 fanore
1524 1419 1562 1463 ac
1594 1400 1702 1484 gratia
1737 1401 1928 1486 specialiter

270 1503 462 1582 efferamus,
493 1522 605 1565 omnes
631 1500 776 1566 redditus
800 1508 833 1567 et
856 1507 1035 1588 proventus
1059 1522 1096 1565 ac
1121 1501 1187 1565 alia
1219 1501 1290 1565 iura
1317 1501 1516 1587 ubicumque
1550 1502 1583 1565 in
1612 1501 1772 1567 Asisinati
1800 1502 1927 1569 diocesi

273 1598 314 1671 ad
336 1605 519 1671 Romanam
542 1606 716 1670 ecclesiam
744 1606 957 1693 pertinentia,
989 1612 1159 1691 postquam
1189 1604 1229 1669 ad
1259 1604 1398 1669 eandem
1428 1604 1587 1670 redierint
1614 1607 1804 1684 ecelesiam,
1831 1607 1928 1671 vobis

268 1709 329 1773 sub
363 1729 470 1773 annuo
503 1730 604 1773 censu
632 1709 730 1772 trium
763 1708 930 1779 obolorum
960 1729 1131 1773 aureorum
1165 1730 1292 1773 camere
1325 1717 1437 1775 nostre
1467 1711 1499 1773 in
1529 1710 1654 1776 octavis
1677 1711 1766 1775 beati
1791 1711 1928 1776 Martini

270 1811 426 1877 solvendo
449 1832 553 1897 usque
577 1812 618 1877 ad
641 1813 755 1897 viginti
778 1833 880 1876 annos
902 1811 1056 1876 duximus
1080 1810 1301 1877 concedenda.

378 1935 454 2000 Dat.
478 1933 639 2020 Anagnis,
664 1933 697 1997 ΙΙ
719 1933 831 1999 Nonas
855 1933 1019 2013 Octobris,
1043 1933 1254 2018 pontificatus
1277 1935 1378 1997 nostri
1402 1955 1487 1997 anno
1512 1934 1625 2019 primo.

1068 2441 1128 2513 30.

377 2551 594 2643 [innocentius
615 2578 672 2643 IV
695 2599 787 2659 papa
816 2578 1014 2663 R[ayacr·io]
1037 2580 1173 2644 Sanctae
1195 2579 1325 2642 Mariae
1354 2580 1388 2642 in
1419 2580 1578 2645 Coarradr'a
1607 2579 1738 2643 diemaro
1767 2579 1930 2644 cardinali

272 2684 437 2766 slya-ilicet,
460 2702 502 2760 sc,
525 2682 595 2746 licet
616 2683 660 2746 ad
679 2701 856 2763 processum
877 2684 992 2765 raccolti
1015 2683 1255 2748 Viterbienstam
1273 2683 1378 2767 faerit
1399 2703 1519 2762 mercer
1535 2684 1661 2762 inritas,
1683 2683 1804 2747 aeduis
1825 2687 1930 2746 tonica

272 2787 397 2850 iraatits
418 2785 486 2849 elas
507 2787 537 2849 ct
557 2783 796 2849 Vitcrbieasimn
818 2790 846 2848 ct
864 2788 1009 2866 pensatis
1019 2789 1174 2867 periculis
1194 2787 1435 2851 Viterbieaslam
1450 2789 1640 2865 elatiorem,
1662 2789 1766 2852 maias
1775 2788 1932 2867 meantem

273 2888 446 2953 subsidium
469 2888 498 2952 ei
519 2887 686 2966 destinare,
710 2908 805 2969 quara
826 2888 1037 2954 desideratum
1059 2891 1167 2971 faerit.
1612 2893 1706 2968 1243,
1732 2888 1795 2955 Oct.
1812 2896 1842 2955 7.

378 3008 442 3061 laer.
456 3007 505 3060 IV
520 3008 582 3076 Ray.
601 3006 692 3075 Voll,
711 3015 756 3074 aa·
774 3007 873 3075 Litai,
890 3016 941 3063 167.
976 3009 1092 3064 Ertirrras
1108 3011 1243 3079 qristrlemr
1260 3026 1292 3064 aa
1312 3009 1402 3081 Rrryn.
1422 3009 1496 3063 Aac.
1513 3009 1574 3064 cccl.
1591 3015 1701 3077 (1.1·213,
1719 3012 1861 3076 §ae-27,
1879 3010 1930 3065 wl-

272 3097 355 3149 tatam
371 3111 432 3148 cam
453 3093 574 3162 Tbciaer,
594 3094 609 3147 t.
621 3109 642 3148 c.
661 3099 679 3148 t.
694 3095 715 3162 I,
730 3112 760 3162 p.
777 3102 827 3162 117,
846 3111 873 3147 rr.
887 3102 945 3150 206.

379 3180 507 3248 laetae,
526 3179 590 3249 Rea.
604 3186 697 3246 inea·
715 3181 813 3250 Rapa
826 3188 881 3236 rer.

451 3376 497 3450 R.
527 3376 697 3451 Sancte
730 3376 874 3450 Marie
908 3378 953 3449 in
988 3376 1242 3451 Cosmedin
1279 3379 1472 3452 diacono
1507 3379 1752 3453 cardinali.

384 3525 457 3590 Tua
485 3526 654 3590 sinceritas
684 3525 769 3590 bene
797 3525 902 3604 novit,
938 3525 1023 3611 quod
1054 3547 1127 3590 cum
1159 3526 1236 3589 olim
1264 3547 1373 3590 coram
1402 3526 1496 3590 nobis
1520 3533 1554 3591 te
1586 3533 1740 3613 presente
1770 3528 1812 3593 dc
1842 3516 1957 3593 tacto'

274 3629 555 3695 Viterbiensium¹
585 3632 781 3693 tractaretur
815 3627 1002 3715 dictumque
1039 3630 1170 3711 luisset,
1211 3629 1310 3715 quod,
1349 3629 1443 3693 nobis
1480 3628 1738 3715 proponentibus
1765 3651 1930 3695 armorum

275 3734 445 3819 strepitum
468 3731 652 3811 declinare,
684 3732 872 3797 huiusmodi
896 3735 1063 3819 negotium
1087 3734 1221 3820 aggredi
1247 3754 1309 3797 non
1334 3732 1521 3818 prodesset,
1551 3753 1608 3817 pro
1637 3753 1676 3797 eo
1705 3732 1790 3818 quod
1814 3733 1930 3800 haberi
1981 3758 1986 3796 ε

276 3858 335 3901 seu
359 3836 470 3900 habite
493 3834 625 3899 retineri
648 3842 736 3899 terra
760 3855 822 3898 non
846 3843 976 3921 poterat
1000 3837 1069 3902 sine
1093 3858 1222 3922 guerre,
1247 3857 1306 3900 nos
1332 3837 1364 3900 in
1388 3837 1491 3922 ipsius
1515 3842 1673 3900 tractatus
1694 3836 1855 3923 principio
1871 3836 1934 3901 tibi

275 3946 308 4005 et
330 3938 451 4003 nuntiis
474 3939 538 4002 tuis
564 3939 786 4025 expressimus
809 3939 883 4002 viva
906 3960 1004 4009 voce,
1032 3960 1093 4024 per
1124 3937 1283 4024 quosdam
1306 3939 1423 4004 fratres
1447 3947 1575 4003 nostros
1604 3939 1834 4004 nichilominus
1857 3940 1933 4005 inti·

276 4050 413 4121 mantes,
437 4040 522 4127 quod
547 4043 579 4105 in
603 4041 718 4107 eodem
741 4043 875 4128 negotio
898 4044 1004 4108 nullas
1028 4045 1138 4108 tacere
1163 4043 1355 4109 volebamus
1380 4064 1560 4129 expensam
1583 4064 1684 4127 quare
1708 4064 1750 4107 ne
1772 4042 1933 4129 procede·

277 4155 366 4212 retur
396 4147 430 4210 in
465 4146 551 4231 ipso,
590 4152 733 4210 nostram
768 4156 882 4232 aperte
917 4148 1052 4234 potuisti
1087 4168 1287 4232 cognoscere
1322 4148 1535 4211 voluntatem.
1580 4145 1752 4226 Oetemm,
1786 4146 1865 4211 licet
1892 4147 1934 4211 ad

275 4271 462 4336 processum
494 4249 617 4334 negotii
645 4251 817 4314 memorati
841 4250 997 4314 fuerimus
1022 4271 1152 4335 semper
1179 4250 1290 4328 inviti,
1320 4250 1440 4314 auditis
1468 4257 1578 4314 tamen
1611 4256 1645 4314 et
1667 4248 1844 4313 intellectis
1867 4269 1931 4333 que
1983 4275 1986 4313 :

277 4353 380 4419 nunt-ii
411 4353 457 4417 tui
482 4360 516 4417 et
539 4353 815 4418 ambassiatores·
838 4353 1064 4418 Vitorbienscs
1087 4375 1193 4440 nuper
1215 4375 1326 4417 comm
1350 4352 1443 4417 nobis
1478 4359 1518 4417 et'
1533 4352 1688 4417 fratribus
1711 4351 1833 4416 nostris
1857 4372 1932 4436 pro-

276 4478 399 4545 ponere
423 4463 632 4536 curaverunt,
657 4479 736 4541 erga
759 4457 915 4523 honorem
939 4478 1080 4543 persone
1105 4463 1177 4526 tue,
1207 4478 1303 4541 quam
1328 4456 1537 4543 prerogativa
1560 4454 1744 4520 dilectionis
1767 4462 1801 4521 et
1824 4453 1933 4539 gratie

277 4560 523 4646 complectimur
544 4561 681 4646 speciali
706 4568 738 4625 ct
762 4560 900 4625 sinceris
923 4560 1122 4625 intendimus
1146 4560 1320 4625 affectibus
1337 4560 1524 4637 contovere,
1549 4566 1721 4646 paternum
1746 4564 1933 4644 respectum

277 4666 450 4742 habentes,
485 4686 522 4728 ac
545 4665 803 4729 Vitcrbiensium
839 4665 985 4750 pericula
1018 4670 1051 4728 ct
1088 4665 1186 4729 etiam
1223 4665 1376 4729 aliorum.
1408 4663 1462 4749 qui
1492 4660 1533 4726 ad
1566 4661 1754 4726 mandatum
1789 4659 1933 4726 ecclesie

279 4769 456 4843 redierunt,
480 4765 597 4851 quibus
621 4766 648 4829 si
672 4766 705 4830 in
729 4789 843 4831 manus
867 4765 1049 4831 inciderent
1070 4768 1204 4845 inimici,
1228 4766 1403 4831 discrimen
1428 4766 1546 4851 capitis
1563 4765 1758 4842 immineret,
1781 4763 1836 4850 pia
1852 4782 1932 4827 con·
1984 4796 1986 4828 :

276 4870 472 4936 siderationc
506 4875 703 4954 pensantes,
733 4890 928 4955 quamquam
960 4870 1062 4933 nuntii
1087 4877 1120 4935 et
1149 4870 1401 4934 ambassiatores
1432 4869 1530 4934 iidem
1558 4891 1617 4955 pro
1641 4875 1716 4933 octo
1739 4864 1813 4930 velb
1837 4865 1932 4950 quin·

277 4975 384 5040 decim
407 4971 522 5037 diebus
546 4979 670 5036 tantum
693 4973 944 5057 quingentorum
968 4973 1108 5037 militum
1130 4981 1164 5037 et
1194 4974 1282 5037 mitlc
1306 4972 1451 5059 peditum
1477 4971 1659 5037 subsidium
1684 4968 1934 5057 postulaverint,

279 5076 444 5145 desideria
474 5083 581 5139 tamen
617 5076 799 5161 supplicum
828 5074 1036 5145 excedendo,
1072 5099 1113 5140 ex
1141 5077 1319 5162 apostolico
1351 5075 1551 5139 abundantia
1581 5074 1712 5160 pietatis
1746 5072 1809 5135 duo
1844 5070 1936 5135 milia

279 5184 473 5269 quingentas
499 5179 614 5243 uncias
638 5179 708 5242 auri
731 5178 771 5242 ad
796 5178 920 5264 pondus
944 5179 1145 5259 Romanum,
1179 5181 1423 5245 connumeratis
1447 5179 1635 5266 quingentis
1658 5177 1775 5242 marcis
1803 5176 1935 5240 sterlin-

279 5307 408 5371 gomm,
445 5305 527 5369 quas
557 5303 616 5369 per
642 5281 766 5367 Areng.
794 5291 1005 5348 mercatorem
1034 5282 1257 5348 Florentinum
1287 5305 1390 5369 nuper
1418 5282 1477 5347 tibi
1507 5279 1733 5346 mandavimus
1765 5277 1936 5364 assignari,

1480 5442 1631 5451 -..η-...-

383 5545 408 5608 ⁸)
426 5544 467 5603 Τ.,·
483 5544 669 5597 amb-amora
682 5543 780 5612 Beryae
798 5544 835 5595 ita
852 5552 876 5595 et
892 5543 974 5610 iufra
1045 5541 1070 5601 ¹³)
1094 5542 1135 5599 Τ.,·
1152 5552 1178 5596 at
1191 5542 1275 5611 ΒΨ,

386 5664 411 5729 ι)
431 5660 469 5727 Ψ·
483 5659 717 5732 Bonae-itaer,
735 5664 751 5718 l.
764 5680 785 5718 e.
797 5663 887 5720 3383b
905 5666 929 5715 rt
946 5678 1017 5730 aqu.
