4784 6332
867 393 1068 451 arlsronne
1085 393 1274 453 aserenan.
1311 399 1386 454 nto.
1892 407 1953 470 195

299 570 557 634 conversationis
589 577 623 635 et
651 570 716 634 vite
747 569 850 634 iuvari
884 568 1018 650 dicitur,
1052 575 1088 634 ut
1118 571 1204 656 apud
1239 591 1299 636 nos
1335 573 1513 660 specialem
1548 575 1687 660 gratiam
1723 584 1953 664 consequatur,

299 675 547 740 universitatem
565 681 706 740 vestram
725 673 902 758 rogandam
919 674 1071 739 duximus
1088 681 1122 739 et
1137 675 1343 757 monendam,
1366 677 1560 744 mandantes
1576 681 1731 765 quatinus
1746 680 1896 760 eundem,
1921 681 1954 744 in

301 797 365 862 quo
388 776 582 842 dilectorum
598 777 738 841 filiorum
755 775 911 841 nobilium
927 778 1092 842 virorum.
1111 828 1118 843 .
1135 777 1175 842 de
1191 777 1350 844 Ferreto¹
1367 787 1399 844 et
1416 829 1423 846 .
1442 829 1449 846 .
1470 779 1511 846 de
1527 781 1634 846 Parva
1649 782 1772 848 Petra²
1789 784 1953 863 comitum,

302 881 395 945 nobis
420 887 453 946 et
470 880 621 946 Romane
646 880 787 946 ecclesie
808 881 1010 962 devotorum,
1035 882 1184 946 volumus
1208 882 1370 949 honorare
1393 905 1560 971 personas,
1584 907 1642 972 pro
1666 887 1844 974 apostolice
1868 885 1956 951 sedis

302 992 335 1049 et
358 990 470 1048 nostra
491 985 678 1050 reverentia
702 985 733 1077 ip
758 984 892 1050 fratrem
917 991 950 1049 et
975 986 1165 1050 canonicum
1189 986 1384 1070 admittatis,
1414 988 1475 1052 sibi
1497 989 1538 1053 de
1561 991 1744 1079 prebenda,
1773 1013 1869 1076 quam
1893 991 1957 1054 cito

300 1109 336 1152 se
352 1088 491 1154 facultas
508 1088 673 1168 obtulerit,
691 1087 875 1153 liberaliter
890 1087 1111 1174 providentes,
1133 1127 1172 1135 -
1189 1109 1255 1155 non
1273 1091 1444 1156 obstante·
1467 1099 1557 1160 certo
1574 1095 1803 1160 canonicorum
1819 1113 1957 1160 numero

301 1193 484 1256 iuramento
508 1212 567 1256 sen
591 1212 796 1276 quacumque
819 1191 973 1256 firmitate
997 1192 1134 1272 vallato,
1165 1199 1221 1257 aut
1253 1195 1338 1279 quod
1368 1195 1453 1260 idem
1482 1197 1564 1261 alias
1592 1198 1808 1264 beneficiatus
1833 1196 1956 1274 existit,

301 1297 355 1360 vel
387 1298 413 1359 si
443 1296 536 1360 robis
569 1317 628 1381 pro
656 1297 720 1360 alio
752 1295 873 1381 scripta
903 1301 1015 1360 nostra
1045 1296 1240 1376 direximus,
1269 1299 1320 1363 cui
1350 1298 1502 1365 nolumus
1531 1303 1724 1367 auctoritate
1754 1299 1957 1387 presentium

301 1397 517 1485 preludicinm
549 1399 713 1484 generari,
748 1405 805 1463 aut
834 1398 946 1483 aliqua
972 1397 1178 1484 indulgentie
1207 1401 1294 1465 sedis
1324 1402 1516 1488 apostolice,
1552 1403 1593 1469 de
1623 1425 1688 1490 qua
1718 1401 1894 1489 specialem
1924 1403 1957 1465 in

231 1531 240 1559 ι
301 1503 421 1566 litteris
445 1503 565 1566 nostris
589 1509 740 1587 oporteat
763 1501 833 1567 fieri
856 1502 1055 1568 mentionem
1079 1527 1137 1575 —;
1161 1503 1349 1568 mandatum
1373 1512 1522 1571 nostrum
1544 1508 1655 1572 taliter
1670 1507 1847 1593 impleturi,
1871 1503 1955 1590 quod

301 1613 436 1694 propter
462 1607 525 1671 hoc
553 1607 653 1692 digna
680 1605 792 1670 lavore
820 1611 930 1670 nostro
954 1613 1063 1671 vestra
1091 1608 1261 1673 sinceritas
1285 1607 1456 1676 habeatur.
1500 1609 1653 1696 Alioquin
1677 1609 1798 1674 dilecto
1828 1607 1896 1673 lilio
1922 1657 1957 1671 ..

301 1710 507 1774 thesaurario
532 1709 672 1776 ecclesie
698 1711 803 1775 sancti
818 1709 910 1775 Petri
926 1711 1179 1796 Argentinensis
1202 1733 1262 1797 per
1284 1713 1411 1778 litteras
1429 1720 1556 1778 nostras
1574 1713 1783 1800 iniungimus,
1807 1720 1842 1776 nt
1859 1732 1958 1798 snper

301 1815 364 1878 hoc
388 1814 576 1878 mandatum
600 1814 816 1900 apostolicum
842 1821 1043 1900 exequatur;
1067 1814 1324 1881 contradictores
1348 1823 1409 1881 etc.

406 1935 482 2001 Det.
505 1935 669 2020 Lugduni,
693 1935 723 1998 V
748 1935 822 2002 Kal.
845 1935 1049 2032 Decembris,
1074 1959 1158 2003 anno
1182 1945 1308 2023 quarto.

407 2037 478 2103 Illib
502 2039 658 2124 scriptum
682 2046 741 2104 est.

926 2202 1337 2212 m*—

1086 2392 1172 2467 aaa.

407 2507 625 2599 Innocentius
642 2532 666 2597 I
672 2532 698 2597 V
704 2555 794 2617 papo
810 2535 992 2614 praeposito
1009 2534 1121 2600 Sancti
1136 2533 1291 2617 Stephani
1309 2537 1561 2603 Constantianam
1575 2533 1717 2614 ntandei,
1740 2539 1776 2598 nt
1790 2533 1959 2598 Bnrccedo

302 2635 499 2714 subdiacono,
513 2637 627 2700 cannito
640 2635 812 2721 [Henrici]
826 2638 961 2720 episcopi
978 2638 1237 2717 Constrntiensa'a,
1253 2661 1342 2720 quem
1358 2642 1482 2705 obtentu
1497 2642 1632 2722 episcopi
1650 2640 1786 2704 einsdcrn
1806 2639 1959 2703 bonorare

303 2739 458 2816 intendat,
480 2739 521 2803 ab
535 2739 724 2824 [Anaclnto]
744 2739 853 2804 etberto
876 2744 906 2802 ct
926 2746 1078 2804 concentu
1098 2740 1332 2807 Heremilarnrn
1355 2745 1390 2806 tn
1413 2743 1557 2824 beneficio
1578 2743 1781 2808 ecclesiastico
1798 2740 1960 2822 pnooideri

302 2845 412 2925 faciet.
1632 2849 1726 2925 1246,
1749 2843 1824 2912 Dec.
1842 2848 1871 2908 3.

409 2963 472 3017 Inn.
487 2963 534 3016 IV
550 2961 614 3030 Rep.
632 2961 726 3029 nont,
744 2966 810 3029 354,·
828 2961 886 3015 lau
900 2961 953 3030 IV,
970 2969 1025 3018 345.
1063 2963 1218 3032 Eaemplor,
1236 2964 1306 3032 qnod
1320 2966 1418 3034 Beryae·
1436 2964 1525 3032 edidit,
1545 2981 1606 3020 cnm
1626 2965 1742 3035 Repetite
1759 2965 1870 3019 contulit
1887 2968 1910 3016 et
1928 2979 1960 3016 an

303 3051 341 3104 cis
357 3049 484 3118 neppteoit
508 3048 537 3102 V.
548 3047 625 3102 ΟΜ.
639 3048 717 3102 Man.

407 3137 504 3206 Barce
521 3141 592 3190 2341.

432 3337 472 3355 ..
501 3281 742 3372 preposito
770 3280 1144 3356 ecclesiesancti
1171 3281 1409 3372 Stephani
1436 3281 1838 3356 Constanticnsis.

410 3430 615 3518 Supplicavit
638 3430 733 3494 nobis
749 3427 889 3494 dilectus
912 3428 998 3494 filins
1015 3427 1202 3494 Burcardus
1226 3430 1457 3513 subdiaconus,
1481 3432 1614 3496 nuntius
1631 3430 1826 3496 venerabilis
1850 3429 1958 3495 fratris

306 3535 409 3600 nostri
427 3587 433 3600 .
452 3586 460 3601 .
477 3531 739 3598 Constantiensis
756 3531 934 3619 episcopi³,
957 3538 994 3597 ut
1018 3531 1133 3614 eidem,
1157 3534 1280 3598 nullum
1298 3539 1334 3598 ut
1351 3536 1470 3600 asserit
1487 3533 1748 3599 ecclesiasticum
1762 3534 1958 3599 beneficium

306 3643 478 3720 assecuto,
508 3636 673 3724 provideri
697 3634 738 3700 de
762 3634 883 3700 Christi
905 3637 1100 3722 patrimonio
1125 3637 1320 3702 faceremus.
1364 3637 1434 3702 Nos
1456 3637 1565 3723 igitur,
1589 3637 1735 3703 eiusdem
1758 3637 1958 3718 subdiaconi,

306 3742 443 3807 obtentu
470 3742 572 3828 ipsius
596 3741 756 3827 episcopi,
785 3760 896 3826 quem,
930 3745 1062 3806 stauos
1087 3741 1202 3822 etiam,
1233 3741 1396 3807 bonorare
1424 3739 1639 3823 intendimus,
1669 3741 1959 3828 supplicationibus

305 3849 498 3926 annuentes,
522 3843 726 3924 mandamns,
747 3843 900 3928 quatinus
924 3843 966 3908 ab
990 3893 1023 3911 ..
1047 3844 1165 3910 abbate
1190 3866 1228 3910 ac
1245 3849 1406 3910 conventu
1421 3841 1689 3910 Heremitarum‘
1712 3843 1833 3910 ordinis
1856 3844 1959 3909 sancti

306 3947 479 4016 Benedicti
512 3947 775 4014 Constantiensis
806 3947 949 4014 diocesia
985 3949 1113 4036 prelato
1148 3947 1188 4014 B.
1220 3949 1416 4015 auctoritate
1449 3955 1561 4014 nostra
1594 3949 1756 4035 provideri
1787 3950 1891 4015 iacias
1927 3949 1973 4016 in,

306 4055 531 4122 ecclesiastico
553 4053 715 4120 beneficio
739 4053 935 4140 competenti
952 4052 994 4118 ad
1011 4073 1123 4118 eornm
1139 4053 1346 4120 collationem
1369 4059 1549 4140 spectante,
1572 4049 1658 4140 quod
1676 4053 1816 4118 conferri
1832 4053 1959 4117 clericis

305 4157 510 4224 secularibus
534 4160 712 4240 consuerit,
736 4158 764 4223 ai
788 4164 882 4223 vacat
904 4156 945 4223 ad
961 4179 1098 4244 presens
1120 4159 1172 4224 vel
1189 4179 1286 4245 qnam
1303 4159 1443 4244 primum
1467 4156 1508 4222 ad
1531 4155 1564 4220 id
1581 4156 1737 4223 obtulerit
1753 4177 1788 4222 ee
1805 4155 1959 4236 facultas,

307 4299 348 4309 -
370 4262 603 4328 nonobstante
621 4263 711 4328 sicis
728 4260 909 4327 direximus
927 4263 1050 4347 scripta
1072 4266 1186 4327 nostra
1207 4283 1267 4348 pro
1289 4259 1372 4342 aliis,
1397 4262 1514 4347 quibus
1535 4262 1729 4325 auctoritate
1754 4261 1958 4348 presentium

306 4368 457 4432 nolumus
479 4367 695 4454 preiudicium
717 4365 870 4452 generari
894 4391 949 4443 -·;
973 4365 1229 4431 contradictores
1253 4372 1314 4432 etc.

411 4488 487 4555 Dat.
509 4487 671 4576 Lugduni,
695 4489 746 4552 Ill
768 4489 852 4553 Non.
875 4487 1080 4570 Decembris,
1106 4509 1191 4552 anno
1214 4494 1339 4573 quarto.

1094 4945 1181 5019 963.

226 5115 252 5153 ss
413 5056 630 5152 Innocentius
652 5082 707 5150 IV
721 5105 810 5170 popo
827 5086 1008 5170 praeposito
1022 5087 1179 5169 Anpienai
1193 5083 1333 5163 mandat,
1356 5087 1392 5148 nt
1405 5081 1612 5149 Berttoldnm
1621 5081 1794 5168 pletcnnm
1815 5079 1959 5148 emieaiec

306 5191 517 5269 Seconiensis,
540 5189 1148 5276 procuratorem[13ernornt]cocans
1178 5189 1291 5257 Sancti
1314 5189 1419 5267 Galli,
1448 5188 1499 5253 oni
1525 5188 1651 5253 obtenta
1678 5187 1801 5252 abbatis
1823 5183 1959 5249 ciusdem

412 5415 436 5482 1)
455 5433 490 5468 nn
508 5433 560 5468 non
578 5416 643 5468 obst.
662 5435 694 5459 =
712 5433 764 5467 non
783 5414 962 5467 obstantibus?
1048 5413 1074 5482 b)
1093 5413 1133 5466 Ill'
1152 5415 1184 5466 n.

414 5534 439 5600 ι)
460 5533 545 5600 rnn-
563 5533 596 5600 cr.
613 5551 641 5588 a.
663 5539 719 5589 sac.
792 5535 820 5602 a)
839 5533 990 5587 naaman
1007 5533 1038 5587 a
1055 5533 1163 5588 neae-a
1180 5533 1386 5604 anamma
1421 5497 1422 5500 Ὺ
1461 5534 1488 5601 a)
1507 5531 1551 5586 na
1568 5545 1597 5584 a
1613 5529 1645 5596 cs.
1659 5543 1688 5598 p.
1701 5535 1757 5596 aa,
1775 5531 1831 5582 aaa.
1845 5536 1866 5584 1.
1903 5527 1959 5582 Pe

309 5616 483 5673 Burcardnm
504 5620 580 5674 iliam
600 5637 659 5674 anca
680 5636 740 5674 cnm
761 5620 854 5674 nonme
877 5619 974 5674 Sanni
998 5619 1073 5674 Galli
1095 5621 1141 5689 [cs.
1159 5638 1187 5675 n.
1206 5621 1267 5690 263]
1285 5621 1472 5675 obwlntionem
1490 5618 1619 5690 panea,
1632 5621 1657 5670 et
1680 5616 1828 5683 imperasse
1849 5613 1958 5669 nidetam

223 5722 252 5762 to
308 5704 366 5758 Sub
382 5722 407 5760 a.
426 5714 497 5775 1247,
517 5707 577 5762 Ian.
596 5712 631 5762 26
645 5723 720 5776 popa
738 5708 761 5761 ei
778 5707 913 5776 quoddam
929 5707 1419 5778 mannamnnecir;13erperaaro.
1489 5707 1516 5774 4)
1536 5703 1700 5760 Einaiedeln

1461 5811 1463 5818 '
1701 5799 1758 5855 25*
