4328 6232
811 375 858 430 EX
876 372 1097 431 INNOOENTH
1114 375 1154 430 IV
1171 373 1354 432 emmeno

1038 660 1124 733 276.

356 780 575 878 Innocentius
590 812 649 877 IV
664 833 754 896 popo
780 811 956 898 [Henrico]
989 811 1165 877 sturmioni
1191 811 1355 875 Misncnsi
1385 808 1530 887 mundat,
1559 813 1595 874 nt
1624 831 1646 873 a
1671 805 1914 891 mauorrtinihns

251 919 275 1005 [
273 918 453 984 Theoderici
468 918 514 982 II
504 918 528 1003 ]
549 917 684 1000 episcopi
705 920 734 980 et
755 916 899 981 ecclcsiae
920 914 1187 998 Nucrnbnrpcnsis
1208 914 1412 996 conquiescat.
1560 916 1655 991 1217,
1678 911 1754 978 Ian.
1770 915 1827 976 22.

355 1039 419 1092 Inn.
434 1037 483 1091 IV
494 1037 557 1106 Rea.
576 1037 630 1090 Vol.
644 1037 666 1105 L
679 1043 741 1104 359,-
759 1035 819 1090 Le.
833 1036 884 1103 IV,
903 1042 957 1090 373.
994 1036 1150 1103 Exemplar,
1169 1033 1240 1104 quod
1256 1034 1353 1102 Bcrper
1370 1033 1462 1101 edidit,
1480 1051 1541 1088 cuns
1559 1032 1677 1101 Ropcstis
1694 1033 1811 1087 contutit
1829 1031 1859 1084 V.
1873 1031 1911 1086 Οἱ.

256 1126 288 1180 Α.
310 1125 456 1280 Maitona
470 1217 544 1265 2369.

614 1338 765 1410 Nobili
803 1338 899 1410 vire
936 1394 980 1410 ..
1017 1337 1267 1412 marchioni
1302 1336 1543 1409 Misnensr.

364 1473 494 1546 Quanto
517 1474 658 1536 maiores
683 1469 859 1534 ereduntur
872 1472 1021 1556 potentie
1046 1479 1101 1535 tue
1125 1472 1224 1551 vires,
1248 1477 1339 1535 tanto
1364 1470 1503 1555 amplius
1527 1477 1560 1534 te
1577 1470 1674 1533 decet
1696 1478 1730 1532 et
1746 1469 1911 1544 convenit,

254 1586 288 1643 ut
312 1579 353 1642 ab
379 1577 590 1642 ecelesiarum
614 1582 647 1639 et
669 1595 883 1662 personarum
901 1575 1197 1639 ecclesiasticarum
1213 1575 1380 1642 abstineas
1404 1573 1529 1639 iniuriis
1554 1581 1588 1637 et
1612 1573 1763 1649 eliensis,
1787 1592 1862 1637 eum
1878 1570 1909 1634 in

256 1683 400 1767 ipsarum
425 1681 582 1745 molestiis
605 1679 791 1743 offendatur
815 1685 848 1741 et
871 1678 1046 1763 persequi*
1069 1678 1218 1743 videatur
1240 1679 1309 1765 ipse
1333 1677 1486 1742 dominus
1505 1676 1600 1741 Iesus
1617 1674 1779 1741 Christus.
1827 1673 1908 1738 Cum

253 1785 367 1870 igitur,
399 1785 484 1848 sieut
514 1783 696 1848 venerabili
726 1783 827 1847 fratre
851 1789 962 1846 nestro
988 1832 1020 1847 ..
1050 1783 1207 1868 episeopo
1230 1782 1494 1867 Nuemburgensi
1518 1782 1704 1866 accepimns
1727 1781 1907 1859 intimante,

256 1893 450 1974 procurante
475 1886 645 1950 seditionis
668 1893 779 1950 actore
808 1886 915 1969 ipsum
947 1890 980 1947 et
1002 1884 1309 1970 Nuemburgensem
1333 1887 1508 1950 ecelesiam
1533 1884 1683 1970 dampnis
1706 1882 1908 1971 impetiveris

254 1991 401 2076 pluribus
425 1997 459 2054 et
482 1992 655 2076 pressuris,
680 2011 747 2068 nos,
772 1996 861 2052 tuum
886 1988 1033 2053 zelantes
1050 1989 1207 2054 honorem
1231 1998 1265 2054 et
1286 1988 1457 2054 comodum
1479 1990 1682 2067 affectantes,
1697 1986 1906 2052 devotionem

254 2103 342 2159 tuam
369 2115 532 2179 rogamus,
549 2113 719 2158 monemus
743 2101 777 2157 et
798 2091 968 2155 hortamur
983 2099 1118 2170 attente,
1142 2093 1335 2159 mandantes
1357 2094 1511 2178 quatinus
1528 2092 1707 2179 prudenter
1723 2091 1906 2172 attendens,

254 2221 350 2285 quam
377 2220 477 2283 grave
510 2199 552 2262 sit
575 2204 609 2262 et
631 2197 789 2262 indecens
813 2203 1003 2271 censeatur,
1028 2204 1063 2259 ut
1086 2196 1206 2261 dicaris
1237 2199 1378 2263 ecclesie
1402 2204 1603 2283 perseeutor,
1627 2203 1785 2284 quantum
1809 2197 1906 2262 etiam

254 2323 294 2367 ex
319 2302 381 2367 hoe
405 2310 461 2367 tue
484 2302 649 2366 nobilitati
672 2299 882 2365 detrahaturb
912 2306 945 2364 et
973 2300 1101 2374 honori,
1132 2300 1174 2364 ob
1205 2302 1422 2366 reverentiam
1454 2300 1541 2385 regis
1570 2300 1694 2380 eterni,
1724 2299 1902 2386 apostolice

255 2405 343 2470 sedis
367 2412 400 2470 et
423 2413 567 2470 nostram
591 2405 632 2468 ab
657 2401 834 2468 eorundem
859 2403 1006 2489 episcopi
1035 2416 1068 2468 et
1091 2405 1233 2469 ecclesie
1257 2406 1506 2489 gravaminibus
1529 2406 1659 2490 penitus
1684 2406 1905 2490 conquiescas.

255 2509 409 2593 Alioquin
432 2529 495 2572 non
520 2508 579 2571 tibi
603 2528 704 2593 grave
729 2506 771 2571 sit
795 2507 846 2571 vel
870 2506 957 2570 seras
973 2507 1124 2584 moleste,
1148 2509 1175 2571 si
1199 2507 1305 2573 eidem
1322 2509 1479 2595 episeopo
1503 2508 1717 2574 adhibeamus
1740 2509 1905 2587 iustitiam,

255 2632 351 2696 quam
378 2611 440 2675 sibi
463 2633 584 2695 negare
608 2633 669 2675 nee
693 2630 868 2695 possumus
893 2631 953 2674 nee
977 2609 1149 2690 debemus,
1178 2632 1251 2675 eum
1282 2613 1315 2675 in
1344 2634 1384 2677 ea
1408 2613 1508 2677 simus
1531 2612 1683 2677 omnibus
1708 2611 1905 2680 debitores².

340 2731 417 2796 Dat.
440 2730 605 2816 Lugduni,
630 2731 679 2795 XI
702 2730 777 2796 Kal.
801 2730 983 2810 Februarii,
1008 2752 1093 2796 anno
1118 2739 1242 2816 quarto.

874 3012 1284 3020 ——-———.—.-—...

1038 3256 1124 3330 a77.

355 3367 573 3460 Istranontios
595 3396 650 3459 IV
667 3419 757 3480 papia
784 3397 940 3482 [dieterico
964 3397 1044 3481 ΙΙΙ]
1069 3400 1209 3481 episcopo
1235 3402 1264 3463 ct
1291 3399 1409 3463 cioihns
1435 3401 1721 3482 Arycutincnsibns
1751 3404 1908 3486 mitorum,

250 3501 279 3564 si
303 3500 385 3563 inter
406 3499 564 3564 ecclesiane
586 3504 614 3563 ct
636 3499 872 3584 F[r·iolcricnnr]
894 3501 1051 3580 qroorertorn
1072 3502 1289 3584 ‘irrepta-ratarum
1308 3523 1419 3584 pruccrn
1446 3503 1554 3584 (dique
1581 3509 1714 3585 tantopore
1736 3507 1917 3590 repensari

251 3604 424 3685 coartinput,
454 3604 536 3683 qnod
561 3624 726 3685 sturionum
752 3607 811 3684 piot
841 3625 875 3666 co
898 3609 1075 3668 roricone-nto
1099 3605 1284 3685 inperatore
1308 3605 1354 3668 oct
1375 3627 1458 3688 repe,
1488 3607 1648 3671 ecclesiane
1669 3608 1753 3688 ipsos
1775 3609 1813 3672 in
1830 3631 1920 3690 putee

249 3707 428 3788 positurum
450 3725 514 3770 cssc
536 3706 652 3771 cedern
1560 3714 1654 3789 1247,
1676 3712 1750 3776 Ion
1765 3716 1821 3779 28.

358 3826 423 3880 Inn
438 3825 484 3878 IV
500 3825 563 3896 Rea.
582 3825 674 3893 Voti,
693 3832 753 3889 aaa·
771 3827 829 3881 La.
842 3827 862 3881 I
868 3826 896 3893 V,
909 3834 964 3881 377.
1006 3826 1166 3895 Eaanplar,
1189 3827 1262 3895 estod
1286 3827 1420 3895 Wenceo,
1440 3829 1570 3897 Apparuit.
1588 3829 1729 3899 0001ιί010.
1749 3838 1803 3898 163,
1824 3850 1851 3886 ra
1866 3830 1934 3888 11⁷

251 3911 340 3979 atate,
358 3929 419 3965 cunt
439 3911 553 3979 Repestis
569 3913 683 3966 content
706 3913 733 3967 V.
748 3914 789 3967 ct
804 3915 839 3969 A.
853 3913 932 3967 Mare.

357 3997 488 4064 Poetae,
509 3997 573 4066 300.
592 4006 688 4063 raros:
706 4000 803 4069 anper
815 4007 887 4055 2373.

526 4217 573 4234 ..
610 4162 838 4254 episeopo
875 4169 917 4236 et
952 4164 1144 4236 civibus
1178 4162 1633 4256 A'rgantirrensibus.

361 4308 461 4373 Utin
485 4313 618 4395 negotio
645 4311 798 4387 ecclesie,
823 4313 907 4397 quod
924 4315 1149 4398 assumpsistis
1173 4336 1214 4377 ex
1239 4314 1346 4377 animo
1368 4314 1644 4400 prosequendum,
1668 4315 1707 4379 de
1732 4337 1799 4401 quo
1816 4318 1905 4382 vobis

251 4416 430 4497 gratiarum
458 4417 630 4482 referimus
658 4418 820 4496 actiones,
845 4420 915 4484 sitis
938 4421 1039 4495 firmi,
1063 4420 1249 4484 nullatenus
1272 4420 1470 4495 hesitantes,
1494 4418 1677 4485 devotionis
1701 4429 1812 4486 vestra
1838 4443 1904 4507 pre·

253 4518 344 4582 cibus
367 4519 523 4600 inclinati,
548 4521 629 4585 seire
656 4543 712 4585 vos
736 4544 793 4608 pra
811 4532 900 4587 certo
918 4524 1068 4587 velumus
1092 4530 1124 4587 et
1140 4528 1264 4600 tenere,
1289 4523 1374 4609 quod
1400 4523 1426 4587 si
1442 4523 1609 4609 contingat
1625 4525 1710 4589 inter
1729 4526 1901 4590 ecelesiam

253 4628 287 4686 et
311 4621 347 4684 F.
373 4623 536 4708 quondam
561 4625 791 4711 imperatorem
814 4648 929 4711 pacem
951 4627 1060 4711 alique
1089 4634 1235 4711 tempore
1260 4627 1443 4701 reformari,
1473 4627 1559 4713 quod
1583 4650 1760 4715 numquam
1784 4632 1846 4695 erit
1868 4652 1902 4695 ee

255 4733 446 4790 renranenta
470 4727 667 4813 imperatore
693 4729 744 4792 vel
767 4730 878 4812 rage³.
903 4751 959 4793 vos
983 4729 1125 4795 eeclesia
1149 4729 1180 4792 in
1205 4751 1286 4814 paca
1310 4736 1411 4815 ponet
1433 4730 1559 4796 eadem.

363 4844 438 4911 Dat.
460 4846 623 4932 Lugduni,
646 4848 677 4911 V
701 4848 775 4913 Kal.
800 4849 980 4930 Februarii,
1005 4872 1089 4914 arrno
1114 4851 1255 4935 quart0⁴.

356 5073 380 5137 ⁸)
401 5074 437 5124 ita
455 5073 487 5126 B.
593 5074 618 5138 b)
636 5077 778 5128 000000
799 5076 827 5126 a.

360 5228 384 5293 1)
403 5224 459 5279 Hic
475 5227 556 5280 serrari
573 5228 728 5295 deipnatoro
744 5229 916 5296 familiariter
935 5231 1067 5297 radiatum
1088 5231 1121 5296 ef.
1139 5231 1213 5296 intro
1230 5230 1280 5283 sich
1300 5230 1368 5286 Mai.
1389 5239 1408 5284 7.
1482 5234 1510 5298 ⁶2)
1529 5234 1609 5288 Aliae
1623 5234 1729 5303 prate
1746 5233 1904 5303 erumpunt

252 5312 370 5380 atpdrrlo
388 5312 648 5382 Nroensburpcnsibus
665 5322 723 5369 tum
739 5333 872 5371 wnccssac
888 5335 933 5387 op.
951 5319 1047 5386 Beroe
1060 5324 1128 5372 2383
1143 5321 1167 5370 ct
1178 5324 1254 5371 2384.
1324 5317 1351 5384 3)
1372 5317 1429 5372 Suo
1446 5318 1517 5372 Mai.
1536 5328 1552 5373 4
1566 5337 1642 5389 papa
1658 5321 1780 5390 mpii:
1856 5337 1905 5376 nee

253 5416 314 5451 eum
328 5398 363 5452 l‘r
373 5439 452 5452 .....
471 5416 568 5468 paoem
581 5399 760 5470 aliquatenus
773 5403 994 5468 reformabimus,
1012 5404 1054 5457 ita
1071 5403 1146 5472 quod
1165 5403 1226 5472 ipsc
1243 5402 1287 5456 vel
1301 5401 1403 5472 aliquis
1416 5403 1536 5458 tiliorum
1554 5403 1614 5461 eius
1625 5422 1674 5461 rex
1691 5409 1744 5462 aut
1755 5406 1906 5479 imperator

253 5484 369 5551 exntat3
388 5501 410 5538 a
430 5485 508 5552 infra
526 5503 564 5555 op.
581 5503 638 5542 cnr.
652 5494 709 5542 108.
813 5491 841 5556 l)
860 5488 996 5557 Episcopo
1013 5490 1125 5559 altisono
1141 5488 1265 5559 paeonis
1281 5488 1458 5543 nelniaaieis
1475 5491 1715 5560 Amaainmidus
1730 5491 1780 5548 hac
1792 5499 1905 5565 mm

249 5571 394 5638 panemos
408 5571 511 5639 erutus
527 5572 588 5638 seed
605 5574 655 5640 ool,
677 5579 707 5626 nt
724 5589 768 5628 eos
784 5574 914 5642 swerd,
937 5576 1078 5644 cornmisit,·
1096 5578 1129 5643 as.
1147 5594 1175 5629 n.
1194 5581 1255 5642 226,
1274 5582 1334 5642 271,
1352 5581 1414 5644 373,
1431 5582 1484 5632 383
1501 5583 1525 5632 ct
1541 5594 1585 5647 ap.
1604 5577 1704 5648 Bona
1716 5579 1828 5650 m
1861 5576 1906 5637 De

252 5655 350 5710 00000
368 5656 606 5726 Acamantem
622 5659 655 5725 cc.
674 5676 701 5713 n.
721 5667 766 5714 rsr
783 5664 806 5714 c
824 5660 925 5730 aanor
943 5667 1018 5731 noo,
1038 5669 1111 5732 asor,
1130 5669 1205 5732 aare,
1224 5668 1303 5730 aeas,
1321 5668 1396 5730 urso,
1415 5669 1493 5719 asos.
