4328 6232
759 360 809 419 1111
827 359 1046 418 ΙΝΝΟΟΕΝΤΙΙ
1064 356 1104 415 IV
1121 354 1304 415 nanneno

982 678 1069 752 595.

304 798 523 892 Innocentius
545 822 603 889 IV
615 844 706 908 papa
726 820 904 906 [Sipefsido
926 818 1008 905 ΙΙΙ]
1032 817 1264 902 archiepiswpa
1284 816 1479 901 Magantino
1505 817 1651 892 mana,
1679 822 1716 882 at
1745 839 1865 884 eramen

200 929 455 1007 observationem,
484 949 578 1010 qnam
610 945 706 992 coma
726 926 764 989 de
786 924 985 1004 Swilembcqq
1007 923 1127 1004 aliique
1150 921 1194 986 acl
1215 922 1344 986 tutelam
1369 918 1571 988 Christianae
1589 923 1681 1002 pacis
1702 928 1734 987 et
1754 925 1865 987 mnni-

200 1037 336 1098 mcntnm
368 1032 444 1114 fidei
476 1032 511 1094 in
542 1050 637 1112 repno
669 1029 838 1093 Tantamne
868 1028 1033 1090 instituere
1066 1026 1210 1106 capiam,
1244 1045 1314 1089 mm
1345 1024 1507 1106 aliquibus
1536 1023 1801 1090 Praediontarnm
1834 1033 1865 1092 et

199 1135 366 1200 Minorem
383 1133 545 1219 fratribus
566 1133 727 1209 disentiat,
757 1151 898 1212 eamque,
926 1131 955 1193 si
979 1151 1018 1194 aa
1047 1150 1084 1194 ea
1112 1129 1189 1210 fidei
1216 1125 1418 1212 anpmentnm
1439 1128 1607 1210 mosanira
1624 1149 1716 1211 posse
1735 1131 1863 1211 aderit,

201 1240 337 1322 mnipat
359 1243 389 1301 ct
411 1237 455 1301 act
475 1236 575 1301 sedern
596 1236 796 1320 apostoticam
818 1236 931 1300 mittat.
1539 1235 1633 1312 1248,
1658 1232 1724 1298 oa.
1741 1240 1773 1302 7.

305 1359 368 1412 Inn.
383 1355 433 1409 IV
449 1355 512 1424 Req.
531 1353 592 1408 Lib.
607 1354 653 1422 VL
672 1355 732 1422 s.4,
748 1362 843 1409 n.160.

306 1445 435 1510 Pottbast,
456 1443 520 1511 Rep.
532 1447 630 1508 130435
648 1443 746 1511 Berper
760 1448 832 1496 4142.

669 1695 677 1712 .
707 1693 715 1711 .
745 1635 1089 1729 archiepiscopo
1116 1634 1389 1727 Magurrtinn

311 1788 381 1852 Etsi
405 1789 592 1874 periculosa
615 1788 680 1850 sint
703 1793 850 1873 tempora
874 1794 907 1852 et
930 1785 1070 1851 mundus
1093 1786 1220 1870 positus
1252 1787 1283 1849 in
1314 1787 1473 1871 maligno,
1504 1808 1569 1850 non
1597 1793 1711 1852 tamen
1739 1787 1863 1853 desunt

203 1893 235 1955 in
269 1893 420 1955 fluctibus
457 1891 677 1977 quarumlibet
711 1897 945 1978 tempestatum
980 1890 1241 1955 consolationum
1274 1889 1419 1955 remedia
1449 1911 1568 1977 sponse
1596 1890 1733 1958 Christi.
1784 1890 1862 1956 Nou

204 1995 289 2058 enim
312 1995 462 2080 prevalet
484 1994 671 2059 Herodiano
694 1995 934 2081 persecutionis
958 1994 1123 2079 impietas,
1152 1995 1230 2079 quin
1260 2015 1342 2080 puer
1364 1993 1458 2058 Iesus
1489 1993 1586 2059 datus
1614 1994 1711 2058 nohis
1741 1997 1864 2061 celitus

202 2098 235 2161 in
263 2096 481 2162 hereditatem
504 2099 651 2182 gentium
680 2099 876 2185 supervivat.
921 2097 996 2161 Non
1024 2097 1158 2181 attingit
1187 2102 1296 2160 votum
1324 2098 1490 2182 proprium
1513 2098 1696 2162 Pharaonis
1729 2101 1864 2175 astutia

203 2207 355 2285 satagens
371 2208 541 2265 conterere
557 2201 591 2264 in
607 2203 761 2265 masculis
775 2201 945 2280 Israelem,
962 2202 1039 2285 quin
1056 2222 1150 2264 saera
1164 2199 1273 2265 Deum
1284 2200 1463 2264 videntium
1481 2201 1611 2265 soboles
1629 2202 1864 2267 increbrescat.

203 2302 289 2367 Ecce
320 2304 406 2367 enim
440 2304 622 2368 fecunditas
654 2313 862 2369 sacrosancte
892 2306 1004 2369 matris
1036 2304 1174 2368 ecclesie
1205 2304 1330 2368 recenti
1359 2324 1490 2388 semper
1519 2305 1646 2369 semine
1674 2306 1863 2381 innovatur,

202 2407 289 2471 unde
306 2407 415 2471 divino
432 2409 553 2471 numini
570 2408 700 2472 assidue
720 2409 899 2473 succrescit
915 2409 948 2471 in
964 2407 1070 2472 laudis
1086 2408 1306 2492 frequentiam
1323 2407 1484 2493 eopiosior
1499 2428 1654 2473 numerus
1671 2410 1861 2475 electorum.

204 2510 402 2598 Accepimus
427 2533 517 2591 sane,
541 2512 626 2598 quod
649 2513 682 2576 in
705 2534 784 2598 agro
807 2511 952 2590 Domini,
981 2512 1153 2577 latitudine
1178 2513 1269 2598 regni
1293 2511 1446 2577 videlicet
1468 2511 1666 2592 Theutonie‚
1696 2522 1863 2599 sumptum

204 2613 245 2679 de
277 2615 391 2679 celesti
421 2615 583 2701 plantario
613 2637 752 2701 granum
779 2637 844 2679 non
876 2614 1040 2681 modicum
1072 2616 1265 2695 seminatur,
1303 2617 1335 2679 in
1366 2636 1483 2700 magne
1512 2635 1708 2701 ramosaque
1737 2617 1864 2682 arboris

206 2717 412 2783 altitudinem
436 2717 535 2784 dante
564 2719 764 2784 incrementa
787 2718 926 2784 Domino
951 2719 1213 2807 provehendum,
1244 2720 1334 2806 pium
1363 2719 1489 2783 scilicet
1517 2720 1680 2804 propositi
1704 2721 1864 2804 regularis

202 2821 332 2885 initium
355 2844 375 2885 a
396 2822 498 2886 nobili
520 2823 590 2886 viro
615 2870 648 2886 ..
672 2823 790 2886 comite
813 2821 854 2886 de
879 2821 1139 2887 Swilemherch²
1162 2829 1196 2887 et
1219 2822 1415 2908 quibusdam
1438 2823 1512 2886 aliis
1535 2822 1699 2887 nobilibus
1728 2831 1763 2887 et
1784 2823 1862 2888 viris

205 2925 438 2990 ecclesiasticis
462 2927 526 2988 iam
551 2931 661 2990 mente
685 2934 880 3012 conceptum
903 2925 945 2990 ad
968 2926 1105 2991 tutelam
1129 2925 1313 2991 Christiane
1336 2926 1427 3011 pacis
1450 2931 1484 2988 et
1506 2924 1582 2989 fidei
1609 2927 1862 2992 munimentum.

204 3028 386 3093 Petebatur
415 3035 525 3094 autem
556 3027 632 3093 huic
660 3029 708 3093 rei
737 3029 829 3114 vigor
859 3031 1083 3094 consensionis
1108 3052 1131 3094 a
1160 3031 1283 3115 capite,
1316 3050 1444 3093 summa
1471 3027 1628 3093 videlicet
1653 3028 1747 3093 Petri
1774 3028 1862 3110 seda,

204 3154 225 3196 a
248 3153 312 3217 quo
335 3130 506 3197 descendit
530 3132 685 3218 quidquid
709 3139 760 3196 est
784 3134 953 3199 salutifere
975 3135 1195 3219 vegetationis
1218 3135 1251 3198 in
1275 3133 1445 3211 membris,
1474 3139 1511 3196 ut
1539 3133 1670 3197 novella
1698 3139 1862 3198 structura

205 3235 397 3300 solidaretur
419 3236 453 3300 in
475 3237 585 3323 lapide
609 3238 769 3322 angulari,
799 3238 832 3301 in
855 3259 918 3323 quo
943 3239 1048 3302 omnis
1072 3238 1235 3303 edificatio
1259 3245 1448 3303 constructa
1471 3239 1504 3302 in
1528 3239 1689 3324 templum
1713 3245 1862 3304 sanctum

204 3341 238 3404 in
254 3338 394 3403 Domino
411 3348 633 3406 consumatur.
667 3339 793 3405 Verum
810 3342 886 3426 quia
901 3341 1070 3407 uberiores
1086 3343 1213 3407 fructus
1230 3363 1274 3407 ex
1289 3342 1448 3406 bonarum
1465 3362 1574 3406 rerum
1589 3341 1861 3428 dispositionibus

204 3441 438 3529 producuntur,
462 3464 525 3528 que
548 3443 781 3508 maturioribus
804 3444 927 3508 fuerint
949 3444 1076 3531 digesta
1101 3446 1254 3526 consiliis,
1278 3452 1311 3510 et
1335 3443 1444 3509 arduis
1467 3445 1609 3529 negotiis
1632 3452 1712 3510 tunc
1734 3445 1863 3510 felicior

205 3547 315 3612 exitus
339 3548 594 3612 consumationis
618 3546 766 3627 adicitur,
795 3569 868 3612 cum
890 3570 950 3636 per
972 3549 1245 3614 deliberationem
1269 3548 1449 3613 consultius
1472 3549 1634 3630 ineuntur,
1658 3549 1863 3630 mandamus,

205 3649 358 3734 quatinus
382 3651 493 3714 ascitis
517 3657 626 3715 tecum
651 3650 816 3736 aliquibus
831 3651 1080 3717 Predicatorum
1097 3660 1131 3718 et
1145 3653 1309 3718 Minorum
1327 3652 1484 3717 fratribus
1500 3653 1639 3717 scientia
1654 3659 1689 3716 et
1703 3653 1862 3738 religione

204 3752 366 3838 probatis,
401 3752 508 3817 Deum
540 3761 574 3819 et
608 3755 794 3819 libertatem
829 3757 1023 3822 catholicam
1057 3779 1115 3842 pre
1149 3759 1253 3822 oeulis
1288 3757 1394 3821 solum
1427 3755 1569 3837 habens,
1604 3757 1799 3842 qualitatem
1831 3764 1864 3822 et

208 3876 376 3921 numerum
400 3877 624 3942 personarum,
656 3880 718 3944 que
742 3859 926 3944 predictum
949 3863 1151 3948 propositum
1176 3867 1409 3947 conceperunt,
1439 3861 1609 3946 ipsamque
1632 3860 1767 3926 vivendi
1790 3881 1862 3925 nor-

206 3961 343 4040 mulam,
374 3959 551 4024 seeundum
585 3984 681 4047 quam
710 3963 899 4030 desiderant
927 3964 1068 4030 Domino
1102 3966 1299 4051 regulariter
1332 3964 1500 4043 famulari,
1536 3984 1603 4027 una
1634 3984 1708 4027 cum
1739 3963 1864 4029 eisdem

205 4063 361 4127 fratribus
384 4062 540 4128 discutias
564 4064 748 4151 diligenter.
788 4068 965 4154 Postquam
989 4091 1068 4134 vero
1092 4068 1244 4154 prudenti
1268 4068 1398 4132 cautela
1414 4087 1457 4130 ex
1472 4067 1623 4152 personis
1640 4068 1810 4152 negotium
1832 4074 1865 4132 et

206 4187 250 4230 ex
271 4169 404 4252 negotio
427 4169 619 4252 pensaveris
643 4169 751 4234 studia
772 4192 998 4255 personarum,
1023 4175 1050 4236 si
1073 4172 1205 4252 videris,
1232 4167 1365 4258 [quod]⁸
1389 4192 1431 4234 ex
1454 4169 1658 4235 institutione
1676 4169 1864 4235 huiusmodi

206 4290 288 4334 nova
323 4270 530 4336 observantie
564 4274 738 4358 provenire
767 4275 894 4359 possitb
924 4298 1078 4361 magnum
1115 4275 1192 4339 fidei
1226 4279 1455 4359 augmentum,
1493 4273 1663 4337 animabus
1692 4274 1804 4338 salus⁰
1833 4280 1865 4337 et

206 4373 351 4437 moribus
380 4374 584 4460 disciplinad,
613 4382 649 4439 tu
677 4399 749 4441 eam
779 4377 957 4443 modereris
985 4388 1019 4445 et
1042 4381 1188 4465 corrigas
1211 4378 1334 4443 addens
1358 4384 1391 4442 et
1415 4378 1577 4456 adimens,
1605 4382 1702 4461 prout
1724 4376 1767 4441 de
1790 4397 1863 4463 pre-

207 4475 368 4541 dictorum
390 4478 525 4542 fratrum
550 4480 685 4544 consilio
709 4483 839 4545 noveris
864 4483 1033 4569 expedire,
1060 4485 1163 4570 ipsius
1187 4483 1305 4547 seriem
1329 4480 1390 4545 sub
1414 4481 1478 4545 tuis
1502 4487 1535 4544 et
1558 4479 1693 4544 fratrum
1717 4481 1862 4567 ipsorum

208 4582 325 4666 sigillis
359 4582 400 4647 ad
434 4582 546 4649 sedem
580 4586 793 4671 apostolicam
829 4589 1096 4670 transmissurus,
1131 4594 1168 4652 ut
1203 4608 1303 4673 super
1336 4606 1391 4667 ea,
1425 4583 1513 4670 quod
1547 4583 1728 4649 secundum
1757 4584 1863 4649 Deum

208 4684 366 4771 expedire
390 4687 566 4768 videbitur,
590 4694 785 4754 statuamus.

311 4806 388 4873 Dat.
411 4808 574 4895 Lugduni,
597 4809 681 4875 Non.
705 4811 870 4895 Octobris,
894 4814 1071 4880 ann0V10.

815 4971 874 4978 ——-·
1351 4970 1760 4979 ..μη-...-

316 5065 341 5131 ⁸)
358 5067 427 5133 qnod
445 5066 513 5119 decet
530 5066 562 5118 12.
668 5067 694 5135 l’)
712 5071 794 5136 possit
811 5075 975 5141 supernos-ips.
1080 5076 1104 5142 ο)
1123 5077 1231 5128 salntem
1247 5076 1281 5128 ll.
1384 5073 1409 5139 d)
1427 5075 1588 5141 disciplinam
1605 5074 1637 5126 R.

206 5201 326 5271 quinque
350 5218 476 5271 raaenqns
497 5204 628 5270 frameati
652 5207 788 5275 masat,
814 5209 1003 5277 percipiendas
1027 5211 1109 5265 anna
1133 5211 1246 5281 nnana
1270 5211 1302 5265 de
1323 5210 1508 5280 mannanhun,
1538 5227 1606 5279 qnos
1632 5209 1736 5264 baberet
1757 5206 1907 5271 44άωὶ

209 5288 336 5344 Romam
358 5289 389 5342 in
412 5294 498 5343 castro
523 5290 668 5345 Troiam
692 5292 851 5361 Spoletanae
875 5295 997 5364 diocesim
1023 5298 1122 5367 Bcrpev
1143 5305 1209 5353 4530
1230 5303 1352 5365 414145,
1377 5297 1505 5364 afim&
1530 5296 1667 5365 Pottbast,
1693 5295 1758 5366 Ra.
1777 5299 1907 5367 no-

208 5383 298 5445 vasse,
318 5383 407 5431 43444.

312 5464 338 5530 1)
359 5462 567 5533 maaian
591 5482 685 5522 ema.
703 5468 752 5524 as.
769 5469 909 5541 mano.
947 5470 1123 5527 mansion
1146 5486 1231 5526 corno
1255 5469 1287 5524 a
1310 5469 1336 5524 s.
1359 5469 1408 5523 aa
1428 5469 1522 5524 anna
1544 5468 1662 5525 nmis
1685 5468 1907 5543 πψτη,

207 5554 318 5617 aaa,
336 5549 460 5619 nasas,
478 5551 632 5607 vinnan
652 5570 735 5610 m
753 5555 785 5610 a
801 5556 839 5621 s,
861 5563 937 5627 pan
960 5559 1025 5628 sn,
1048 5557 1206 5613 annom
1224 5556 1348 5612 ammi
1368 5556 1434 5626 rens
1450 5563 1563 5626 arses,
1581 5546 1907 5631 spensam&

209 5633 437 5708 nam-maer,
456 5638 508 5696 te.
526 5645 599 5696 saca
615 5645 640 5695 a
655 5649 727 5703 eon.
