4328 6232
200 329 263 392 526
755 321 806 378 ux
824 319 1042 378 mundanum
1061 321 1100 377 IV
1119 321 1300 378 auolsruo

202 497 423 576 Traiecteasis,
450 516 600 581 99999999
629 496 765 562 eiam
793 496 921 576 nobilis,
954 497 990 561 ia
1016 496 1196 563 Ootmricaai
1218 497 1389 582 prosim
1414 496 1452 562 de
1470 495 1661 578 marlotum
1685 494 1735 559 cel
1756 493 1868 577 dibni·

199 604 263 666 tote
283 605 415 667 vocante
434 601 608 683 provideat.
1524 599 1619 677 1249,
1642 597 1773 664 919914.

304 722 370 776 aa.
384 721 505 791 rrae.
523 721 584 777 99.
603 721 650 790 rr,
664 721 684 788 r.
697 727 738 790 ae,
754 737 783 775 a.
794 725 852 776 ao.

303 808 435 876 999999,
454 808 518 877 aa.
531 815 627 876 aaa·
644 809 743 878 aeae
760 814 835 863 4999.

345 1007 577 1115 ..abbati
604 1008 659 1080 de
686 1005 1005 1098 Middelburg¹
1032 1005 1504 1079 Premonstratensis
1531 1002 1722 1076 ordinis
1933 1029 1945 1066 s

743 1126 1075 1201 Traiectensis
1101 1125 1325 1200 diocesis,
1408 1125 1410 1130 ’
1923 1129 1926 1135 ’

312 1276 359 1341 Ut
386 1299 430 1342 ex
457 1275 647 1358 devotione,
679 1297 777 1363 quam
805 1276 943 1343 dilectus
972 1278 1060 1342 tilius
1089 1277 1211 1342 nobilis
1242 1277 1292 1341 vir
1319 1275 1363 1343 H.
1393 1275 1501 1339 dictus
1528 1273 1676 1353 Butl'elo,
1707 1271 1869 1338 nuntius²

205 1382 365 1446 carissimi
395 1383 428 1446 in
457 1379 586 1447 Christo
618 1381 676 1445 lilii
707 1383 810 1446 nostri
838 1431 875 1447 ..
905 1383 991 1467 regis
1019 1381 1244 1446 Romanorum
1272 1380 1422 1457 illustris,
1453 1378 1494 1443 ad
1525 1398 1585 1443 nos
1616 1385 1649 1442 et
1677 1376 1867 1441 Romanam

205 1486 376 1550 ecclesiam
401 1485 525 1550 habere
548 1485 736 1566 dinoscitur,
760 1491 826 1549 tam
852 1485 915 1550 sibi
932 1506 1029 1571 quam
1046 1486 1115 1550 suis
1132 1485 1329 1572 apostolicus
1345 1485 1438 1549 favor
1453 1488 1631 1562 accrescat,
1654 1480 1866 1560 mandamus,

206 1590 359 1673 quatinus
388 1588 509 1653 dilecto
539 1589 607 1653 filio
638 1588 758 1673 Egidio
792 1589 950 1654 canonico
982 1589 1123 1654 ecclesie
1154 1590 1253 1654 beate
1282 1587 1387 1652 Maria
1413 1584 1668 1664 Traiectcusia³,
1704 1606 1866 1672 germano
1921 1610 1945 1646 o

207 1692 353 1758 eiusdem
378 1692 508 1773 nobilis,
532 1693 564 1757 in
582 1690 768 1757 Coloniensi
791 1692 960 1778 provincia
983 1691 1025 1756 de
1048 1693 1158 1778 aliqua
1179 1691 1347 1778 prelatura
1362 1690 1416 1755 vel
1439 1689 1610 1775 dignitate,
1635 1690 1736 1755 etiam
1752 1709 1865 1753 euram

206 1797 388 1861 animarum
416 1796 574 1877 habente,
604 1816 700 1881 quam
729 1795 861 1860 duxerit
889 1795 1142 1881 acceptandam,
1173 1797 1201 1858 si
1228 1801 1325 1860 vacat
1353 1793 1395 1858 ad
1422 1814 1560 1880 presens
1588 1793 1642 1858 vel
1672 1813 1771 1878 quam
1802 1792 1866 1856 cito

207 1901 389 1980 vacaverit,
424 1900 622 1965 auctoritate
656 1906 769 1964 nostra
803 1897 976 1984 provideas
1007 1899 1060 1962 vel
1094 1897 1197 1962 facias
1232 1896 1398 1984 provideri
1427 1935 1466 1943 -
1495 1917 1560 1962 non
1595 1895 1807 1961 obstantibus
1838 1895 1865 1958 ai

207 2003 386 2068 direximus
408 2003 532 2069 ibidem
556 2005 679 2089 scripta
700 2008 813 2066 nostra
835 2023 894 2086 pro
918 2001 1001 2081 aliis,
1026 2001 1143 2086 quibus
1167 2008 1229 2066 etc.
1253 2021 1370 2084 usque:
1401 1999 1561 2085 generari,
1584 2021 1643 2065 seu
1667 1998 1754 2086 quod
1777 1996 1866 2061 idem

208 2106 245 2171 E.
270 2108 352 2171 alias
376 2107 592 2172 beneficiatus
616 2106 744 2183 existit,
776 2112 834 2169 aut
861 2105 1009 2192 qualibet
1032 2104 1121 2170 sedis
1145 2104 1327 2192 apostolice
1349 2102 1568 2189 indulgentia,
1598 2103 1640 2167 de
1671 2124 1738 2189 qua
1766 2122 1864 2188 opor-

207 2217 277 2275 teat
293 2217 356 2275 eto.
372 2231 490 2295 usque:
516 2211 713 2275 mentionem
728 2215 762 2272 et
777 2231 837 2296 per
854 2230 951 2294 quam
966 2209 1115 2296 impediri
1131 2215 1246 2295 posset
1262 2206 1448 2272 huiusmodi
1470 2208 1580 2292 gratia,
1591 2207 1645 2272 vel
1668 2206 1795 2271 differri
1811 2230 1865 2273 —;

209 2312 464 2378 contradictores
487 2319 551 2379 etc.

312 2432 389 2498 Dat.
413 2433 576 2519 Lugduni,
600 2431 670 2496 IIII
693 2431 777 2497 Non.
801 2429 890 2510 Maii,
914 2431 1090 2497 aunoV10.

834 2728 1246 2737 ...ψ--

999 3026 1085 3098 711.

316 3135 533 3229 Irrmcecrius
555 3163 580 3228 Ι
585 3163 613 3226 V
624 3184 715 3245 popo
739 3164 889 3229 dloncssc
911 3165 1021 3230 clerieo
1043 3165 1155 3231 Sancti
1169 3167 1318 3231 Andreae
1334 3166 1503 3248 Anagnini
1525 3167 1690 3248 confirruot
1711 3166 1869 3231 ecclesiam

213 3271 339 3333 sanetae
360 3267 493 3332 Mariae
515 3267 552 3332 dc
575 3266 713 3348 Septimo
735 3268 890 3332 territorii
914 3268 1089 3348 Ouscntiui,
1111 3290 1207 3351 quom
1225 3270 1341 3335 Petras
1362 3270 1465 3334 dictas
1484 3269 1663 3335 occeanus
1684 3271 1870 3354 capellanus

208 3392 315 3457 papae
351 3372 415 3453 ipsi
451 3371 632 3449 contulerit,
665 3360 735 3435 'noa
773 3372 912 3437 obstante
945 3373 974 3435 si
1002 3393 1064 3453 per
1096 3373 1334 3459 Flridcricum]
1366 3373 1524 3455 quondam
1556 3374 1778 3454 imperatorem
1813 3373 1874 3436 otii

213 3476 327 3540 collato
349 3475 400 3541 sit.
1538 3479 1631 3555 1249,
1654 3478 1738 3543 Mar.
1756 3482 1786 3544 6.

319 3596 382 3649 Ina.
396 3594 417 3647 1
420 3594 446 3649 V
463 3593 526 3663 Ray.
545 3593 608 3647 Iab.
624 3592 671 3661 VI,
688 3593 765 3661 f.43,
781 3609 809 3648 a.
823 3601 878 3648 497.

319 3681 448 3748 Paua,
468 3681 532 3750 aa.
548 3686 639 3747 136235
657 3681 756 3750 Beryer
769 3687 843 3736 4487.

354 3876 570 3951 Manasse
598 3876 780 3950 clerico
809 3875 1018 3950 ecclesie
1045 3878 1204 3952 saneti
1230 3878 1425 3954 Andree
1451 3879 1734 3973 Anagnine⁸.

324 4023 504 4091 Personam
526 4031 617 4091 tuam
640 4026 771 4091 sincera
794 4024 970 4110 diligentes
993 4026 1027 4089 iu
1050 4024 1191 4091 Domino
1216 4028 1369 4104 caritate,
1400 4027 1545 4093 libenter
1567 4028 1632 4092 tuis
1661 4029 1877 4114 petitionibus

218 4130 396 4215 benignum
425 4130 675 4196 accomodamus
704 4128 867 4207 auditum,
899 4150 956 4194 eas
985 4130 1143 4217 precipue
1172 4131 1213 4196 ad
1243 4130 1462 4197 exauditionis
1490 4132 1630 4218 gratiam
1659 4131 1878 4209 admittendo,

219 4255 283 4320 que
310 4241 402 4299 tuum
433 4234 589 4299 honorem
620 4241 654 4298 ct
685 4232 856 4298 comodum
889 4234 1055 4319 respicere
1086 4235 1306 4301 dinoscuntur.
1357 4234 1438 4300 Oum
1470 4235 1581 4322 itaque
1617 4236 1760 4303 dilectus
1792 4237 1878 4303 filius

219 4339 338 4402 Petrus
361 4336 467 4403 dictus
483 4336 665 4403 Gaietanus
688 4337 879 4424 capellanus
902 4344 1014 4402 noster
1037 4337 1211 4403 ecclesiam
1236 4344 1348 4404 sancte
1371 4337 1476 4404 Maria
1500 4338 1542 4406 de
1566 4339 1715 4426 Septimo
1736 4343 1877 4428 positam

220 4441 253 4504 iu
277 4441 435 4505 territorio
452 4439 646 4522 Ousentino,
670 4461 733 4526 quc
756 4440 797 4506 de
822 4441 892 4505 iure
916 4441 1063 4522 vacabat,
1087 4442 1127 4506 de
1151 4442 1287 4529 speciali
1309 4443 1462 4507 mandato
1485 4450 1597 4509 nostro
1612 4443 1672 4508 tibi
1688 4445 1877 4521 contulerit,

220 4551 316 4630 prout
338 4544 372 4608 in
394 4545 498 4631 ipsius
520 4546 639 4612 litteris
663 4545 739 4611 inde
762 4545 920 4611 conlectis
944 4544 1073 4633 plenius
1102 4547 1300 4612 continetur:
1332 4569 1409 4627 nos,
1440 4549 1504 4612 tuis
1533 4548 1688 4634 precibus
1719 4548 1879 4624 inclinati,

222 4647 430 4714 collationem
453 4649 639 4716 huiusmodi
662 4654 789 4736 gratam
813 4655 846 4714 et
869 4654 973 4714 ratam
997 4648 1169 4730 habentes,
1193 4671 1266 4716 eam
1284 4687 1324 4697 —
1341 4671 1404 4715 non
1428 4651 1581 4717 obstante
1604 4651 1633 4716 si
1650 4652 1796 4717 ecclesia
1810 4653 1879 4738 ipsa

221 4772 281 4836 per
308 4751 346 4818 F.
375 4752 538 4838 quondam
568 4753 798 4839 imperatorem
828 4754 879 4817 vel
914 4774 973 4839 per
1007 4752 1164 4817 officiales
1201 4775 1278 4818 suos
1309 4754 1364 4818 alii
1401 4754 1443 4818 sit
1475 4754 1595 4820 collata
1621 4792 1655 4800 —
1682 4757 1878 4821 auctoritate

222 4856 404 4941 apostolica
426 4857 656 4922 confirmamus
679 4863 713 4922 et
735 4858 900 4943 presentis
917 4856 1032 4943 scripti
1047 4858 1228 4944 patrocinio
1244 4859 1491 4939 commuuimus,
1516 4859 1733 4925 decernentes
1754 4860 1879 4926 irritum

326 5117 351 5183 a)
368 5118 491 5186 Anaua
509 5118 542 5171 9.

328 5255 355 5321 1)
372 5253 417 5308 De
434 5252 524 5308 edem
541 5254 573 5320 cf.
586 5253 818 5324 Borma-Fare,
837 5256 854 5310 1.
867 5272 889 5310 c.
901 5264 974 5324 4999,
985 5263 1059 5326 4999,
1072 5262 1148 5324 reos,
1165 5264 1241 5326 4994,
1258 5264 1332 5311 4994.
1420 5255 1447 5319 9)
1467 5255 1526 5312 soc
1542 5255 1632 5312 aden
1649 5258 1694 5312 ate
1706 5275 1785 5328 papa
1801 5259 1881 5313 duaa

224 5340 314 5394 abbati
330 5340 434 5394 intuitu
445 5340 484 5394 Η.
501 5339 565 5394 dicti
577 5343 706 5411 ’19999ῖῆ
725 5343 836 5397 ‘militia’
853 5343 922 5412 repra
935 5344 1129 5411 1499999999,
1147 5343 1268 5411 modat,
1286 5349 1318 5397 ut
1330 5343 1443 5398 Nrcotoo
1459 5343 1494 5397 de
1507 5343 1710 5400 uramara
1725 5345 1773 5414 [aa
1789 5346 1881 5400 inacta

226 5426 384 5498 BeretondJ,
411 5426 530 5480 Iclronai
553 5425 584 5479 de
600 5426 757 5483 9499999999
780 5429 826 5498 [in
846 5430 940 5485 insula
960 5429 1077 5501 moon]
1098 5434 1124 5483 et
1148 5429 1244 5483 Iacobo
1264 5429 1323 5496 filio
1339 5428 1378 5489 Η.
1395 5429 1545 5499 ‘neman
1567 5431 1778 5501 mammeri-r
1799 5433 1883 5501 nnius

225 5515 329 5583 999944,
347 5512 380 5568 de
396 5513 523 5581 benficiis
539 5514 728 5584 eoeloetadicie,
746 5533 816 5586 9999
834 5516 1000 5586 coemenda
1018 5516 1151 5581 damen,
1169 5517 1200 5571 in
1217 5515 1314 5570 diocesi
1335 5516 1498 5571 braama
1509 5515 1665 5586 fumidum·
1682 5517 1786 5587 Barca
1802 5524 1884 5577 4621:

227 5597 359 5666 Pontica,
378 5599 542 5668 19949994.
573 5598 612 5667 Cf.
630 5601 710 5654 eam
728 5602 961 5672 nomm-Fora,
979 5602 997 5658 l.
1009 5619 1031 5658 e.
1049 5609 1125 5672 4908,
1141 5609 1216 5672 4990,
1234 5610 1306 5658 4991.
1392 5604 1421 5670 3)
1439 5602 1483 5658 De
1500 5602 1589 5658 eodm
1605 5603 1644 5671 of.
1660 5620 1690 5659 a.
1702 5612 1761 5661 0⁹⁹.
