4734 6334
853 417 1053 476 EPISTULAM
1071 421 1264 480 SELMCTAE.
1302 423 1377 478 lato.

1049 681 1177 748 XVIII.

392 776 611 872 Innocentius
637 809 694 872 IV
714 831 801 893 papa
829 812 926 876 eidam
953 817 1135 894 potestatem
1169 817 1304 881 concedit
1337 816 1483 898 camerarii
1515 815 1690 879 subsidium
1722 815 1763 878 ali
1796 814 1941 879 caulibus

285 914 376 992 reperi
396 911 526 976 Siciliae
553 915 617 976 tani
644 913 680 976 in
709 913 803 978 terris
826 914 991 997 apollonis
1013 933 1089 982 sarae
1110 939 1204 1000 qnam
1227 918 1264 982 in
1290 919 1468 1000 Carnpania
1490 923 1519 982 ot
1541 916 1712 981 Maritima
1734 919 1782 982 ecl
1803 917 1839 981 in
1860 917 1941 984 Urbe

286 1013 490 1078 irrorantibus.
1460 1022 1553 1098 1249,
1576 1022 1658 1102 Apr.
1673 1019 1853 1106 [15-17J.

389 1134 452 1186 Inn.
467 1133 515 1187 IV
531 1133 676 1202 Raphia
696 1135 1001 1204 vinnacensi.

390 1220 518 1288 Mina,
537 1220 601 1289 aa.
615 1227 706 1288 aaran
724 1223 822 1292 Bnpcr
839 1232 912 1281 4716.

1028 1318 1200 1394 Eidem.

394 1460 476 1525 Oum
500 1469 533 1527 te
557 1484 623 1549 -pro
651 1466 781 1549 negotio
811 1466 903 1549 regni
928 1465 1038 1529 Sicilie
1061 1472 1124 1530 etc.
1154 1473 1191 1530 ut
1221 1487 1321 1551 supra
1350 1487 1468 1551 usque:
1500 1466 1635 1551 potiori,
1667 1463 1854 1529 discretioni
1883 1472 1938 1528 tue
1999 1513 2004 1530 .

286 1565 440 1649 exigendi
468 1565 509 1629 ab
540 1567 691 1632 exulibus
721 1569 869 1633 eiusdem
894 1570 1001 1654 regni.
1035 1575 1100 1632 tam
1129 1571 1161 1633 ln
1187 1570 1282 1634 terris
1307 1576 1362 1633 tue
1385 1570 1559 1654 legationis
1583 1589 1680 1654 quam
1704 1569 1735 1630 in
1760 1567 1939 1652 Campania

287 1675 322 1734 et
336 1668 501 1733 Maritima
517 1670 596 1734 etin
611 1670 700 1736 Urbe
717 1672 929 1752 morantibus,
954 1673 1135 1737 subsidium
1158 1694 1217 1760 pro
1241 1672 1355 1738 eedem
1380 1674 1601 1759 promovendo
1625 1673 1770 1758 negotio,
1795 1673 1938 1757 ipsorum

287 1772 499 1837 facultatibus
523 1773 662 1840 discrete
686 1777 833 1860 pensatis
857 1784 918 1842 etc.
944 1783 980 1842 ut
1003 1799 1102 1864 supra
1124 1797 1228 1862 usque
1252 1778 1284 1842 in
1308 1778 1405 1842 linem
1419 1779 1439 1842 ¹.

1063 2036 1156 2100 XIX.

391 2132 608 2228 Incromnlins
630 2163 684 2227 IV
702 2182 791 2244 papa
813 2164 942 2251 P[etro]
964 2165 1125 2231 cardinali
1147 2166 1246 2246 Iapeto
1276 2165 1310 2228 in
1335 2163 1525 2245 Ounrpania,
1548 2147 1728 2240 Maritima,
1751 2161 1887 2228 Sardinia
1910 2165 1939 2224 ct

286 2263 454 2341 Romania,
482 2263 661 2342 Portncnsi,
685 2266 878 2346 Velletrensi,
903 2269 1089 2334 Peccestrinn
1112 2271 1141 2333 ot
1164 2267 1302 2333 Iicalirra
1324 2267 1503 2332 ciuitatibus
1523 2271 1552 2330 ct
1573 2265 1744 2330 (linearibus
1765 2286 1803 2328 aa·
1825 2263 1940 2330 Salla-

286 2368 378 2446 ccnsi,
401 2367 558 2453 Fanensi
579 2374 608 2433 ct
631 2370 743 2435 Sancti
765 2371 943 2437 Salvatoris
964 2371 1002 2436 dc
1024 2373 1122 2438 Reate
1144 2371 1281 2438 abbatiis
1303 2370 1469 2456 tonationis
1490 2370 1631 2454 ostitiarii
1652 2369 1820 2432 corrrmittit.

1460 2475 1553 2552 1249,
1576 2474 1656 2556 Apr.
1671 2472 1851 2558 [ro-17}

390 2558 452 2612 Ince.
467 2558 514 2612 IV
531 2559 593 2627 Ilcp.
613 2557 675 2614 Ino.
696 2559 742 2628 VI,
758 2561 830 2628 1171,
848 2577 905 2614 car.
923 2578 951 2614 n.
963 2569 1004 2616 36.

390 2643 519 2712 Pottlrast,
540 2645 602 2714 Ray.
616 2652 710 2716 132875
727 2647 830 2715 Barnea
847 2655 921 2702 4697.

376 2823 417 2896 Ρ.
445 2825 605 2898 Sancti
634 2823 825 2918 Georgii
853 2828 907 2900 ad
927 2827 1083 2900 Velunr
1110 2827 1316 2900 Aureum
1346 2825 1566 2914 [diacono
1595 2823 1848 2911 cardinali,

786 2949 1060 3040 apostolice
1087 2947 1215 3022 sedis
1241 2945 1446 3040 legato]⁸.

394 3094 440 3158 Ut
469 3117 523 3176 ea,
555 3116 618 3182 quc
647 3097 705 3160 tibi
734 3098 971 3177 commisimus,
1003 3098 1172 3163 semodius
1203 3097 1390 3182 exequaris,
1423 3096 1625 3182 presentium
1653 3095 1712 3159 tibi
1742 3093 1939 3158 auctoritate

287 3195 504 3275 concedimus,
536 3207 572 3264 ut
599 3201 632 3264 in
656 3199 848 3286 Campania,
875 3202 1050 3278 Maritima,
1083 3200 1220 3266 Sabinia
1243 3207 1277 3267 et
1300 3199 1495 3278 nonenim,
1522 3197 1706 3278 Portuenai,
1727 3195 1938 3271 Velletrensi,

286 3298 481 3365 Penestrina
515 3308 548 3366 ct
574 3302 719 3368 Reatina
752 3305 941 3370 civitatibus
976 3313 1010 3370 et
1043 3304 1230 3370 diocesibus
1265 3326 1303 3369 ac
1336 3303 1545 3381 Sublacensi,
1579 3302 1731 3367 Fariensi
1765 3307 1799 3364 at
1828 3300 1940 3364 Sancti

287 3403 467 3470 Salvatoris
497 3406 539 3471 de
563 3406 669 3472 Reate
701 3408 841 3473 abbatiis
872 3399 1068 3495 caiumquel
1098 3409 1194 3474 terris
1223 3415 1257 3473 et
1285 3407 1493 3493 pertinentiis
1523 3428 1561 3470 ac
1593 3405 1666 3471 aliis
1697 3403 1844 3491 partibus
1876 3401 1939 3466 hiis

284 3501 510 3574 adiacentibus
533 3511 711 3596 legationis
735 3513 877 3578 cilicium
902 3514 1013 3580 valeas
1038 3535 1209 3588 exerceam
1233 3512 1490 3578 contradictores
1514 3518 1576 3577 etc.

394 3629 468 3696 Dat.
493 3638 529 3696 ut
550 3634 679 3719 supral.

1075 3789 1150 3857 XX.

207 3931 232 3970 2⁵
396 3885 610 3982 lcocaocantins
623 3919 677 3984 IV
683 3941 775 4000 papa
789 3921 947 4001 lintribus
962 3921 1094 3986 rniliticw
1112 3919 1232 4002 Templi
1242 3940 1302 4001 pm
1319 3917 1473 3996 Tusciam,
1495 3923 1596 3982 terras
1610 3917 1753 3982 777ῑωὶ777·
1768 3919 1797 3979 ct
1811 3935 1940 3996 roprrrnn

287 4017 417 4082 Siciliae
440 4020 616 4086 constitutis
637 4023 783 4102 mandat,
806 4027 841 4088 nt
863 4022 994 4111 P[atro]
1016 4023 1176 4090 cardinali
1199 4023 1310 4106 lapisto,
1333 4043 1395 4102 pro
1417 4021 1537 4104 scopatio
1557 4020 1714 4104 pannulis
1735 4018 1877 4084 ecclcsiae
1899 4015 1942 4080 acl

280 4122 392 4200 parles
412 4121 553 4200 ipsoram
573 4124 736 4201 destinato,
758 4145 927 4210 ancyrana
949 4128 1123 4194 subsidiani
1143 4127 1318 4192 inhibeant.
1588 4125 1682 4202 1249,
1705 4123 1785 4202 Apr.
1803 4125 1854 4187 17.

391 4239 456 4293 Inn.
469 4240 517 4294 IV
532 4242 596 4311 ch.
613 4243 673 4298 Lrlr.
691 4244 739 4312 VI,
755 4245 775 4310 s.
791 4253 827 4314 72,
846 4263 873 4299 n.
886 4255 927 4301 45.

392 4325 519 4396 monast,
539 4329 604 4400 Rip.
619 4337 711 4396 rama·
728 4330 826 4401 Respo
841 4339 916 4387 aros.

209 4535 235 4573 n
311 4503 548 4580 Fratribus
574 4508 730 4584 militie
757 4509 928 4603 Templi
954 4532 1032 4602 per
1057 4511 1279 4600 Tusciam,
1310 4509 1550 4584 marchiam
1578 4506 1917 4592 Anconitanam,

404 4627 611 4700 ducatum
640 4629 826 4722 Spoleti,
854 4631 1169 4706 Patrimonium
1195 4631 1312 4705 beati
1338 4627 1490 4716 Petri⁴,
1518 4625 1817 4718 Campaniam,

440 4747 718 4840 Maritimam,
748 4753 1023 4827 Rornaniam³
1053 4758 1096 4827 et
1122 4773 1306 4845 regnum
1333 4749 1481 4824 Sicilie
1510 4746 1784 4822 constitutis,

395 4895 478 4962 Cum
510 4896 666 4963 dilectum
696 4901 797 4965 lilium
829 4910 976 4968 nostrum
1005 4903 1041 4966 P.
1067 4903 1180 4967 Sancti
1208 4901 1343 4986 Georgii
1373 4899 1414 4964 ad
1438 4899 1560 4964 Velurn
1588 4897 1734 4962 Aureum
1766 4894 1939 4960 diaconum

287 4998 500 5082 cardinalem,
531 5003 712 5087 apostolice
742 5005 829 5070 sedis
857 5006 1016 5091 legatum,
1048 5006 1089 5071 ad
1121 5013 1232 5093 partes
1256 5010 1384 5069 vestras
1415 5023 1472 5088 pro
1495 5000 1628 5086 negotio
1651 4999 1752 5063 totius
1775 4998 1939 5084 generalis

210 5242 236 5280 aa
392 5227 416 5292 ⁸)
434 5229 549 5280 Aureum
568 5237 616 5282 etc.
629 5229 661 5280 a.
766 5230 791 5296 b)
808 5248 948 5298 eorumque
965 5232 997 5283 B.

391 5346 418 5412 l)
436 5345 478 5399 Da
500 5350 566 5400 nota
588 5346 704 5403 carnot.
727 5349 759 5414 cs.
773 5366 804 5417 p.
819 5356 881 5416 496,
904 5354 959 5404 not.
974 5357 998 5405 3.
1101 5350 1129 5414 2)
1149 5348 1188 5414 of.
1203 5365 1233 5416 p.
1247 5357 1310 5410 494,
1334 5353 1389 5402 aiot.
1402 5357 1425 5401 4.
1463 5346 1601 5402 Rmnania
1619 5344 1756 5399 ‘Tusciam
1780 5343 1940 5398 Ronmnunr’

285 5433 323 5486 cal
340 5431 552 5486 ‘Patricnoniam
573 5433 642 5487 lami
659 5436 743 5489 Petri'
760 5436 799 5488 ccl
816 5435 936 5489 ‘Patrem
954 5436 977 5490 t.
997 5437 1030 5490 P.
1052 5438 1083 5489 in
1104 5435 1213 5489 Tascia’
1234 5433 1382 5502 n'pnificarc
1406 5451 1461 5486 raon
1478 5437 1576 5500 protem
1603 5447 1667 5484 nam
1688 5430 1720 5483 in
1744 5447 1772 5485 n.
1787 5429 1850 5483 XX
1870 5429 1941 5484 dnae

284 5515 333 5570 lnrc
350 5523 436 5572 terrm
452 5517 655 5589 discernentem
672 5521 704 5588 cs.
722 5521 801 5575 ctiam
818 5539 845 5576 n.
861 5520 942 5577 XVI.
1023 5523 1051 5589 3)
1068 5521 1192 5590 Epistola
1206 5525 1267 5589 post
1284 5537 1311 5573 n.
1327 5519 1399 5585 XII,
1421 5517 1510 5586 XIII,
1531 5516 1630 5570 XVII
1643 5521 1668 5570 ct
1683 5515 1803 5583 XVIII,
1822 5518 1890 5584 Apr.
1904 5525 1941 5582 m,

284 5609 347 5658 ante
363 5621 392 5660 n.
407 5604 481 5671 XX,
500 5606 567 5675 Apr.
585 5615 622 5675 17,
646 5608 745 5677 somma
765 5614 810 5663 cot.
896 5610 924 5677 4)
944 5607 1004 5663 Scit.
1027 5609 1058 5661 in
1079 5607 1187 5662 Titania.
1275 5607 1302 5673 ir)
1321 5605 1345 5660 1.
1362 5621 1382 5658 a
1402 5603 1559 5668 Sabiniani,
1582 5601 1655 5656 alins
1676 5601 1747 5656 eninr
1768 5602 1848 5655 etiarn
1869 5601 1941 5657 nanc

208 5707 234 5746 co
286 5691 595 5762 meermannianam
611 5693 697 5760 sanae
713 5693 859 5763 crodinnn,¹
875 5695 909 5762 cs.
928 5699 982 5749 not.
994 5701 1018 5750 2.
1348 5735 1351 5740 -

390 5787 455 5842 Rae.
469 5787 550 5844 Ponr.
563 5787 599 5844 11.
1700 5785 1734 5840 63
