4784 6334
867 405 1067 468 nrls'rotnu
1086 407 1275 470 SELEC'PAE.
1311 409 1388 468 1248.
1879 411 1941 480 363

300 585 416 668 nensis,
436 589 600 670 postauam
622 582 783 652 Hearicns
804 585 962 668 quondam
983 592 1081 652 rector
1101 609 1123 653 a
1137 585 1269 673 Pletro]
1283 587 1443 652 cardinali
1464 586 1562 670 inuata
1584 607 1621 651 en
1637 583 1786 670 privatae
1807 586 1861 664 sit,
1884 585 1945 650 sibi

300 693 446 758 canonice
467 691 640 756 contulerit.
1565 692 1658 769 1248,
1680 689 1782 757 Mart.
1806 690 1857 754 15.

404 810 468 952 pm.
485 809 533 864 VV
548 809 612 880 nn.
631 808 687 864 Vn.
705 809 730 878 n
747 815 808 876 aa·
826 807 886 863 nn.
902 808 934 878 V,
956 815 1008 866 na
1043 811 1195 880 mann
1211 827 1244 866 a
1262 811 1378 880 naneae
1394 810 1529 879 annena
1547 809 1576 864 V.
1596 809 1636 864 cz.
1655 809 1685 865 c.
1704 808 1736 865 a
1754 809 1845 864 rane.

432 913 502 966 aaa
518 903 592 952 arce.

737 1041 966 1116 Bertoldo
994 1043 1048 1115 de
1075 1041 1289 1136 Ortingen
1316 1043 1506 1118 clerico.

405 1194 538 1259 Sincere
562 1192 746 1258 devotionis
773 1193 926 1272 affectus,
955 1213 1052 1277 quem
1081 1191 1122 1256 ad
1150 1214 1209 1258 nos
1239 1200 1273 1258 et
1301 1193 1484 1260 Romanam
1507 1194 1680 1259 ecclesiam
1703 1193 1826 1258 habere
1851 1191 1942 1256 dino-

301 1299 417 1380 sceris,
440 1319 499 1362 nos
523 1297 662 1376 inducit,
685 1301 722 1360 ut
745 1296 825 1360 tibi·
846 1297 992 1362 savorem
1015 1303 1048 1362 et
1070 1296 1220 1382 gratiam,
1243 1304 1400 1382 quantum
1423 1318 1496 1362 cum
1515 1297 1587 1362 Deo
1610 1318 1795 1384 possumus,
1818 1296 1942 1380 impen-

301 1403 425 1467 damus.
471 1399 553 1466 Oum
576 1400 686 1485 igitur,
710 1401 795 1465 sicut
816 1405 872 1465 tua
894 1400 1011 1485 petitio
1026 1401 1119 1466 nobis
1136 1400 1287 1466 exhibita
1301 1400 1500 1483 continebat,
1519 1400 1657 1466 dilectus
1672 1400 1757 1465 filius
1782 1449 1814 1464 ..
1839 1399 1943 1464 abbas

302 1505 492 1572 monasterii
515 1502 811 1590 campidonensis¹
841 1503 961 1568 ordinis
995 1505 1099 1569 saneti
1125 1497 1294 1569 Benedicti
1316 1503 1575 1570 Constantianam
1604 1504 1744 1570 diocesis
1771 1509 1944 1567 vacantem

303 1610 477 1676 ecclesiam
506 1607 547 1673 de
570 1607 657 1674 Rota
686 1629 758 1672 cum
787 1607 854 1672 suis
884 1607 1103 1693 pertinentiis,
1138 1628 1203 1692 qua
1234 1607 1397 1672 Henricus
1425 1607 1588 1693 quondam
1618 1613 1724 1672 rector
1751 1607 1854 1692 ipsius
1884 1605 1946 1668 luit

302 1712 510 1801 exigentibus
544 1711 649 1798 culpis
682 1712 750 1776 suis
786 1712 979 1777 auctoritate
1013 1711 1124 1776 dilecti
1159 1711 1218 1776 filii
1249 1713 1353 1778 nostri
1387 1712 1425 1779 P.
1456 1711 1567 1776 Sancti
1600 1710 1735 1795 Georgii
1763 1709 1803 1774 ad
1826 1708 1945 1773 Velum

302 1819 449 1884 Aureum
472 1815 602 1882 diaconi
625 1815 815 1898 cardinalis,
839 1815 1019 1901 apostolice
1042 1813 1130 1880 sedis
1153 1815 1270 1900 legati,
1293 1816 1454 1902 privatus,
1478 1815 1553 1896 tibi,
1584 1821 1681 1901 prout
1708 1812 1881 1901 spectabat
1904 1811 1945 1876 ad

302 1942 392 2004 eum,
421 1921 577 1985 canonice
605 1919 813 1984 contulisset:
847 1939 922 1997 nos,
956 1924 1023 1982 tam
1057 1917 1121 1982 tuis
1154 1918 1306 2003 precibus
1339 1938 1437 2005 quam
1468 1919 1727 1984 consideratione
1751 1917 1946 1982 dilectorum

301 2024 440 2089 filiorum
467 2023 626 2088 nobilium
652 2022 794 2086 Virorum
824 2019 863 2088 Ε.
887 2020 928 2087 de
956 2019 1118 2086 Eichem²
1140 2027 1172 2084 et
1193 2019 1233 2085 Ε.
1255 2021 1323 2087 nati
1345 2023 1412 2105 sui,
1443 2023 1544 2087 nostri
1572 2043 1610 2086 ae
1633 2022 1779 2086 Romane
1804 2019 1945 2085 ecclesie

301 2126 527 2208 devotornm³,
550 2145 685 2210 quorum
709 2125 823 2188 existis
846 2123 1002 2205 notarius,
1024 2145 1084 2210 pro
1106 2132 1140 2189 ta
1157 2125 1410 2212 supplicantium
1425 2126 1519 2191 nobis
1536 2125 1668 2206 inducti,
1685 2123 1768 2211 quod
1792 2145 1943 2210 asupra-

300 2231 387 2296 dieto
410 2230 532 2295 abbate
556 2228 690 2316 provide
712 2229 835 2294 iactum
858 2231 925 2306 est,
947 2234 1076 2313 gratum
1099 2235 1132 2292 et
1159 2235 1265 2292 ratum
1288 2229 1466 2310 habentes,
1489 2228 1522 2293 id
1545 2229 1740 2294 auctoritate
1763 2227 1945 2315 apostolica

301 2333 528 2398 confirmamus
551 2339 585 2397 et
606 2334 768 2420 presentis
791 2332 903 2418 scripti
926 2332 1106 2418 patrocinio
1129 2333 1375 2399 communimus.
1419 2332 1509 2397 Nulli
1533 2353 1610 2417 ergo
1635 2337 1696 2398 etc.

404 2454 483 2521 Dat.
505 2454 669 2539 Lugduni,
691 2453 806 2518 Idibus
829 2452 924 2520 Mart.
948 2475 1033 2519 anno
1048 2453 1104 2519 V0.

1079 3013 1167 3088 517.

404 3131 622 3224 Inacoeatins
643 3156 667 3221 1
670 3155 700 3222 V
714 3175 804 3240 papa
836 3153 953 3220 decano
984 3159 1014 3218 ct
1045 3155 1183 3237 capitulo
1213 3153 1506 3238 Oambarpeasibns
1531 3153 1575 3220 nd
1595 3174 1703 3238 preces
1729 3152 1949 3239 [Eripelberti]

301 3263 436 3348 episcopi
465 3259 715 3343 centurpennis
746 3263 776 3324 et
804 3258 926 3324 Ottcois
957 3259 995 3324 dc
1029 3259 1240 3342 Tetelcnbarp
1267 3263 1296 3324 ct
1323 3259 1457 3324 Hearici
1483 3258 1520 3323 de
1546 3259 1730 3340 Aldcnburg
1756 3260 1899 3324 cmoitnm
1920 3263 1949 3322 et

305 3366 459 3436 chliclcli
490 3365 527 3430 de
555 3365 664 3445 Helle,
695 3363 870 3429 macrum
898 3364 1057 3443 melenae,
1089 3364 1237 3442 mandat,
1267 3368 1303 3428 ut
1327 3362 1497 3430 Wcscelum
1529 3362 1673 3428 ebriam
1702 3363 1740 3426 in
1765 3363 1948 3428 anconam

300 3472 465 3553 recipiant.
1566 3468 1660 3545 1218,
1681 3465 1784 3531 Mart.
1809 3469 1861 3530 16.

403 3590 468 3645 ran.
488 3589 536 3644 1V
551 3589 615 3658 aa.
639 3589 694 3644 Vn
712 3587 738 3654 1,
756 3595 817 3652 nn·
836 3585 898 3643 na.
916 3587 946 3655 V,
964 3593 1019 3644 cca
1055 3587 1207 3656 mann
1223 3602 1257 3642 a
1275 3585 1393 3655 nana
1409 3585 1545 3655 caspe
1562 3584 1592 3640 V.
1611 3585 1651 3640 cz.
1672 3585 1702 3640 c.
1719 3585 1750 3640 a
1769 3584 1861 3640 Vana

404 3679 501 3747 Bana
517 3683 587 3732 ano.

595 3875 635 3893 ..
663 3819 838 3892 decano
865 3821 908 3892 et
935 3817 1153 3911 capitulo
1181 3816 1658 3912 Osnaburgensibus.

404 3971 538 4038 Sincere
573 3968 754 4034 devotionis
787 3969 940 4050 affectus,
974 3988 1071 4054 quem
1105 3969 1300 4033 venerabilis
1334 3969 1435 4034 frater
1470 3975 1583 4034 noster
1614 4018 1650 4035 ..
1680 3966 1947 4054 Osnaburgensis

301 4079 474 4165 episcopus
497 4080 531 4139 et
551 4071 662 4138 dilecti
684 4072 741 4136 filii
764 4071 893 4136 nobiles
916 4071 977 4136 viri
993 4071 1075 4137 Octo
1099 4071 1140 4138 de
1163 4072 1462 4159 ThekcneburgM,
1485 4072 1651 4139 Hernicus
1674 4073 1715 4137 de
1738 4070 1948 4157 Aldeburg⁰⁵

301 4181 436 4246 comites
459 4185 493 4243 et
511 4173 702 4241 Wicholdus
726 4173 766 4240 de
790 4173 912 4240 Holte⁶
935 4174 976 4239 ad
998 4195 1175 4261 personam
1198 4183 1340 4242 nostram
1365 4184 1398 4243 et
1413 4177 1594 4242 Romanam
1618 4182 1737 4262 gerunt
1759 4176 1946 4255 ecclesiam,

300 4306 360 4350 nos
383 4281 515 4362 inducit,
536 4285 573 4343 ut
596 4299 709 4344 comm
730 4278 898 4364 precibus,
922 4277 1102 4362 quantumd
1125 4299 1199 4344 cum
1221 4279 1293 4346 Deo
1316 4301 1508 4367 possumus,
1536 4300 1726 4347 annuamus.
1773 4278 1860 4344 Hinc
1884 4283 1944 4358 est,

302 4388 388 4475 quod
409 4406 480 4466 nos,
504 4384 649 4469 ipsorum
672 4381 964 4468 supplicationibus
985 4382 1140 4464 inclinati,
1161 4384 1405 4450 universitatem
1420 4391 1564 4450 vestram
1588 4405 1769 4465 monemus,
1792 4401 1946 4466 rogamus

301 4497 334 4557 et
356 4491 525 4555 hortamur
547 4491 688 4566 attente,
712 4483 904 4550 mandantes
932 4485 1083 4570 quatinus
1106 4484 1262 4552 dilectum
1289 4488 1391 4552 filium
1406 4486 1598 4553 Wescelum
1626 4487 1796 4566 clericum,
1820 4484 1945 4548 nullum

300 4601 337 4659 ut
362 4591 480 4658 asserit
507 4589 766 4655 ecclesiasticum
794 4587 990 4654 beneficium
1019 4595 1220 4670 assecutum,
1253 4589 1294 4656 de
1323 4611 1387 4676 quo
1418 4589 1510 4656 nobis
1532 4589 1697 4655 laudabile
1719 4587 1946 4655 testimonium

299 4696 505 4787 perhibetur,
535 4694 577 4758 ob
604 4691 821 4758 reverentiam
844 4691 1022 4780 apostolica
1053 4690 1141 4756 sedis
1172 4699 1205 4757 et
1233 4700 1377 4759 nostram
1399 4693 1563 4781 recipiatis
1588 4694 1621 4759 in
1644 4692 1835 4758 canonicum
1858 4691 1947 4755 etin

299 4803 443 4884 tratrem,
475 4796 691 4886 prebendam,
728 4817 826 4884 quam
863 4795 926 4861 cito
965 4816 1002 4861 se
1035 4795 1175 4862 facultas
1208 4796 1378 4880 obtulerit,
1417 4797 1481 4863 sibi
1517 4797 1697 4864 liberaliter
1732 4797 1947 4878 conferentes,

403 5059 428 5128 ⁸)
446 5067 571 5128 qnantum
589 5075 648 5111 cnm
665 5060 721 5111 Deo
739 5074 875 5126 possumus
892 5057 968 5108 ctiam
985 5057 1032 5109 boc
1049 5058 1104 5110 loeo
1121 5058 1241 5123 sennim.
1337 5055 1363 5124 b)
1381 5058 1575 5126 Tbckanebuig
1592 5057 1625 5110 B.
1725 5057 1747 5123 ⁰)
1763 5053 1896 5123 Aldebnig
1909 5055 1941 5105 ll.

302 5145 328 5216 d)
347 5153 430 5216 quatu
448 5149 480 5204 R.

404 5265 430 5332 1)
449 5264 575 5319 Fortasse
600 5263 641 5317 tic
666 5261 735 5318 idea
761 5261 842 5316 abbas
872 5260 963 5330 camp.
987 5261 1054 5330 fnit,
1080 5260 1128 5330 qni
1154 5279 1180 5316 a.
1200 5267 1278 5330 1246,
1300 5261 1357 5318 Iul.
1376 5268 1408 5318 26
1433 5261 1674 5318 mammaeam
1699 5266 1724 5316 ct
1746 5277 1891 5330 samanae
1911 5258 1949 5312 ad

300 5349 386 5406 necea
410 5351 579 5420 apostolicam
603 5349 700 5404 datus
725 5353 782 5402 crat
808 5349 857 5418 [cs.
871 5365 901 5417 p.
920 5355 977 5416 162,
993 5354 1049 5402 aot.
1067 5349 1106 5418 a),
1127 5349 1182 5403 scil.
1200 5348 1393 5404 Hastmannua
1410 5349 1472 5417 lII;
1494 5349 1525 5416 cl
1545 5349 1636 5404 Gallia
1655 5349 1748 5402 Olnist.
1765 5353 1784 5402 t.
1801 5347 1832 5414 V,
1844 5363 1874 5415 p.
1893 5353 1947 5402 296.

300 5439 329 5507 2)
346 5437 502 5492 Illrreiclica
514 5453 599 5507 prope
616 5437 681 5490 lllcr
696 5435 732 5504 st,
751 5451 784 5489 ec·
800 5440 860 5502 sept.
878 5435 924 5490 cic.
944 5435 1138 5505 Memmiorpem
1154 5435 1195 5488 ila
1211 5451 1279 5490 corr.
1297 5436 1376 5490 ctiam
1389 5453 1418 5504 p.
1436 5443 1491 5504 261,
1509 5441 1562 5490 oct.
1581 5443 1605 5490 2.
1709 5435 1736 5502 3)
1755 5433 1812 5488 Sub
1832 5433 1914 5487 Mart
1933 5440 1949 5488 6

221 5549 249 5588 40
297 5541 374 5594 popa
390 5523 600 5580 wasidcrationc
620 5539 709 5578 eoram
726 5538 785 5576 nem
801 5521 918 5576 Woltcro
934 5519 967 5576 de
986 5522 1134 5578 Rotimberc
1150 5523 1240 5576 clareo
1258 5520 1305 5592 [de
1322 5539 1373 5591 paco
1397 5521 1429 5588 cf.
1455 5538 1483 5576 a.
1502 5521 1573 5592 515J,
1593 5521 1648 5590 ‘qui
1664 5536 1744 5588 aaron
1760 5535 1850 5574 eornm
1866 5521 1948 5588 acet,

300 5627 379 5680 uper
391 5611 546 5679 planatole
562 5609 746 5678 lauticiarum
763 5607 973 5678 depensuram
988 5610 1089 5679 Berycr
1100 5617 1174 5664 3722.
1243 5611 1271 5678 4)
1292 5609 1331 5676 Of.
1349 5627 1377 5664 a.
1389 5617 1444 5664 222.
1513 5609 1540 5678 b)
1561 5607 1602 5676 Os.
1620 5625 1649 5663 a.
1667 5614 1723 5662 476.
1792 5607 1819 5673 6)
1842 5607 1873 5660 E
1888 5623 1948 5662 mer.

301 5703 325 5752 ct
342 5713 381 5752 or.
398 5698 445 5752 cio.
466 5695 625 5752 Oanubsict.

1687 5789 1744 5844 46*
