4328 6232
720 320 921 376 EPIS'POLAE
938 320 1129 377 subacens
1165 322 1242 378 1249.
1750 328 1814 391 549

163 497 309 563 volumus
338 501 372 561 et
403 495 607 581 presentium
636 495 732 561 vobis
764 495 959 561 auctoritate
994 495 1143 560 districte
1175 495 1384 582 precipiendo
1420 496 1626 577 mandamus,
1663 498 1815 582 quatinus

158 600 257 667 {enda
279 606 315 665 ct
336 598 501 665 beneficia
520 599 593 685 ipss
615 598 662 663 eis
685 598 815 664 auferre
838 620 877 663 ac
901 599 1017 663 eadem
1041 600 1113 664 aliis
1136 598 1305 681 fidelibus,
1333 599 1461 665 devotis
1484 602 1642 681 ecclesie,
1670 599 1711 665 de
1734 622 1813 666 con-

154 706 255 773 silio·
276 703 390 771 dilecti
411 703 471 768 filii
494 752 528 770 ..
550 703 715 768 Turritaui
738 703 851 782 eiecti,
880 704 1061 788 apostolice
1085 702 1172 768 sedis
1194 704 1310 790 legati,
1338 705 1486 769 conferre
1511 705 1650 778 curetis;
1680 711 1811 769 eontra-

150 811 303 876 dietores
329 814 393 876 etc.
436 807 592 893 Alioquin
623 805 730 872 cidem
760 806 867 871 eleeto
903 806 1020 872 litteris
1048 807 1166 871 nostris
1196 808 1410 894 iniungimus,
1444 815 1480 873 ut
1512 810 1584 895 ipse
1620 828 1718 894 super
1753 808 1815 872 hoc

45 933 62 971 ³
148 911 351 981 mandatnm
374 911 590 998 apostolieum
613 915 807 1005 exequatur.
942 902 947 909 ’

268 1032 346 1098 Dat.
369 1037 406 1098 ut
429 1051 539 1118 supra.

267 1126 307 1218 dn
332 1153 473 1220 cundem
494 1151 627 1216 modum
649 1151 926 1238 archiepiscopis¹
949 1155 1011 1214 etc.
1033 1171 1094 1236 per
1117 1149 1285 1215 Corsicam
1308 1150 1506 1216 constitutis.

949 1638 1035 1710 744.

267 1754 486 1851 Innocentius
507 1779 564 1845 IV
578 1800 668 1861 papa
692 1779 886 1861 Temptarr‘os
908 1778 1081 1846 Sardiniae
1102 1783 1204 1860 repat,
1233 1782 1269 1842 ut
1290 1779 1381 1843 eleeto
1405 1780 1599 1856 Turritano,
1630 1779 1819 1860 apostoticae

147 1887 246 1953 sedis
267 1887 375 1971 leuato,
396 1905 467 1949 curn
487 1884 528 1948 ab
549 1902 584 1947 co
604 1882 751 1964 requisiti
770 1883 901 1963 suerint,
919 1884 1083 1962 praestent
1104 1882 1270 1947 consitium
1290 1881 1470 1966 [auritium
1491 1887 1521 1949 et
1540 1882 1709 1967 saeorernJ.

27 2002 59 2041 ¹⁰
270 2006 335 2061 Im
351 2006 400 2061 IV
416 2005 477 2074 Rea
496 2003 557 2058 lab.
571 2001 618 2069 η
634 2002 655 2067 s.
669 2009 708 2070 rr,
726 2017 782 2056 aar.
800 2019 828 2056 n.
843 2011 878 2057 rr.
1471 1991 1564 2064 1247,
1588 1986 1663 2051 Iun.
1680 1988 1732 2053 10.

267 2092 395 2160 Pontou,
415 2092 478 2162 luy.
492 2096 589 2158 esrem
607 2089 707 2159 Berper
724 2095 797 2144 erse.

338 2270 569 2345 Fratribus
596 2269 754 2342 militie
781 2220 952 2359 Templi
980 2288 1058 2358 per
1085 2267 1336 2341 Sardiniam
1364 2268 1644 2341 coristitntis

274 2421 356 2488 Cum
379 2419 534 2486 dilectum
558 2419 659 2485 filium
684 2466 716 2485 ..
740 2417 880 2481 eiectum
903 2415 1122 2496 anritannm,
1148 2417 1327 2501 apostolice
1353 2415 1441 2480 sedis
1464 2419 1620 2503 legatum,
1644 2416 1684 2481 ad
1709 2424 1819 2503 partes

159 2536 291 2594 uestras
312 2546 371 2612 pro
394 2524 528 2610 negotio
549 2524 648 2588 totius
665 2522 830 2608 generalis
847 2521 988 2585 ecclesie
1005 2519 1194 2584 duxerimus
1210 2520 1453 2600 destinandum,
1478 2529 1693 2608 oporteatque
1709 2522 1818 2607 ipsum

37 2630 71 2669 ¹⁵
164 2652 210 2697 ex
231 2630 432 2697 necessitate
454 2634 491 2691 ut
512 2628 597 2692 seire
621 2626 760 2713 potestis
783 2644 842 2710 pro
866 2644 906 2687 eo
929 2623 1153 2710 promovendo
1177 2625 1287 2690 subire
1310 2626 1425 2709 grauia
1453 2647 1554 2690 onera
1584 2647 1819 2712 expensarum:

162 2733 414 2800 universitatem
437 2738 579 2797 uestram
607 2751 761 2815 rogamus
791 2734 824 2791 et
854 2726 1024 2792 hortamur
1050 2734 1192 2807 attente,
1222 2728 1359 2792 firmiter
1386 2729 1595 2816 proripiendo
1626 2729 1820 2794 mandantes

164 2838 336 2925 quatinus,
368 2835 572 2901 considerato
601 2832 781 2920 prudenter
808 2829 895 2917 quod
922 2830 1008 2895 idem
1032 2833 1199 2916 negotium
1224 2837 1275 2894 eet
1297 2836 1363 2895 tam
1387 2836 1532 2896 vestrum
1556 2854 1654 2918 quam
1678 2833 1821 2897 omnium

166 2941 291 3007 (ibristi
313 2939 470 3019 fidelium,
493 2937 789 3005 ecclesiasticarum
812 2935 956 3000 maxime
980 2957 1206 3021 personarum,
1230 2934 1338 2999 eidem
1361 2935 1471 3019 legato
1494 2934 1664 3014 studeatis,
1689 2957 1762 3001 oum
1780 2936 1822 3000 ab

167 3066 206 3110 eo
228 3043 358 3111 meritis
380 3044 543 3129 requisiti,
572 3041 641 3107 sici
663 3046 812 3128 prestere
836 3040 1005 3104 eonsilium
1014 3051 1036 3120 ⁰,
1068 3040 1153 3126 quod
1176 3038 1352 3105 videamini
1375 3040 1475 3104 zelari
1500 3040 1657 3105 honorem
1682 3037 1821 3105 ecclesie

167 3169 205 3213 ee
225 3146 421 3235 profectum,
443 3166 569 3232 nosque
592 3144 624 3209 id
647 3149 777 3229 gratum
800 3143 959 3208 habentes
983 3146 1146 3230 possimus
1169 3142 1306 3231 proinde
1322 3148 1432 3207 vestre
1455 3142 1639 3208 deuotionis
1663 3143 1821 3229 prompti-

168 3250 314 3317 tudinem
336 3272 402 3316 non
423 3251 576 3315 inmerito
600 3247 839 3315 commendare.

275 3370 350 3437 Dat.
374 3377 411 3436 ut
433 3369 562 3457 supra².

791 3489 1203 3498 *-

957 3735 1043 3808 745.

210 3962 216 3971 Ι
273 3846 490 3941 Innocentius
520 3873 578 3938 IV
595 3895 685 3958 papa
714 3875 806 3940 eleeto
836 3875 1024 3953 Turritano,
1057 3875 1244 3955 apostolicae
1274 3873 1357 3938 sedis
1386 3874 1485 3957 leqeto
1513 3873 1550 3936 in
1578 3872 1769 3939 Sardiniam
1798 3876 1826 3937 et

175 3978 332 4045 &sicam
361 3978 488 4043 insulas
522 3978 691 4056 destinato,
730 3978 766 4062 1)
792 3979 976 4060 semiustam
1009 3977 1146 4044 concedit
1177 3978 1385 4059 dispensandi
1420 3997 1489 4041 cum
1520 3976 1642 4041 clericis
1674 3974 1826 4061 desectum

10 4072 64 4119 ²⁵
171 4080 327 4147 natalium
360 4080 571 4165 patientibus,
612 4085 647 4145 ut
686 4083 721 4145 in
758 4083 909 4167 susceptis
947 4082 1112 4146 ordinibus
1143 4081 1328 4146 ministrare
1360 4085 1390 4145 et
1421 4079 1587 4145 ascendere
1619 4078 1662 4143 ad
1693 4078 1827 4142 rnaimes

168 4184 297 4264 nomint,
319 4174 733 4271 inremuneratum
749 4185 785 4248 in
800 4184 957 4251 Sardinia
973 4186 1112 4268 officium
1127 4191 1218 4250 entra
1235 4185 1374 4251 insulam
1388 4184 1583 4260 constitutus,
1607 4182 1685 4256 ΙΙΙ)
1699 4182 1824 4266 dispuen-

172 4286 263 4353 uandi
290 4307 360 4353 cum
389 4286 505 4370 ciqinti
532 4288 689 4371 redipiosis
719 4287 873 4374 dq‘ectum
899 4290 1059 4354 natalium
1086 4288 1296 4371 patientibus,
1332 4291 1368 4351 nt
1395 4288 1440 4352 ad
1463 4287 1673 4368 praelaturas
1706 4287 1828 4351 assumi

171 4390 297 4470 ausint,
320 4388 388 4475 IV)
408 4391 573 4456 amonendi
590 4395 741 4473 perpetuo
758 4393 922 4473 mactatos
942 4393 1160 4471 inobedientes,
1183 4391 1225 4476 V)
1240 4390 1449 4473 dispensandi
1470 4410 1539 4454 eam
1560 4388 1661 4455 decem
1680 4389 1827 4471 personis

174 4492 397 4571 mdesmdmu,
430 4514 511 4575 quae
540 4497 824 4560 excommunicatae
853 4496 980 4561 ordines
1012 4497 1217 4581 susceperint,
1250 4495 1313 4579 VI)
1341 4493 1505 4560 seomidi
1537 4493 1632 4559 tibere
1663 4512 1829 4558 censuram

22 4590 80 4637 ¹⁰
176 4595 422 4676 eumeneticam,
456 4596 540 4676 VII)
569 4598 716 4679 mandat,
754 4603 790 4663 nt
828 4598 986 4664 indevotos
1021 4600 1137 4682 pretiis
1170 4621 1192 4664 a
1223 4598 1294 4663 sede
1330 4596 1502 4678 apostoliea
1534 4596 1685 4662 concessu
1715 4597 1827 4677 privet,

181 4694 281 4777 VIII)
302 4699 451 4778 mandat,
472 4703 640 4767 utcontra
661 4702 864 4768 Fridericum
886 4723 1005 4767 erucem
1021 4702 1197 4784 praedicet,
1227 4702 1297 4777 IX)
1319 4701 1468 4779 concedit,
1491 4704 1527 4765 ut
1548 4722 1618 4767 uem
1639 4700 1828 4783 mmonmcis

175 4798 264 4869 tuctu
285 4802 539 4869 maritumae
561 4806 687 4871 concilii
706 4806 865 4889 pencralis
886 4810 969 4888 apat,
992 4807 1040 4880 Χ)
1053 4806 1204 4889 indulcat,
1226 4811 1263 4869 ut
1285 4805 1433 4887 beneficia
1455 4803 1597 4890 conferre
1618 4804 1725 4868 oakat
1744 4803 1826 4866 sicud

173 4904 347 4971 caminatis
376 4906 509 4989 maten,
544 4906 615 4985 XI)
636 4912 819 4992 potestatem
847 4910 984 4975 concedit
1010 4910 1216 4992 promittendi
1242 4910 1401 4975 ecclesiam
1428 4908 1690 4974 cuanriderico
1715 4926 1827 4990 paoem

167 5004 331 5087 facturam
361 5028 426 5075 non
460 5028 539 5090 esec,
575 5012 624 5077 ita
658 5017 694 5078 ut
723 5014 789 5095 ipse
820 5015 868 5078 ecl
901 5013 1021 5095 aliquis
1047 5015 1189 5097 fitiorum
1222 5015 1291 5079 circs
1324 5033 1383 5077 rea
1416 5016 1473 5076 aut
1505 5012 1675 5096 imperator
1705 5010 1830 5088 cantet,

64 5244 102 5287 ²⁵
273 5266 301 5335 ⁸)
317 5277 345 5323 e
365 5271 527 5341 canopeum
552 5273 615 5325 aaa.
632 5276 729 5326 aeos.
843 5272 870 5340 q
892 5274 929 5326 aa
952 5275 1003 5326 sui
1020 5273 1066 5334 m·
1089 5275 1127 5325 ne
1144 5301 1177 5311 -
1195 5274 1333 5326 videamini
1354 5274 1383 5324 a
1405 5273 1460 5324 na
1480 5288 1552 5324 ma.
1666 5272 1689 5334 ο)
1712 5279 1759 5322 am
1782 5270 1831 5322 aa.

168 5350 285 5407 &aba
300 5365 354 5409 eet:
369 5358 498 5411 auxilium
515 5366 542 5411 at
560 5361 682 5426 taronem,
699 5369 745 5412 aaa
762 5361 943 5428 corripendum
960 5361 1114 5426 subsidium,
1131 5369 1160 5412 ut
1176 5361 1204 5412 in
1222 5378 1247 5412 n.
1260 5362 1308 5411 681
1317 5358 1378 5410 XX.

277 5506 595 5578 nuenarianae
675 5508 1833 5581 e›ssmaseaeumummamnapm1mueraaenmmunu

170 5574 1833 5667 ‘muraneumenammmuuusaenmcorsmmauaammmuummarenx.
