4328 6232
832 382 1033 438 EPIS'I‘OLAE
1053 384 1242 439 SELEOTAE.
1279 386 1354 440 1246.
1865 391 1928 450 159

283 564 345 640 post
367 555 438 618 eius
462 555 598 628 obitum,
622 555 650 617 si
674 576 747 619 eum
772 555 856 621 forte
879 555 920 620 do
942 557 1003 621 hoc
1025 558 1136 622 seculo
1158 559 1287 621 interim
1303 560 1412 623 vocari
1429 560 1613 642 eontigerit,
1639 580 1696 623 ros
1721 561 1929 643 aliquatenus

282 656 509 721 inhniusmodi
540 658 672 742 negotio
702 657 891 723 deseremus
928 681 988 725 nec
1023 682 1139 745 paoem
1167 661 1418 727 reformabimus
1450 683 1524 725 eum
1552 661 1705 725 eisdem·
1732 660 1928 726 adversariis

283 761 343 824 sine
367 759 492 823 vobisb.

377 878 456 946 Dat.
479 887 517 944 ut
539 891 670 968 supra&

376 999 418 1064 In
443 1000 586 1067 eundem
609 1003 741 1068 modurn
767 1003 955 1085 comitibus,
984 1004 1162 1070 baronibus
1186 975 1220 1070 et
1243 1006 1316 1069 aliis
1344 1005 1507 1070 nobilibus
1531 1028 1590 1091 per
1612 1005 1829 1071 Theotoniam
1851 1027 1927 1070 con-

280 1104 402 1168 stitutis.

892 1266 1303 1278 -—-————-

1054 1509 1141 1581 208.

375 1617 593 1710 Isrrmcentiers
611 1647 669 1711 IV
681 1669 772 1728 papa
794 1648 1018 1732 [Philippum]
1040 1650 1167 1714 electum
1189 1651 1444 1728 bernriedensem,
1472 1652 1659 1733 apostolieae
1679 1650 1763 1713 sedis
1785 1651 1929 1731 lepetnm,

276 1745 417 1811 laborare
438 1748 537 1827 iniret,
567 1753 603 1812 nt
618 1751 781 1834 prinsipes
810 1752 929 1832 aliique
955 1752 1137 1831 Tentonine,
1168 1752 1281 1833 qnibres
1298 1753 1481 1836 promiserit
1512 1774 1545 1817 se
1573 1753 1642 1816 sine
1663 1753 1709 1815 eis
1726 1773 1836 1831 pacem
1859 1774 1928 1816 mem

275 1848 466 1916 adversariis
487 1851 659 1938 Hlenrr‘ei]
680 1855 763 1936 repis
785 1855 1001 1920 limianorum
1023 1856 1272 1941 referendorum
1294 1875 1358 1919 non
1380 1875 1453 1934 esse,
1475 1857 1597 1921 sirnitie
1618 1856 1679 1920 silri
1698 1855 1928 1936 repmmrittant.

224 1979 241 2014 ro
1611 1963 1705 2038 1246,
1728 1959 1793 2024 Iul.
1810 1959 1841 2021 5.

377 2039 439 2092 Inn
452 2038 503 2093 IV
516 2038 579 2109 Rep.
594 2039 649 2094 Vol.
663 2041 686 2109 I,
705 2049 770 2109 4195
788 2041 847 2096 Lm.
861 2042 914 2109 IV,
933 2058 989 2096 cnr.
1002 2050 1042 2097 21.

376 2124 476 2195 Berper
487 2132 560 2182 2948.
649 2144 652 2150 ·

529 2345 568 2362 ..
597 2289 741 2363 eleeto
768 2289 1062 2380 Ferrariensi,
1091 2291 1345 2382 apostolice
1372 2291 1493 2364 sedis
1521 2291 1680 2383 legato.

385 2436 468 2501 (lum
493 2436 621 2503 dilectis
644 2437 717 2502 filiis
741 2439 905 2504 nobilibus
929 2439 1007 2503 viris
1038 2441 1200 2505 universis
1229 2440 1445 2526 principibus,
1474 2440 1660 2518 comitibus,
1692 2440 1868 2505 baronibus
1893 2448 1926 2505 et

223 2564 238 2599 r.
275 2541 344 2604 aliis
368 2540 535 2606 nobilibus
558 2563 617 2627 per
633 2540 847 2607 Theotoniom
871 2543 1054 2607 constitutis
1072 2544 1190 2608 nostris
1208 2543 1343 2607 demusd
1365 2544 1481 2608 litteris
1504 2544 1536 2607 in
1560 2543 1731 2620 mandatis,
1756 2546 1787 2607 in
1811 2544 1925 2608 remis-

274 2644 398 2707 sionem
422 2644 471 2708 eis
501 2652 711 2730 peccatorum
739 2645 955 2731 iniungendo,
983 2654 1019 2711 ut
1048 2647 1177 2733 imperii
1199 2647 1339 2712 Romani
1366 2648 1535 2732 negotium
1560 2656 1623 2712 ete.
1652 2656 1688 2710 ut
1718 2649 1751 2711 in
1777 2648 1927 2733 proxima

273 2768 389 2833 usque:
413 2754 565 2833 patenter
588 2750 754 2830 assistant,
777 2755 811 2814 et
834 2772 893 2836 per
915 2749 1019 2813 dictas
1042 2751 1168 2814 litteras
1191 2750 1417 2835 promittamus
1442 2749 1576 2829 eisdem,
1609 2750 1694 2835 quod
1718 2773 1780 2816 nec
1803 2751 1837 2814 in
1860 2751 1926 2814 vita

274 2850 375 2935 ipsius
400 2851 487 2935 regis
511 2857 573 2917 ete.
595 2872 715 2937 usque:
750 2873 811 2917 nee
840 2875 956 2939 paoem
983 2851 1234 2918 reformabimus
1265 2855 1336 2918 sine
1367 2855 1462 2939 ipsis,
1490 2854 1639 2917 volumus
1662 2861 1696 2919 ot
1726 2855 1926 2939 presentium

275 2953 331 3016 tibi
354 2955 550 3020 auctoritate
580 2954 788 3034 mandamus,
823 2957 975 3041 quatinus
1005 2955 1112 3020 studio
1142 2955 1290 3042 diligenti
1319 2957 1464 3035 labores,
1495 2963 1531 3020 ut
1559 2956 1678 3042 prefati
1705 2957 1870 3043 principes
1894 2964 1927 3021 et

221 3080 238 3114 n
275 3057 325 3119 olii
348 3057 462 3121 nobis⁰
486 3058 605 3123 similia
627 3060 869 3145 repromittant,
894 3060 1012 3124 litteris
1037 3079 1136 3146 snper
1157 3058 1221 3123 hoo
1245 3061 1286 3124 ab
1311 3061 1357 3124 eis
1381 3066 1415 3124 et
1438 3060 1503 3123 alia
1525 3059 1627 3137 firma,
1656 3059 1683 3123 si
1707 3080 1779 3124 eam
1803 3060 1926 3125 habere

274 3160 401 3243 poteris,
425 3162 576 3226 cautione
599 3161 763 3249 receptisf.

379 3279 456 3347 Dat.
478 3288 515 3347 ut
536 3303 644 3367 supra.

1057 3647 1144 3722 209.

377 3758 596 3851 Innocentius
618 3785 674 3851 IV
699 3807 788 3872 popo
811 3787 988 3872 H[enrieo]
1010 3787 1078 3871 repi
1098 3785 1315 3852 Romanorum
1341 3786 1463 3866 scribit,
1486 3808 1517 3852 se
1540 3789 1608 3853 eins
1630 3789 1759 3853 nuntios
1781 3788 1928 3853 lettoriter

280 3887 423 3972 recepisse
444 3892 474 3952 et
482 3888 651 3969 petit-iones
665 3909 771 3955 eornm
782 3890 896 3976 favore
912 3889 1055 3955 bennato
1069 3889 1242 3968 admisisse,
1265 3910 1394 3971 enrrrqne
1409 3889 1488 3955 scire
1503 3891 1578 3969 nult,
1600 3890 1711 3955 sirius
1719 3889 1927 3971 petitionibus

224 4019 241 4057 s
279 3989 448 4072 aliqnando
469 4010 534 4057 non
555 3997 689 4071 annuat,
712 3993 767 4060 boe
788 3994 824 4059 ob
845 3993 881 4059 id
904 3996 1129 4076 tantumdem,
1154 3995 1316 4075 quianon
1339 3993 1445 4058 eredat
1467 3994 1620 4075 capedine.

1608 4099 1702 4174 1246,
1726 4097 1791 4161 Iol.
1809 4098 1838 4161 5.

377 4180 439 4234 Inn.
453 4180 501 4234 IV
516 4178 578 4248 Res.
597 4180 651 4235 Vol.
667 4181 689 4248 L
708 4187 774 4249 118,·
791 4180 849 4235 In.
863 4182 915 4250 IV,
934 4197 990 4237 cerr.
1003 4188 1041 4236 26.

377 4266 476 4335 Beryer
487 4274 558 4322 2911.

279 4444 543 4521 Carissimo
571 4448 614 4519 in
643 4446 837 4521 Christo
864 4448 967 4520 filio
996 4453 1161 4521 nostro
1189 4447 1235 4521 H.
1254 4449 1353 4540 regi
1383 4447 1701 4521 Romanorum
1731 4447 1925 4520 illustri.

219 4610 238 4649 ²³
381 4594 531 4661 Dilectos
552 4594 636 4662 filios
658 4594 866 4664 Walterum⁸
889 4600 1039 4665 comitem
1061 4598 1103 4664 de
1126 4598 1315 4664 Atinstein¹
1340 4601 1373 4661 et
1394 4592 1634 4660 Theodericum
1656 4593 1697 4659 de
1720 4593 1927 4682 Gruningin²

277 4703 307 4763 et
328 4697 533 4765 Henrieum⁸
561 4701 680 4768 fratres
707 4701 879 4790 hospitalis
910 4710 1021 4768 sancte
1045 4702 1148 4767 Marie
1171 4701 1461 4780 'theotonicorum
1490 4704 1564 4764 tuos
1594 4699 1754 4786 speciales
1783 4699 1925 4779 nuntios,

376 4925 402 4991 Ι)
420 4926 535 4980 eiusdem
547 4926 581 4979 Β.
660 4925 685 4992 b)
703 4929 759 4982 sine
777 4929 850 4981 robis
869 4930 938 4981 deest
950 4929 983 4979 B.
1063 4928 1085 4993 e)
1105 4928 1229 4979 anoeeedit
1246 4946 1272 4979 n.
1285 4932 1342 4979 209.
1423 4925 1449 4992 (¹)
1467 4928 1612 4980 dederimus
1624 4928 1657 4979 B.
1738 4926 1761 4991 Θ)
1781 4927 1880 4980 nobiles
1893 4928 1924 4978 B.

273 5010 294 5075 sl
311 5020 413 5081 recepte
423 5010 457 5064 B.
527 5012 553 5078 8)
572 5014 699 5066 Wlterum
709 5014 742 5067 Β.

379 5149 406 5213 1)
423 5147 508 5202 Hune
525 5147 635 5202 enndem
652 5149 736 5215 inisse
751 5150 884 5204 credimus
902 5167 935 5204 oe
948 5153 955 5179 ‘
963 5150 1003 5203 W.
1018 5149 1050 5203 de
1064 5150 1200 5203 Arnstein'
1218 5149 1269 5218 [nd
1281 5149 1363 5203 Lalm
1374 5152 1400 5217 fl·
1413 5165 1445 5202 ae
1460 5165 1497 5202 or.
1510 5148 1591 5202 castri
1603 5147 1738 5217 NrrssonJ,
1757 5148 1804 5216 qni
1815 5165 1840 5200 α.
1854 5154 1925 5216 1246,

207 5246 227 5283 2⁸
276 5235 340 5290 Dec.
355 5244 370 5290 7
384 5234 416 5289 de
433 5234 550 5290 nebridio
562 5236 658 5304 papali
674 5243 727 5292 300
743 5253 848 5291 naerens
865 5237 975 5306 νοσερῶς
993 5236 1224 5303 Bolrnser-Fr'dcer,
1243 5236 1260 5290 l.
1278 5243 1388 5291 81880.
1457 5236 1485 5302 2)
1498 5235 1639 5288 Nescimus
1656 5251 1695 5286 an
1711 5234 1753 5288 irie
1769 5234 1926 5302 eornanpni-

275 5339 341 5376 neue
362 5322 489 5377 comitum
514 5321 546 5375 de
568 5322 736 5392 aneeq
757 5329 782 5378 et
803 5324 835 5379 de
860 5324 1020 5392 Gneninpen
1040 5323 1135 5391 fremit,
1163 5339 1213 5391 per
1240 5338 1354 5390 meorum
1373 5321 1551 5389 proditionme
1576 5321 1718 5375 (hmudm
1740 5337 1788 5375 rea
1809 5339 1835 5376 a.
1855 5329 1925 5388 1216,

273 5410 372 5476 „lues
389 5408 660 5476 npuedblankentnrt
675 5412 787 5480 tapetas
804 5417 848 5479 est,
865 5417 888 5466 et
905 5410 974 5465 idem
991 5426 1023 5464 oe
1034 5410 1127 5477 ‘freter
1140 5408 1168 5464 0.
1187 5409 1234 5478 [T.
1241 5407 1269 5478 ἓ]
1287 5408 1318 5462 de
1337 5407 1453 5473 Srnrin’,
1472 5409 1519 5476 pai
1531 5426 1556 5462 α.
1571 5414 1641 5474 1216,
1657 5406 1749 5461 Deeo
1765 5424 1811 5461 sen
1822 5423 1927 5461 nmreos

273 5493 306 5546 de
322 5494 438 5548 nibridio
450 5495 547 5562 papati
562 5497 668 5565 rernm
684 5496 745 5552 ibid.
758 5504 834 5553 4819.
904 5499 931 5565 3)
950 5496 1037 5551 Hnne
1052 5497 1134 5562 inisse
1149 5501 1278 5565 prdnmns
1292 5496 1408 5561 ‘tratrem
1426 5494 1576 5549 Hemienm
1594 5494 1757 5560 annrnm',
1775 5494 1823 5562 nni
1835 5493 1929 5548 Dea?

275 5577 390 5631 indidem
407 5579 491 5632 decen
504 5595 609 5635 marcas
625 5582 736 5652 reeepn5
762 5583 826 5638 ibid.
840 5590 917 5639 1880.
935 5613 968 5623 -
995 5583 1060 5637 tres
1076 5583 1118 5637 illi
1134 5581 1226 5636 nuntii
1241 5580 1326 5647 fnisse
1342 5579 1473 5648 ridentur,
1491 5597 1558 5648 ortos
1572 5596 1648 5649 popa
1667 5580 1731 5633 Inn.
1745 5587 1761 5635 9
1777 5580 1927 5648 aspectent

198 5681 224 5721 ro
273 5664 307 5731 cs.
324 5670 421 5720 n189.
