4328 6232
201 359 263 427 102
754 343 802 406 EX
819 340 1037 405 mnouuuru
1055 338 1095 401 IV
1113 339 1295 402 REGISTRO

268 536 460 611 Iohanni
487 534 607 608 dicto
634 531 870 618 Monacho,
898 527 1121 603 servienti
1147 527 1304 601 dilecti
1329 526 1417 600 filii
1443 525 1483 601 Ε.
1511 527 1782 603 Sanctorum

548 654 708 728 Cosme
735 657 779 726 et
805 649 1009 724 Damiani
1035 647 1214 722 diaconi
1241 648 1501 722 cardinalis

308 791 390 856 Cum
414 789 545 855 feudum
576 787 617 853 de
640 786 775 852 Beton.⁸
786 787 807 866 ¹,
836 782 923 871 quod
953 781 1099 847 armenia
1128 781 1307 866 vulgariter
1336 782 1537 869 appellatur,
1568 783 1612 848 ad
1639 783 1852 851 donatiouem

198 903 340 963 nostram
367 896 548 981 pertinens,
580 891 622 956 sit
650 897 783 978 propter
806 909 997 975 guerrarum
1021 885 1224 967 discrimina,
1257 887 1341 951 sieut
1364 886 1491 969 dicitur,
1521 887 1744 970 devastatum,
1778 911 1850 970 uos,

200 1002 349 1064 volentes
372 999 431 1062 tibi
455 1003 510 1061 tue
533 995 717 1060 devotionis
741 994 878 1059 obtentu
902 990 1120 1056 beneficentio
1142 989 1312 1056 dexteram
1329 991 1513 1056 liberaliter
1527 994 1666 1078 aperire,
1688 1014 1728 1059 ae
1744 1000 1852 1058 atten-
1916 1022 1927 1057 a

200 1104 318 1170 dentes
349 1102 434 1189 quod
465 1102 506 1165 de
537 1101 634 1165 leudo
667 1100 739 1185 ipso
769 1099 894 1163 nullum
922 1096 975 1161 vel
1006 1095 1169 1161 modicum
1201 1095 1341 1160 fructum
1372 1096 1435 1161 hiis
1466 1097 1667 1182 temporibus
1697 1098 1854 1183 consequi

200 1209 335 1294 poteris,
359 1228 417 1291 pro
442 1205 534 1269 cuius
559 1204 765 1289 reparatione
777 1201 947 1288 'oportebit
963 1207 996 1265 te
1013 1199 1122 1264 lacere
1139 1221 1275 1284 magnos
1291 1208 1453 1319 sumptus,
1476 1202 1541 1266 tuis
1557 1201 1854 1287 supplicationibus

202 1311 347 1376 inclinat
324 1317 360 1390 ti,
383 1308 517 1374 feudum
540 1306 723 1393 predictum
746 1326 819 1368 cum
842 1305 1024 1369 iuribust
991 1310 1024 1370 et
1046 1304 1252 1390 pertinentiis
1275 1305 1342 1368 suis
1365 1305 1464 1369 tibit
1450 1305 1581 1391 tuisque
1605 1304 1854 1370 suecessoribus

201 1435 305 1499 usque
334 1415 366 1477 in
396 1420 471 1477 tt1er
462 1413 525 1476 aim
554 1409 799 1496 generationem
829 1408 890 1472 sub
918 1429 1026 1473 annuo
1055 1408 1153 1471 unius
1186 1408 1275 1472 obuli
1298 1409 1390 1474 aurei
1414 1431 1514 1474 censu
1537 1410 1569 1473 in
1592 1410 1676 1474 festo
1699 1408 1854 1473 Omnium

203 1507 397 1580 Sanctorum
427 1535 555 1578 camere
593 1518 704 1577 nostre
733 1511 890 1576 solvendo
917 1510 958 1576 de
988 1513 1095 1596 gratia
1125 1511 1335 1576 concedimus
1367 1513 1514 1597 speciali.
1567 1512 1656 1576 Nulli
1687 1533 1765 1596 ergo
1790 1517 1854 1576 ete.

203 1625 312 1683 nostre
337 1618 559 1682 concessionis
583 1622 645 1682 etc
692 1615 725 1680 Si
749 1617 822 1702 quis
846 1622 907 1680 etc.

310 1740 387 1804 Dat.
410 1738 572 1823 Lugduni,
595 1738 755 1802 Kalendis
780 1736 993 1823 Septembris,
1016 1758 1102 1801 auno
1126 1739 1232 1801 tertio.
1292 1812 1298 1821 N

822 1999 1232 2007 ..Μ-..-

988 2244 1072 2317 135.

306 2339 524 2432 Innocentius
539 2369 562 2432 I
566 2367 596 2432 V
609 2388 698 2451 prope
719 2367 907 2452 [Patrono]
927 2368 1019 2432 electe
1040 2368 1246 2431 Ferrariensi
1267 2368 1431 2448 confirmat
1452 2367 1651 2444 sententiam,
1682 2389 1746 2448 qna
1773 2367 1858 2432 ilem

201 2472 357 2554 qnondam
373 2472 615 2554 Salinpnerrorn
629 2471 775 2551 etlilium
789 2471 857 2533 eins
872 2475 901 2534 et
916 2490 1020 2533 catenes
1035 2472 1064 2533 ιιι
1078 2470 1289 2547 (alternantes,
1311 2471 1472 2536 Frateret
1485 2471 1642 2550 qnondam
1657 2473 1857 2553 imperatoris

197 2574 344 2658 foetores
365 2580 395 2638 ct
415 2575 557 2639 ecchstoc
577 2574 798 2638 Ferrariensis
814 2579 1035 2654 persecutores,
1061 2574 1167 2655 feretis
1188 2578 1216 2636 et
1239 2575 1402 2655 beneficiis,
1432 2595 1512 2654 perne
1539 2574 1580 2638 ab
1601 2574 1707 2638 eodem
1728 2576 1857 2639 ecelesia
1924 2600 1935 2633 s.

202 2679 367 2757 tenuerint,
386 2679 571 2762 feritaverit.
1519 2679 1612 2753 1245,
1635 2676 1721 2757 Sept.
1736 2682 1768 2740 4.

307 2799 371 2852 lnn.
387 2798 436 2853 IV
450 2799 512 2866 neq.
529 2798 585 2853 vot.
599 2798 624 2865 1,
641 2805 702 2864 231,·
720 2797 780 2850 Le.
795 2797 855 2864 ΙΙΙ,
872 2804 929 2852 128.

306 2886 407 2954 Βῆριν
424 2891 497 2939 1488.

759 3051 798 3069 ..
826 2995 1111 3070 Ferrariensi
1140 2997 1298 3070 eleeto.

308 3145 409 3209 Iustis
434 3145 617 3230 petentium
640 3143 812 3209 desideriis
835 3151 896 3208 eto.
920 3165 1041 3229 usque:
1073 3145 1247 3230 complere.
1292 3143 1487 3230 Eapropter,
1511 3145 1629 3209 dilecte
1652 3146 1686 3210 in
1712 3145 1858 3211 Domino
1911 3182 1923 3215 ·.

201 3250 257 3329 fili,
281 3251 345 3313 tuis
369 3250 464 3313 iustis
487 3249 641 3336 precibus
665 3249 824 3329 inclinati,
848 3249 1054 3313 diffinitivam
1077 3250 1287 3328 sententiam,
1311 3271 1407 3334 quam
1431 3256 1545 3313 contra
1568 3249 1732 3335 quondam
1750 3249 1860 3314 Salin-

201 3374 367 3437 guerram,
397 3401 435 3418 ..
464 3354 565 3417 tilium
593 3352 686 3417 οἰιιε2
715 3358 748 3416 et
779 3374 900 3417 omncs·
923 3354 1004 3417 alios
1036 3352 1231 3417 adherentes
1263 3354 1326 3433 eis,
1359 3353 1517 3439 privando
1549 3354 1638 3439 ipsos
1661 3362 1695 3417 et
1718 3354 1861 3419 heredes

202 3478 315 3520 eorum
347 3457 590 3543 imperpetuum
620 3456 728 3521 leudis
756 3464 789 3521 et
819 3458 1006 3538 beneficiis,
1038 3479 1102 3542 que
1127 3458 1167 3522 ab
1191 3458 1332 3523 ccclesia
1354 3457 1557 3522 Ferrariensi
1580 3457 1753 3538 tenebant,
1786 3480 1860 3522 eum

202 3561 328 3624 iuribus
357 3568 389 3625 et
418 3560 623 3646 pertinentiis
652 3561 736 3641 suis,
765 3581 824 3645 pre
854 3582 893 3624 eo
921 3560 1006 3645 quod
1036 3560 1202 3646 abnegata
1224 3561 1407 3626 fidelitateb
1430 3562 1603 3627 manifesto
1626 3568 1660 3626 te
1684 3567 1718 3627 et
1740 3561 1860 3626 Ferra-

203 3665 342 3729 riensem
358 3667 531 3730 ecclesiam
543 3665 707 3729 hostiliter
718 3666 957 3751 impugnarent,
973 3671 1087 3729 contra
1100 3666 1319 3730 iuramentum
1332 3666 1498 3752 proprium
1512 3671 1638 3730 temere
1652 3665 1858 3739 venientem,
1911 3695 1923 3731 a

203 3789 263 3830 noc
287 3789 354 3831 nen
378 3770 456 3853 quia
485 3776 598 3833 contra
620 3770 803 3834 Romanam
833 3770 1009 3835 ecelesiam
1032 3769 1209 3835 Frederieo
1241 3772 1401 3857 quondam
1425 3771 1646 3835 Romanorum
1670 3772 1861 3856 imperatori

203 3871 354 3956 nequiter
378 3872 538 3937 adherere
562 3881 842 3960 presumpserant,
866 3875 1063 3939 auctoritate
1087 3875 1221 3961 propria
1243 3875 1468 3961 promulgasti,
1493 3875 1577 3939 sicut
1601 3874 1633 3938 in
1649 3875 1769 3940 litteris
1785 3874 1862 3939 iude

203 3975 359 4039 conlectis
390 3977 519 4060 plenius
552 3977 748 4058 continetur,
787 3979 983 4043 auctoritate
1014 3979 1194 4064 apostoliea
1226 3979 1455 4043 confirmamus
1484 3985 1517 4043 et
1549 3979 1714 4065 presentis
1747 3980 1861 4066 scripti

203 4078 382 4163 patrocinio
407 4080 653 4143 communimus.
695 4081 858 4146 Tenorem
882 4089 993 4146 autem
1016 4083 1198 4146 litterarum
1222 4083 1368 4167 ipsorum
1392 4083 1603 4168 presentibus
1627 4081 1668 4148 dc
1693 4083 1795 4148 verbo
1818 4083 1861 4146 ad

203 4179 338 4244 verbum
362 4181 500 4247 lecimus
524 4185 688 4260 annotari3
712 4186 768 4270 qui
792 4187 868 4250 talis
893 4192 958 4250 est:

310 4284 348 4350 In
371 4289 503 4354 nomine
526 4286 671 4355 Domini.
709 4287 792 4353 (lum
815 4291 878 4355 iuri
902 4297 935 4354 et
958 4291 1095 4376 equitati
1119 4292 1292 4356 conveniat
1315 4291 1438 4357 debitis
1459 4292 1554 4377 penis
1576 4290 1731 4378 prosequi
1753 4290 1861 4357 delin-

203 4399 360 4478 quentes,
388 4413 429 4457 ne
452 4393 598 4477 ipsorum
621 4394 779 4458 malcfitia
801 4403 995 4460 remaneant
1018 4395 1192 4480 impunita,
1221 4395 1297 4481 quia
1319 4395 1396 4459 mali
1419 4400 1509 4459 metu
1532 4416 1691 4482 penarum
1714 4416 1735 4459 a
1756 4397 1861 4461 male-

203 4498 285 4562 ficiis
310 4496 531 4577 retrahuntur,
561 4504 595 4562 et
619 4499 694 4583 quia
716 4521 803 4585 pona
826 4500 938 4579 unius,
969 4501 1144 4564 multorum
1167 4504 1291 4578 metus,
1323 4505 1374 4563 est
1398 4499 1471 4562 aliis
1494 4500 1528 4563 in
1552 4499 1756 4586 exemplum,
1785 4499 1862 4565 ideo

203 4623 262 4664 nos
286 4601 455 4686 Philippus
474 4601 538 4665 Dei
564 4607 597 4666 et
620 4603 802 4688 apostolica
824 4605 931 4687 gratia
953 4603 1175 4668 Ferrariensis
1200 4604 1337 4685 electus,
1359 4604 1536 4668 multorum
1558 4603 1699 4668 afflictus
1722 4603 1861 4685 iniuriis,

203 4705 257 4788 qui
291 4725 363 4768 cum
397 4711 511 4769 essent
534 4707 668 4769 vassalli
691 4706 911 4770 Ferrariensis
943 4708 1101 4788 ecclesie,
1133 4706 1301 4771 manifesti
1332 4707 1516 4771 extiterunt
1538 4706 1688 4772 Romane
1717 4708 1860 4773 ecclesie

203 4812 432 4892 persecutores
456 4812 489 4869 et
511 4830 570 4872 nos
594 4815 781 4894 contempto
805 4811 999 4890 iuramento,
1023 4832 1086 4896 quo
1111 4812 1205 4876 nobis
1228 4818 1261 4876 et
1277 4810 1478 4876 Ferrariensi
1504 4813 1644 4878 ecclesie
1659 4812 1861 4877 tenebantur

203 4911 344 4986 astricti,
368 4918 639 4997 presumpserunt
661 4912 824 4978 hostiliter
846 4915 1057 5001 impugnare,
1081 4917 1115 4980 iu
1138 4938 1313 5003 personam
1337 4923 1482 4981 nostram
1507 4923 1541 4982 et
1563 4938 1616 4981 res
1639 4915 1862 4981 Ferrariensis

309 5170 333 5235 ι)
352 5172 476 5224 Betoirlt.
563 5171 589 5237 b)
607 5173 657 5225 fida
669 5172 702 5225 B.
791 5175 814 5238 ο)
834 5175 960 5226 veniendo
972 5174 1005 5226 B.

308 5307 334 5372 l)
353 5306 386 5359 Ut
403 5305 504 5360 addar
516 5307 638 5377 Bettono,
657 5325 743 5362 emer.
755 5314 780 5363 et
790 5325 829 5364 or.
843 5308 966 5377 Pernaii3
982 5308 1015 5362 dc
1031 5309 1118 5364 eodan
1129 5311 1184 5365 loco
1196 5312 1228 5378 cs.
1241 5311 1475 5381 Bebasen-Ficta,
1493 5313 1511 5369 l.
1522 5329 1544 5369 c.
1557 5319 1627 5369 3173.
1691 5311 1720 5379 2)
1734 5309 1863 5366 laecbm

1911 4208 1936 4247 80

1912 4734 1935 4772 2⁵

208 5390 368 5459 Torcellum,
386 5409 462 5459 quern
480 5394 621 5461 imperator
636 5395 753 5449 Veronae
769 5414 794 5449 a
808 5403 879 5464 1245,
900 5396 962 5450 Iun.
980 5396 1012 5449 de
1029 5398 1175 5452 nomiman
1188 5400 1406 5468 possnaonrbrm
1425 5416 1493 5468 qnae
1510 5399 1648 5468 praedm
1659 5403 1742 5467 patet·
1758 5398 1820 5453 ciue
1830 5398 1862 5453 ιιι
1886 5393 1892 5405 ’
1909 5408 1934 5447 ⁴⁰

206 5475 318 5543 Regino,
346 5477 496 5547 Pormnret,
522 5480 678 5535 Meninmai
700 5487 724 5535 ct
750 5482 916 5536 Bononierrei
945 5482 1045 5552 [nepita
1077 5501 1137 5538 cero
1161 5484 1345 5556 tervanensi]
1371 5485 1559 5554 anacopatrbm
1586 5484 1728 5553 habuerat,
1760 5488 1863 5554 mapa

202 5560 338 5627 fidelitatis
354 5520 864 5637 ιιιιοικαριιιαιιιιηκιιιοιωωιιυσαι,
882 5569 1456 5640 emmerammenses,
1472 5570 1706 5638 Brittan-,m
1720 5570 1863 5639 lcum

203 5662 273 5714 qenes
289 5649 417 5702 moeno
433 5651 546 5716 sannae
563 5671 660 5709 ansam
676 5655 755 5725 dedit,
773 5661 806 5709 nt
818 5672 895 5726 papa
911 5655 1115 5711 inamoenum
1133 5659 1205 5713 electi
1221 5659 1296 5727 nstro
1308 5659 1476 5728 mm
1492 5659 1665 5728 W
