<?xml version="1.0" encoding="UTF-8"?>
<!DOCTYPE html PUBLIC "-//W3C//DTD XHTML 1.0 Transitional//EN"
    "http://www.w3.org/TR/xhtml1/DTD/xhtml1-transitional.dtd">
<html xmlns="http://www.w3.org/1999/xhtml" xml:lang="en" lang="en">
 <head>
  <title>
</title>
<meta http-equiv="Content-Type" content="text/html;charset=utf-8" />
  <meta name='ocr-system' content='tesseract 3.04.00' />
  <meta name='ocr-capabilities' content='ocr_page ocr_carea ocr_par ocr_line ocrx_word'/>
</head>
<body>
  <div class='ocr_page' id='page_1' title='image "./monumentagerman00popegoog_0430.png"; bbox 0 0 4784 6334; ppageno 0'>
   <div class='ocr_carea' id='block_1_1' title="bbox 858 425 1376 486">
    <p class='ocr_par' dir='ltr' id='par_1_1' title="bbox 858 425 1376 486">
     <span class='ocr_line' id='line_1_1' title="bbox 858 425 1376 486; baseline 0.012 -6"><span class='ocrx_word' id='word_1_1' title='bbox 858 425 1057 483; x_wconf 81' lang='lat' dir='ltr'>EPIS&#39;POLAE</span> <span class='ocrx_word' id='word_1_2' title='bbox 1075 425 1263 484; x_wconf 73' lang='lat' dir='ltr'>SELECTAE.</span> <span class='ocrx_word' id='word_1_3' title='bbox 1302 429 1376 486; x_wconf 78' lang='lat'>1248.</span> 
     </span>
    </p>
   </div>
   <div class='ocr_carea' id='block_1_2' title="bbox 1076 816 1161 890">
    <p class='ocr_par' dir='ltr' id='par_1_2' title="bbox 1076 816 1161 890">
     <span class='ocr_line' id='line_1_2' title="bbox 1076 816 1161 890; baseline 0.024 -2"><span class='ocrx_word' id='word_1_4' title='bbox 1076 816 1161 890; x_wconf 76' lang='lat' dir='ltr'><em>58t.</em></span> 
     </span>
    </p>
   </div>
   <div class='ocr_carea' id='block_1_3' title="bbox 291 928 1948 1451">
    <p class='ocr_par' dir='ltr' id='par_1_3' title="bbox 291 928 1948 1451">
     <span class='ocr_line' id='line_1_3' title="bbox 396 928 1947 1045; baseline 0.002 -24"><span class='ocrx_word' id='word_1_5' title='bbox 396 928 615 1021; x_wconf 75' lang='lat' dir='ltr'><em>Innocentius</em></span> <span class='ocrx_word' id='word_1_6' title='bbox 630 953 687 1018; x_wconf 87' lang='lat' dir='ltr'><em>IV</em></span> <span class='ocrx_word' id='word_1_7' title='bbox 694 975 783 1036; x_wconf 87' lang='lat' dir='ltr'><em>papa</em></span> <span class='ocrx_word' id='word_1_8' title='bbox 801 955 959 1019; x_wconf 85' lang='lat' dir='ltr'><em>universis</em></span> <span class='ocrx_word' id='word_1_9' title='bbox 977 956 1183 1036; x_wconf 77' lang='lat' dir='ltr'><em>patriarchis,</em></span> <span class='ocrx_word' id='word_1_10' title='bbox 1204 957 1444 1039; x_wconf 78' lang='lat' dir='ltr'><em>archiepiscopis</em></span> <span class='ocrx_word' id='word_1_11' title='bbox 1466 963 1495 1023; x_wconf 90' lang='lat' dir='ltr'><em>ct</em></span> <span class='ocrx_word' id='word_1_12' title='bbox 1516 959 1593 1024; x_wconf 80' lang='lat' dir='ltr'><em>attis</em></span> <span class='ocrx_word' id='word_1_13' title='bbox 1608 960 1766 1045; x_wconf 61' lang='lat' dir='ltr'><em>praemis</em></span> <span class='ocrx_word' id='word_1_14' title='bbox 1788 961 1824 1024; x_wconf 89' lang='lat' dir='ltr'><em>in</em></span> <span class='ocrx_word' id='word_1_15' title='bbox 1846 960 1947 1025; x_wconf 90' lang='lat' dir='ltr'><em>uttra·</em></span> 
     </span>
     <span class='ocr_line' id='line_1_4' title="bbox 291 1056 1947 1143; baseline 0.002 -21"><span class='ocrx_word' id='word_1_16' title='bbox 291 1058 428 1123; x_wconf 69' lang='lat' dir='ltr'><em>truncinis</em></span> <span class='ocrx_word' id='word_1_17' title='bbox 459 1058 605 1138; x_wconf 85' lang='lat' dir='ltr'><em>pertibus</em></span> <span class='ocrx_word' id='word_1_18' title='bbox 639 1058 816 1122; x_wconf 86' lang='lat' dir='ltr'><em>constitutis</em></span> <span class='ocrx_word' id='word_1_19' title='bbox 845 1056 1021 1142; x_wconf 90' lang='lat' dir='ltr'><em>[Odoncm]</em></span> <span class='ocrx_word' id='word_1_20' title='bbox 1054 1060 1230 1140; x_wconf 85' lang='lat' dir='ltr'><em>episcopum</em></span> <span class='ocrx_word' id='word_1_21' title='bbox 1266 1061 1479 1124; x_wconf 82' lang='lat' dir='ltr'><em>Tusculanum</em></span> <span class='ocrx_word' id='word_1_22' title='bbox 1514 1063 1719 1141; x_wconf 76' lang='lat' dir='ltr'><em>commendat,</em></span> <span class='ocrx_word' id='word_1_23' title='bbox 1753 1064 1804 1126; x_wconf 89' lang='lat' dir='ltr'><em>eui</em></span> <span class='ocrx_word' id='word_1_24' title='bbox 1831 1063 1947 1143; x_wconf 70' lang='lat' dir='ltr'><em>patenae</em></span> 
     </span>
     <span class='ocr_line' id='line_1_5' title="bbox 291 1159 1948 1246; baseline 0.001 -19"><span class='ocrx_word' id='word_1_25' title='bbox 291 1162 456 1244; x_wconf 72' lang='lat' dir='ltr'><em>tegationis</em></span> <span class='ocrx_word' id='word_1_26' title='bbox 489 1159 629 1246; x_wconf 72' lang='lat' dir='ltr'><em>officium</em></span> <span class='ocrx_word' id='word_1_27' title='bbox 661 1160 843 1224; x_wconf 74' lang='lat' dir='ltr'><em>concesserit</em></span> <span class='ocrx_word' id='word_1_28' title='bbox 875 1165 903 1224; x_wconf 89' lang='lat' dir='ltr'><em>et</em></span> <span class='ocrx_word' id='word_1_29' title='bbox 940 1161 1070 1225; x_wconf 86' lang='lat' dir='ltr'><em>liberam</em></span> <span class='ocrx_word' id='word_1_30' title='bbox 1100 1168 1280 1242; x_wconf 86' lang='lat' dir='ltr'><em>potestatem</em></span> <span class='ocrx_word' id='word_1_31' title='bbox 1317 1165 1488 1228; x_wconf 71' lang='lat' dir='ltr'><em>retentandi</em></span> <span class='ocrx_word' id='word_1_32' title='bbox 1520 1166 1847 1230; x_wconf 82' lang='lat' dir='ltr'><em>enccmmunicationis</em></span> <span class='ocrx_word' id='word_1_33' title='bbox 1879 1185 1948 1230; x_wconf 89' lang='lat' dir='ltr'><em>sen-</em></span> 
     </span>
     <span class='ocr_line' id='line_1_6' title="bbox 292 1264 1946 1352; baseline 0.002 -23"><span class='ocrx_word' id='word_1_34' title='bbox 292 1266 430 1343; x_wconf 85' lang='lat' dir='ltr'><em>tentiam,</em></span> <span class='ocrx_word' id='word_1_35' title='bbox 453 1285 547 1346; x_wconf 86' lang='lat' dir='ltr'><em>quam</em></span> <span class='ocrx_word' id='word_1_36' title='bbox 569 1264 720 1328; x_wconf 90' lang='lat' dir='ltr'><em>nonnutti</em></span> <span class='ocrx_word' id='word_1_37' title='bbox 735 1265 878 1344; x_wconf 85' lang='lat' dir='ltr'><em>partium</em></span> <span class='ocrx_word' id='word_1_38' title='bbox 901 1265 1072 1329; x_wconf 77' lang='lat' dir='ltr'><em>eamndem</em></span> <span class='ocrx_word' id='word_1_39' title='bbox 1090 1266 1288 1332; x_wconf 79' lang='lat' dir='ltr'><em>aethaerendo</em></span> <span class='ocrx_word' id='word_1_40' title='bbox 1302 1267 1504 1352; x_wconf 79' lang='lat' dir='ltr'><em>F[rictcrico]</em></span> <span class='ocrx_word' id='word_1_41' title='bbox 1519 1268 1676 1349; x_wconf 76' lang='lat' dir='ltr'><em>quercetani</em></span> <span class='ocrx_word' id='word_1_42' title='bbox 1690 1269 1874 1350; x_wconf 81' lang='lat' dir='ltr'><em>imperatori</em></span> <span class='ocrx_word' id='word_1_43' title='bbox 1895 1270 1946 1332; x_wconf 80' lang='lat' dir='ltr'><em>in-</em></span> 
     </span>
     <span class='ocr_line' id='line_1_7' title="bbox 292 1369 1861 1451; baseline 0.003 -17"><span class='ocrx_word' id='word_1_44' title='bbox 292 1369 461 1434; x_wconf 87' lang='lat' dir='ltr'><em>currerint.</em></span> <span class='ocrx_word' id='word_1_45' title='bbox 1611 1375 1704 1451; x_wconf 79' lang='lat'><em>1248,</em></span> <span class='ocrx_word' id='word_1_46' title='bbox 1726 1373 1789 1437; x_wconf 88' lang='lat' dir='ltr'><em>lut.</em></span> <span class='ocrx_word' id='word_1_47' title='bbox 1807 1375 1861 1439; x_wconf 85' lang='lat'><em>21.</em></span> 
     </span>
    </p>
   </div>
   <div class='ocr_carea' id='block_1_4' title="bbox 395 1485 1011 1642">
    <p class='ocr_par' dir='ltr' id='par_1_4' title="bbox 395 1485 1011 1642">
     <span class='ocr_line' id='line_1_8' title="bbox 395 1485 1011 1557; baseline 0.002 -16"><span class='ocrx_word' id='word_1_48' title='bbox 395 1487 460 1543; x_wconf 84' lang='lat' dir='ltr'><em>Iun.</em></span> <span class='ocrx_word' id='word_1_49' title='bbox 473 1487 522 1541; x_wconf 86' lang='lat' dir='ltr'><em>IV</em></span> <span class='ocrx_word' id='word_1_50' title='bbox 536 1485 600 1557; x_wconf 75' lang='lat' dir='ltr'><em>ch.</em></span> <span class='ocrx_word' id='word_1_51' title='bbox 620 1486 680 1542; x_wconf 74' lang='lat' dir='ltr'><em>mo.</em></span> <span class='ocrx_word' id='word_1_52' title='bbox 699 1486 748 1554; x_wconf 87' lang='lat' dir='ltr'><em>VI,</em></span> <span class='ocrx_word' id='word_1_53' title='bbox 765 1485 840 1554; x_wconf 62' lang='lat'><em>1366,</em></span> <span class='ocrx_word' id='word_1_54' title='bbox 856 1503 912 1541; x_wconf 77' lang='lat' dir='ltr'><em>carr.</em></span> <span class='ocrx_word' id='word_1_55' title='bbox 931 1494 1011 1542; x_wconf 82' lang='lat' dir='ltr'><em>n19.</em></span> 
     </span>
     <span class='ocr_line' id='line_1_9' title="bbox 397 1573 933 1642; baseline 0.002 -15"><span class='ocrx_word' id='word_1_56' title='bbox 397 1573 527 1641; x_wconf 83' lang='lat' dir='ltr'><em>Potttrast,</em></span> <span class='ocrx_word' id='word_1_57' title='bbox 548 1573 611 1642; x_wconf 73' lang='lat' dir='ltr'><em>aa.</em></span> <span class='ocrx_word' id='word_1_58' title='bbox 624 1579 719 1637; x_wconf 74' lang='lat'><strong><em>137325</em></strong></span> <span class='ocrx_word' id='word_1_59' title='bbox 736 1573 835 1641; x_wconf 76' lang='lat' dir='ltr'><em>Rcracr</em></span> <span class='ocrx_word' id='word_1_60' title='bbox 853 1579 933 1628; x_wconf 77' lang='lat'><strong><em>4680.</em></strong></span> 
     </span>
    </p>
   </div>
   <div class='ocr_carea' id='block_1_5' title="bbox 371 1768 1869 2225">
    <p class='ocr_par' dir='ltr' id='par_1_5' title="bbox 371 1768 1869 2225">
     <span class='ocr_line' id='line_1_10' title="bbox 483 1768 1754 1866; baseline 0.003 -24"><span class='ocrx_word' id='word_1_61' title='bbox 483 1768 719 1844; x_wconf 87' lang='lat' dir='ltr'><em>Universis</em></span> <span class='ocrx_word' id='word_1_62' title='bbox 746 1770 1049 1862; x_wconf 85' lang='lat' dir='ltr'><em>patriarchis,</em></span> <span class='ocrx_word' id='word_1_63' title='bbox 1077 1771 1430 1863; x_wconf 86' lang='lat' dir='ltr'><em>archiepiscopis</em></span> <span class='ocrx_word' id='word_1_64' title='bbox 1456 1777 1500 1845; x_wconf 89' lang='lat' dir='ltr'><em>et</em></span> <span class='ocrx_word' id='word_1_65' title='bbox 1527 1773 1754 1866; x_wconf 87' lang='lat' dir='ltr'><em>episcopis</em></span> 
     </span>
     <span class='ocr_line' id='line_1_11' title="bbox 371 1890 1869 1989; baseline 0.002 -23"><span class='ocrx_word' id='word_1_66' title='bbox 371 1913 420 1966; x_wconf 86' lang='lat' dir='ltr'><em>ac</em></span> <span class='ocrx_word' id='word_1_67' title='bbox 453 1890 711 1979; x_wconf 81' lang='lat' dir='ltr'><em>abbatibus,</em></span> <span class='ocrx_word' id='word_1_68' title='bbox 746 1892 991 1982; x_wconf 90' lang='lat' dir='ltr'><em>prioribus,</em></span> <span class='ocrx_word' id='word_1_69' title='bbox 1023 1892 1235 1983; x_wconf 76' lang='lat' dir='ltr'><em>decaniS,</em></span> <span class='ocrx_word' id='word_1_70' title='bbox 1269 1893 1636 1968; x_wconf 86' lang='lat' dir='ltr'><em>archidiaconis</em></span> <span class='ocrx_word' id='word_1_71' title='bbox 1668 1896 1869 1989; x_wconf 89' lang='lat' dir='ltr'><em>aliisque</em></span> 
     </span>
     <span class='ocr_line' id='line_1_12' title="bbox 409 2012 1836 2108; baseline 0.003 -22"><span class='ocrx_word' id='word_1_72' title='bbox 409 2014 696 2087; x_wconf 85' lang='lat' dir='ltr'><em>ecclesiarum</em></span> <span class='ocrx_word' id='word_1_73' title='bbox 723 2012 931 2103; x_wconf 79' lang='lat' dir='ltr'><em>prelatis,</em></span> <span class='ocrx_word' id='word_1_74' title='bbox 960 2018 1050 2085; x_wconf 87' lang='lat' dir='ltr'><em>tam</em></span> <span class='ocrx_word' id='word_1_75' title='bbox 1081 2013 1304 2105; x_wconf 86' lang='lat' dir='ltr'><em>exemptis</em></span> <span class='ocrx_word' id='word_1_76' title='bbox 1331 2035 1462 2106; x_wconf 88' lang='lat' dir='ltr'><em>quam</em></span> <span class='ocrx_word' id='word_1_77' title='bbox 1488 2037 1576 2089; x_wconf 89' lang='lat' dir='ltr'><em>non</em></span> <span class='ocrx_word' id='word_1_78' title='bbox 1605 2018 1836 2108; x_wconf 84' lang='lat' dir='ltr'><em>exernptis,</em></span> 
     </span>
     <span class='ocr_line' id='line_1_13' title="bbox 670 2133 1577 2225; baseline 0.004 -20"><span class='ocrx_word' id='word_1_79' title='bbox 670 2133 712 2206; x_wconf 91' lang='lat' dir='ltr'><em>in</em></span> <span class='ocrx_word' id='word_1_80' title='bbox 738 2133 1047 2206; x_wconf 80' lang='lat' dir='ltr'><em>ultramarinis</em></span> <span class='ocrx_word' id='word_1_81' title='bbox 1073 2134 1278 2225; x_wconf 87' lang='lat' dir='ltr'><em>partibus</em></span> <span class='ocrx_word' id='word_1_82' title='bbox 1306 2135 1577 2209; x_wconf 86' lang='lat' dir='ltr'><em>constitutis.</em></span> 
     </span>
    </p>
   </div>
   <div class='ocr_carea' id='block_1_6' title="bbox 292 2283 1948 3613">
    <p class='ocr_par' dir='ltr' id='par_1_6' title="bbox 292 2283 1948 3613">
     <span class='ocr_line' id='line_1_14' title="bbox 401 2283 1947 2369; baseline 0.002 -21"><span class='ocrx_word' id='word_1_83' title='bbox 401 2283 597 2349; x_wconf 80' lang='lat' dir='ltr'><em>Salubrem¹</em></span> <span class='ocrx_word' id='word_1_84' title='bbox 630 2289 664 2346; x_wconf 88' lang='lat' dir='ltr'><em>et</em></span> <span class='ocrx_word' id='word_1_85' title='bbox 697 2303 888 2368; x_wconf 89' lang='lat' dir='ltr'><em>prosperum</em></span> <span class='ocrx_word' id='word_1_86' title='bbox 919 2291 1100 2348; x_wconf 88' lang='lat' dir='ltr'><em>vestrarum</em></span> <span class='ocrx_word' id='word_1_87' title='bbox 1130 2284 1272 2369; x_wconf 87' lang='lat' dir='ltr'><em>partium</em></span> <span class='ocrx_word' id='word_1_88' title='bbox 1304 2290 1439 2365; x_wconf 88' lang='lat' dir='ltr'><em>statum,</em></span> <span class='ocrx_word' id='word_1_89' title='bbox 1473 2285 1706 2352; x_wconf 83' lang='lat' dir='ltr'><em>exaltationem</em></span> <span class='ocrx_word' id='word_1_90' title='bbox 1738 2287 1877 2352; x_wconf 85' lang='lat' dir='ltr'><em>ecclesie</em></span> <span class='ocrx_word' id='word_1_91' title='bbox 1908 2308 1947 2351; x_wconf 89' lang='lat' dir='ltr'><em>ae</em></span> 
     </span>
     <span class='ocr_line' id='line_1_15' title="bbox 292 2385 1946 2468; baseline 0.002 -16"><span class='ocrx_word' id='word_1_92' title='bbox 292 2387 395 2453; x_wconf 86' lang='lat' dir='ltr'><em>Terre</em></span> <span class='ocrx_word' id='word_1_93' title='bbox 420 2387 540 2452; x_wconf 81' lang='lat' dir='ltr'><em>Sancte</em></span> <span class='ocrx_word' id='word_1_94' title='bbox 564 2386 791 2450; x_wconf 85' lang='lat' dir='ltr'><em>liberationem</em></span> <span class='ocrx_word' id='word_1_95' title='bbox 815 2387 891 2450; x_wconf 91' lang='lat' dir='ltr'><em>totis</em></span> <span class='ocrx_word' id='word_1_96' title='bbox 914 2385 1085 2450; x_wconf 88' lang='lat' dir='ltr'><em>desideriis</em></span> <span class='ocrx_word' id='word_1_97' title='bbox 1109 2387 1315 2468; x_wconf 84' lang='lat' dir='ltr'><em>affectantes,</em></span> <span class='ocrx_word' id='word_1_98' title='bbox 1339 2389 1561 2452; x_wconf 86' lang='lat' dir='ltr'><em>venerabilem</em></span> <span class='ocrx_word' id='word_1_99' title='bbox 1584 2387 1718 2452; x_wconf 86' lang='lat' dir='ltr'><em>fratrem</em></span> <span class='ocrx_word' id='word_1_100' title='bbox 1741 2397 1887 2455; x_wconf 89' lang='lat' dir='ltr'><em>nostrum</em></span> <span class='ocrx_word' id='word_1_101' title='bbox 1911 2440 1946 2454; x_wconf 90' lang='lat'><em>..</em></span> 
     </span>
     <span class='ocr_line' id='line_1_16' title="bbox 294 2490 1947 2578; baseline 0.001 -21"><span class='ocrx_word' id='word_1_102' title='bbox 294 2494 479 2578; x_wconf 89' lang='lat' dir='ltr'><em>episcopum</em></span> <span class='ocrx_word' id='word_1_103' title='bbox 504 2490 740 2569; x_wconf 88' lang='lat' dir='ltr'><em>Tusculanum,</em></span> <span class='ocrx_word' id='word_1_104' title='bbox 770 2490 875 2553; x_wconf 85' lang='lat' dir='ltr'><em>virum</em></span> <span class='ocrx_word' id='word_1_105' title='bbox 899 2491 1036 2554; x_wconf 88' lang='lat' dir='ltr'><em>seientia</em></span> <span class='ocrx_word' id='word_1_106' title='bbox 1065 2490 1244 2575; x_wconf 85' lang='lat' dir='ltr'><em>preditum,</em></span> <span class='ocrx_word' id='word_1_107' title='bbox 1275 2491 1450 2557; x_wconf 87' lang='lat' dir='ltr'><em>honestata</em></span> <span class='ocrx_word' id='word_1_108' title='bbox 1479 2491 1632 2557; x_wconf 88' lang='lat' dir='ltr'><em>dacorum</em></span> <span class='ocrx_word' id='word_1_109' title='bbox 1662 2499 1695 2558; x_wconf 88' lang='lat' dir='ltr'><em>et</em></span> <span class='ocrx_word' id='word_1_110' title='bbox 1723 2495 1776 2557; x_wconf 79' lang='lat' dir='ltr'><em>in·</em></span> <span class='ocrx_word' id='word_1_111' title='bbox 1798 2496 1947 2559; x_wconf 91' lang='lat' dir='ltr'><em>consiliis</em></span> 
     </span>
     <span class='ocr_line' id='line_1_17' title="bbox 294 2592 1946 2684; baseline 0.001 -24"><span class='ocrx_word' id='word_1_112' title='bbox 294 2598 582 2681; x_wconf 89' lang='lat' dir='ltr'><em>circumspectum,</em></span> <span class='ocrx_word' id='word_1_113' title='bbox 619 2592 660 2657; x_wconf 87' lang='lat' dir='ltr'><em>ad</em></span> <span class='ocrx_word' id='word_1_114' title='bbox 689 2599 800 2679; x_wconf 88' lang='lat' dir='ltr'><em>partas</em></span> <span class='ocrx_word' id='word_1_115' title='bbox 833 2593 923 2679; x_wconf 90' lang='lat' dir='ltr'><em>ipsas</em></span> <span class='ocrx_word' id='word_1_116' title='bbox 960 2615 1019 2678; x_wconf 91' lang='lat' dir='ltr'><em>pro</em></span> <span class='ocrx_word' id='word_1_117' title='bbox 1055 2593 1202 2659; x_wconf 88' lang='lat' dir='ltr'><em>eiusdem</em></span> <span class='ocrx_word' id='word_1_118' title='bbox 1240 2595 1378 2659; x_wconf 87' lang='lat' dir='ltr'><em>ecclesie</em></span> <span class='ocrx_word' id='word_1_119' title='bbox 1411 2597 1578 2681; x_wconf 82' lang='lat' dir='ltr'><em>ipsiusque</em></span> <span class='ocrx_word' id='word_1_120' title='bbox 1607 2603 1693 2662; x_wconf 87' lang='lat' dir='ltr'><em>terra</em></span> <span class='ocrx_word' id='word_1_121' title='bbox 1724 2597 1946 2684; x_wconf 84' lang='lat' dir='ltr'><em>promovendo</em></span> 
     </span>
     <span class='ocr_line' id='line_1_18' title="bbox 293 2697 1948 2786; baseline 0.001 -22"><span class='ocrx_word' id='word_1_122' title='bbox 293 2701 423 2786; x_wconf 87' lang='lat' dir='ltr'><em>negotio</em></span> <span class='ocrx_word' id='word_1_123' title='bbox 454 2721 492 2764; x_wconf 91' lang='lat' dir='ltr'><em>ac</em></span> <span class='ocrx_word' id='word_1_124' title='bbox 522 2698 665 2762; x_wconf 88' lang='lat' dir='ltr'><em>utilitate</em></span> <span class='ocrx_word' id='word_1_125' title='bbox 696 2697 857 2760; x_wconf 89' lang='lat' dir='ltr'><em>dictarum</em></span> <span class='ocrx_word' id='word_1_126' title='bbox 889 2697 1028 2783; x_wconf 88' lang='lat' dir='ltr'><em>partium</em></span> <span class='ocrx_word' id='word_1_127' title='bbox 1060 2698 1265 2783; x_wconf 89' lang='lat' dir='ltr'><em>procuranda</em></span> <span class='ocrx_word' id='word_1_128' title='bbox 1295 2705 1462 2784; x_wconf 83' lang='lat' dir='ltr'><em>tamquam</em></span> <span class='ocrx_word' id='word_1_129' title='bbox 1492 2701 1581 2784; x_wconf 89' lang='lat' dir='ltr'><em>pacis</em></span> <span class='ocrx_word' id='word_1_130' title='bbox 1613 2702 1766 2785; x_wconf 81' lang='lat' dir='ltr'><em>angelum</em></span> <span class='ocrx_word' id='word_1_131' title='bbox 1798 2701 1948 2766; x_wconf 83' lang='lat' dir='ltr'><em>duximus</em></span> 
     </span>
     <span class='ocr_line' id='line_1_19' title="bbox 294 2800 1946 2888; baseline -0.001 -19"><span class='ocrx_word' id='word_1_132' title='bbox 294 2803 588 2880; x_wconf 88' lang='lat' dir='ltr'><em>transmittendum,</em></span> <span class='ocrx_word' id='word_1_133' title='bbox 613 2802 710 2886; x_wconf 87' lang='lat' dir='ltr'><em>plene</em></span> <span class='ocrx_word' id='word_1_134' title='bbox 735 2801 797 2864; x_wconf 90' lang='lat' dir='ltr'><em>sibi</em></span> <span class='ocrx_word' id='word_1_135' title='bbox 819 2800 994 2884; x_wconf 84' lang='lat' dir='ltr'><em>legationis</em></span> <span class='ocrx_word' id='word_1_136' title='bbox 1017 2800 1123 2864; x_wconf 85' lang='lat' dir='ltr'><em>officio</em></span> <span class='ocrx_word' id='word_1_137' title='bbox 1148 2821 1186 2865; x_wconf 89' lang='lat' dir='ltr'><em>ae</em></span> <span class='ocrx_word' id='word_1_138' title='bbox 1209 2802 1314 2866; x_wconf 89' lang='lat' dir='ltr'><em>libera</em></span> <span class='ocrx_word' id='word_1_139' title='bbox 1336 2809 1502 2888; x_wconf 82' lang='lat' dir='ltr'><em>potestate</em></span> <span class='ocrx_word' id='word_1_140' title='bbox 1528 2804 1699 2868; x_wconf 86' lang='lat' dir='ltr'><em>relaxandi</em></span> <span class='ocrx_word' id='word_1_141' title='bbox 1720 2805 1946 2869; x_wconf 89' lang='lat' dir='ltr'><em>excommuni-</em></span> 
     </span>
     <span class='ocr_line' id='line_1_20' title="bbox 294 2904 1947 2991; baseline -0.002 -17"><span class='ocrx_word' id='word_1_142' title='bbox 294 2908 431 2974; x_wconf 87' lang='lat' dir='ltr'><em>cationis</em></span> <span class='ocrx_word' id='word_1_143' title='bbox 456 2905 671 2982; x_wconf 88' lang='lat' dir='ltr'><em>sententiam,</em></span> <span class='ocrx_word' id='word_1_144' title='bbox 702 2925 800 2989; x_wconf 91' lang='lat' dir='ltr'><em>quam</em></span> <span class='ocrx_word' id='word_1_145' title='bbox 823 2905 971 2968; x_wconf 90' lang='lat' dir='ltr'><em>nonnulli</em></span> <span class='ocrx_word' id='word_1_146' title='bbox 994 2905 1135 2989; x_wconf 92' lang='lat' dir='ltr'><em>partium</em></span> <span class='ocrx_word' id='word_1_147' title='bbox 1160 2905 1336 2969; x_wconf 88' lang='lat' dir='ltr'><em>earundem</em></span> <span class='ocrx_word' id='word_1_148' title='bbox 1360 2904 1548 2970; x_wconf 86' lang='lat' dir='ltr'><em>adherendo</em></span> <span class='ocrx_word' id='word_1_149' title='bbox 1572 2905 1609 2972; x_wconf 76' lang='lat' dir='ltr'><em>F.</em></span> <span class='ocrx_word' id='word_1_150' title='bbox 1634 2906 1800 2991; x_wconf 90' lang='lat' dir='ltr'><em>quondam</em></span> <span class='ocrx_word' id='word_1_151' title='bbox 1823 2906 1947 2972; x_wconf 85' lang='lat' dir='ltr'><em>Rorna-</em></span> 
     </span>
     <span class='ocr_line' id='line_1_21' title="bbox 294 3007 1947 3096; baseline -0.002 -19"><span class='ocrx_word' id='word_1_152' title='bbox 294 3034 408 3078; x_wconf 90' lang='lat' dir='ltr'><em>norum</em></span> <span class='ocrx_word' id='word_1_153' title='bbox 437 3009 627 3096; x_wconf 89' lang='lat' dir='ltr'><em>imperatori</em></span> <span class='ocrx_word' id='word_1_154' title='bbox 659 3007 792 3093; x_wconf 89' lang='lat' dir='ltr'><em>suisque</em></span> <span class='ocrx_word' id='word_1_155' title='bbox 820 3007 1000 3072; x_wconf 84' lang='lat' dir='ltr'><em>fautoribus</em></span> <span class='ocrx_word' id='word_1_156' title='bbox 1031 3014 1144 3073; x_wconf 90' lang='lat' dir='ltr'><em>contra</em></span> <span class='ocrx_word' id='word_1_157' title='bbox 1173 3010 1347 3074; x_wconf 88' lang='lat' dir='ltr'><em>ecelesiam</em></span> <span class='ocrx_word' id='word_1_158' title='bbox 1375 3010 1481 3096; x_wconf 85' lang='lat' dir='ltr'><em>ipsam</em></span> <span class='ocrx_word' id='word_1_159' title='bbox 1505 3017 1538 3074; x_wconf 90' lang='lat' dir='ltr'><em>et</em></span> <span class='ocrx_word' id='word_1_160' title='bbox 1561 3030 1782 3096; x_wconf 88' lang='lat' dir='ltr'><em>quascumque</em></span> <span class='ocrx_word' id='word_1_161' title='bbox 1807 3012 1889 3074; x_wconf 88' lang='lat' dir='ltr'><em>alias</em></span> <span class='ocrx_word' id='word_1_162' title='bbox 1915 3011 1947 3074; x_wconf 92' lang='lat' dir='ltr'><em>in</em></span> 
     </span>
     <span class='ocr_line' id='line_1_22' title="bbox 296 3113 1947 3198; baseline -0.001 -18"><span class='ocrx_word' id='word_1_163' title='bbox 296 3116 419 3181; x_wconf 90' lang='lat' dir='ltr'><em>eisdem</em></span> <span class='ocrx_word' id='word_1_164' title='bbox 444 3116 625 3179; x_wconf 80' lang='lat' dir='ltr'><em>existentes</em></span> <span class='ocrx_word' id='word_1_165' title='bbox 649 3114 800 3198; x_wconf 88' lang='lat' dir='ltr'><em>partibus</em></span> <span class='ocrx_word' id='word_1_166' title='bbox 819 3113 1026 3177; x_wconf 89' lang='lat' dir='ltr'><em>incurrerunt</em></span> <span class='ocrx_word' id='word_1_167' title='bbox 1051 3114 1102 3178; x_wconf 86' lang='lat' dir='ltr'><em>vel</em></span> <span class='ocrx_word' id='word_1_168' title='bbox 1125 3115 1330 3194; x_wconf 83' lang='lat' dir='ltr'><em>incurrerint,</em></span> <span class='ocrx_word' id='word_1_169' title='bbox 1355 3121 1389 3178; x_wconf 91' lang='lat' dir='ltr'><em>et</em></span> <span class='ocrx_word' id='word_1_170' title='bbox 1411 3114 1595 3178; x_wconf 87' lang='lat' dir='ltr'><em>remittendi</em></span> <span class='ocrx_word' id='word_1_171' title='bbox 1617 3115 1799 3180; x_wconf 86' lang='lat' dir='ltr'><em>liberaliter</em></span> <span class='ocrx_word' id='word_1_172' title='bbox 1814 3116 1947 3179; x_wconf 89' lang='lat' dir='ltr'><em>iniurias</em></span> 
     </span>
     <span class='ocr_line' id='line_1_23' title="bbox 294 3215 1947 3303; baseline -0.002 -19"><span class='ocrx_word' id='word_1_173' title='bbox 294 3225 328 3284; x_wconf 88' lang='lat' dir='ltr'><em>et</em></span> <span class='ocrx_word' id='word_1_174' title='bbox 350 3219 508 3298; x_wconf 85' lang='lat' dir='ltr'><em>offensas,</em></span> <span class='ocrx_word' id='word_1_175' title='bbox 540 3217 566 3281; x_wconf 91' lang='lat' dir='ltr'><em>si</em></span> <span class='ocrx_word' id='word_1_176' title='bbox 596 3237 676 3301; x_wconf 91' lang='lat' dir='ltr'><em>quas</em></span> <span class='ocrx_word' id='word_1_177' title='bbox 700 3215 806 3280; x_wconf 89' lang='lat' dir='ltr'><em>eidem</em></span> <span class='ocrx_word' id='word_1_178' title='bbox 829 3217 1010 3280; x_wconf 87' lang='lat' dir='ltr'><em>intulerunt</em></span> <span class='ocrx_word' id='word_1_179' title='bbox 1035 3218 1191 3299; x_wconf 87' lang='lat' dir='ltr'><em>ecclesie,</em></span> <span class='ocrx_word' id='word_1_180' title='bbox 1222 3218 1377 3303; x_wconf 89' lang='lat' dir='ltr'><em>ipsosque</em></span> <span class='ocrx_word' id='word_1_181' title='bbox 1399 3218 1433 3282; x_wconf 92' lang='lat' dir='ltr'><em>in</em></span> <span class='ocrx_word' id='word_1_182' title='bbox 1457 3223 1602 3281; x_wconf 88' lang='lat' dir='ltr'><em>nostram</em></span> <span class='ocrx_word' id='word_1_183' title='bbox 1625 3224 1659 3283; x_wconf 90' lang='lat' dir='ltr'><em>et</em></span> <span class='ocrx_word' id='word_1_184' title='bbox 1682 3218 1784 3303; x_wconf 91' lang='lat' dir='ltr'><em>ipsius</em></span> <span class='ocrx_word' id='word_1_185' title='bbox 1808 3218 1947 3284; x_wconf 88' lang='lat' dir='ltr'><em>ecclesie</em></span> 
     </span>
     <span class='ocr_line' id='line_1_24' title="bbox 293 3317 1948 3407; baseline -0.001 -21"><span class='ocrx_word' id='word_1_186' title='bbox 293 3323 430 3407; x_wconf 86' lang='lat' dir='ltr'><em>gratiam</em></span> <span class='ocrx_word' id='word_1_187' title='bbox 454 3319 647 3385; x_wconf 88' lang='lat' dir='ltr'><em>admittendi</em></span> <span class='ocrx_word' id='word_1_188' title='bbox 671 3318 871 3384; x_wconf 79' lang='lat' dir='ltr'><em>concessis².</em></span> <span class='ocrx_word' id='word_1_189' title='bbox 917 3317 1002 3392; x_wconf 84' lang='lat' dir='ltr'><em>Quia</em></span> <span class='ocrx_word' id='word_1_190' title='bbox 1025 3340 1102 3383; x_wconf 86' lang='lat' dir='ltr'><em>vero</em></span> <span class='ocrx_word' id='word_1_191' title='bbox 1125 3321 1232 3406; x_wconf 88' lang='lat' dir='ltr'><em>ipsum</em></span> <span class='ocrx_word' id='word_1_192' title='bbox 1261 3321 1347 3384; x_wconf 90' lang='lat' dir='ltr'><em>inter</em></span> <span class='ocrx_word' id='word_1_193' title='bbox 1375 3321 1455 3384; x_wconf 88' lang='lat' dir='ltr'><em>alios</em></span> <span class='ocrx_word' id='word_1_194' title='bbox 1485 3321 1603 3385; x_wconf 84' lang='lat' dir='ltr'><em>fratres</em></span> <span class='ocrx_word' id='word_1_195' title='bbox 1633 3329 1762 3386; x_wconf 89' lang='lat' dir='ltr'><em>nostros</em></span> <span class='ocrx_word' id='word_1_196' title='bbox 1795 3323 1948 3407; x_wconf 87' lang='lat' dir='ltr'><em>specialis</em></span> 
     </span>
     <span class='ocr_line' id='line_1_25' title="bbox 293 3423 1947 3510; baseline -0.001 -20"><span class='ocrx_word' id='word_1_197' title='bbox 293 3425 478 3490; x_wconf 87' lang='lat' dir='ltr'><em>dilectionis</em></span> <span class='ocrx_word' id='word_1_198' title='bbox 502 3424 644 3489; x_wconf 88' lang='lat' dir='ltr'><em>brachiis</em></span> <span class='ocrx_word' id='word_1_199' title='bbox 669 3423 905 3508; x_wconf 82' lang='lat' dir='ltr'><em>amplexamur,</em></span> <span class='ocrx_word' id='word_1_200' title='bbox 929 3424 1134 3487; x_wconf 87' lang='lat' dir='ltr'><em>universitati</em></span> <span class='ocrx_word' id='word_1_201' title='bbox 1156 3430 1267 3488; x_wconf 81' lang='lat' dir='ltr'><em>vestre</em></span> <span class='ocrx_word' id='word_1_202' title='bbox 1292 3423 1486 3488; x_wconf 90' lang='lat' dir='ltr'><em>mandamus</em></span> <span class='ocrx_word' id='word_1_203' title='bbox 1511 3431 1608 3508; x_wconf 90' lang='lat' dir='ltr'><em>atque</em></span> <span class='ocrx_word' id='word_1_204' title='bbox 1632 3425 1842 3510; x_wconf 80' lang='lat' dir='ltr'><em>precipimus,</em></span> <span class='ocrx_word' id='word_1_205' title='bbox 1867 3445 1947 3509; x_wconf 88' lang='lat' dir='ltr'><em>qua-</em></span> 
     </span>
     <span class='ocr_line' id='line_1_26' title="bbox 294 3526 1948 3613; baseline -0.002 -19"><span class='ocrx_word' id='word_1_206' title='bbox 294 3530 382 3594; x_wconf 83' lang='lat' dir='ltr'><em>tinus</em></span> <span class='ocrx_word' id='word_1_207' title='bbox 411 3550 501 3609; x_wconf 89' lang='lat' dir='ltr'><em>eum,</em></span> <span class='ocrx_word' id='word_1_208' title='bbox 534 3529 631 3592; x_wconf 90' lang='lat' dir='ltr'><em>immo</em></span> <span class='ocrx_word' id='word_1_209' title='bbox 658 3527 767 3612; x_wconf 90' lang='lat' dir='ltr'><em>potius</em></span> <span class='ocrx_word' id='word_1_210' title='bbox 796 3547 854 3590; x_wconf 91' lang='lat' dir='ltr'><em>nos</em></span> <span class='ocrx_word' id='word_1_211' title='bbox 878 3527 1020 3612; x_wconf 91' lang='lat' dir='ltr'><em>inipso,</em></span> <span class='ocrx_word' id='word_1_212' title='bbox 1054 3526 1198 3610; x_wconf 90' lang='lat' dir='ltr'><em>benigne</em></span> <span class='ocrx_word' id='word_1_213' title='bbox 1221 3528 1419 3612; x_wconf 87' lang='lat' dir='ltr'><em>recipientes</em></span> <span class='ocrx_word' id='word_1_214' title='bbox 1444 3535 1478 3592; x_wconf 89' lang='lat' dir='ltr'><em>et</em></span> <span class='ocrx_word' id='word_1_215' title='bbox 1499 3527 1674 3592; x_wconf 89' lang='lat' dir='ltr'><em>honorifice</em></span> <span class='ocrx_word' id='word_1_216' title='bbox 1698 3533 1948 3613; x_wconf 85' lang='lat' dir='ltr'><em>pertractantes,</em></span> 
     </span>
    </p>
   </div>
   <div class='ocr_carea' id='block_1_7' title="bbox 230 3629 1949 3717">
    <p class='ocr_par' dir='ltr' id='par_1_7' title="bbox 230 3629 1949 3717">
     <span class='ocr_line' id='line_1_27' title="bbox 230 3629 1949 3717; baseline -0.002 -20"><span class='ocrx_word' id='word_1_217' title='bbox 230 3677 234 3689; x_wconf 87' lang='lat'>·</span> <span class='ocrx_word' id='word_1_218' title='bbox 296 3633 401 3697; x_wconf 91' lang='lat' dir='ltr'><em>eidem</em></span> <span class='ocrx_word' id='word_1_219' title='bbox 429 3639 584 3717; x_wconf 87' lang='lat' dir='ltr'><em>tanquam</em></span> <span class='ocrx_word' id='word_1_220' title='bbox 614 3631 793 3716; x_wconf 87' lang='lat' dir='ltr'><em>apostolico</em></span> <span class='ocrx_word' id='word_1_221' title='bbox 825 3630 912 3695; x_wconf 90' lang='lat' dir='ltr'><em>sedis</em></span> <span class='ocrx_word' id='word_1_222' title='bbox 943 3631 1053 3715; x_wconf 83' lang='lat' dir='ltr'><em>legato</em></span> <span class='ocrx_word' id='word_1_223' title='bbox 1077 3651 1176 3715; x_wconf 89' lang='lat' dir='ltr'><em>super</em></span> <span class='ocrx_word' id='word_1_224' title='bbox 1199 3631 1354 3716; x_wconf 89' lang='lat' dir='ltr'><em>predictis</em></span> <span class='ocrx_word' id='word_1_225' title='bbox 1378 3630 1529 3694; x_wconf 91' lang='lat' dir='ltr'><em>omnibus</em></span> <span class='ocrx_word' id='word_1_226' title='bbox 1553 3631 1741 3694; x_wconf 88' lang='lat' dir='ltr'><em>intendatis.</em></span> <span class='ocrx_word' id='word_1_227' title='bbox 1787 3629 1949 3715; x_wconf 84' lang='lat' dir='ltr'><em>Quicquid</em></span> 
     </span>
    </p>
   </div>
   <div class='ocr_carea' id='block_1_8' title="bbox 219 4902 245 4941">
    <p class='ocr_par' dir='ltr' id='par_1_8' title="bbox 219 4902 245 4941">
     <span class='ocr_line' id='line_1_28' title="bbox 219 4902 245 4941; baseline 0 0"><span class='ocrx_word' id='word_1_228' title='bbox 219 4902 245 4941; x_wconf 82' lang='lat'><em>³0</em></span> 
     </span>
    </p>
   </div>
   <div class='ocr_carea' id='block_1_9' title="bbox 220 5625 245 5665">
    <p class='ocr_par' dir='ltr' id='par_1_9' title="bbox 220 5625 245 5665">
     <span class='ocr_line' id='line_1_29' title="bbox 220 5625 245 5665; baseline 0 0"><span class='ocrx_word' id='word_1_229' title='bbox 220 5625 245 5665; x_wconf 67' lang='lat' dir='ltr'><em>bb</em></span> 
     </span>
    </p>
   </div>
   <div class='ocr_carea' id='block_1_10' title="bbox 295 3733 1948 4028">
    <p class='ocr_par' dir='ltr' id='par_1_10' title="bbox 295 3733 1948 4028">
     <span class='ocr_line' id='line_1_30' title="bbox 296 3733 1948 3822; baseline -0.002 -21"><span class='ocrx_word' id='word_1_230' title='bbox 296 3738 381 3801; x_wconf 86' lang='lat' dir='ltr'><em>enirn</em></span> <span class='ocrx_word' id='word_1_231' title='bbox 406 3758 504 3822; x_wconf 89' lang='lat' dir='ltr'><em>super</em></span> <span class='ocrx_word' id='word_1_232' title='bbox 526 3735 695 3820; x_wconf 88' lang='lat' dir='ltr'><em>premissis</em></span> <span class='ocrx_word' id='word_1_233' title='bbox 718 3733 848 3797; x_wconf 85' lang='lat' dir='ltr'><em>duxerit</em></span> <span class='ocrx_word' id='word_1_234' title='bbox 876 3733 1077 3813; x_wconf 85' lang='lat' dir='ltr'><em>faciendum,</em></span> <span class='ocrx_word' id='word_1_235' title='bbox 1109 3733 1257 3797; x_wconf 68' lang='lat' dir='ltr'><em>firmumb</em></span> <span class='ocrx_word' id='word_1_236' title='bbox 1281 3734 1475 3798; x_wconf 88' lang='lat' dir='ltr'><em>habebimus</em></span> <span class='ocrx_word' id='word_1_237' title='bbox 1506 3740 1538 3798; x_wconf 90' lang='lat' dir='ltr'><em>et</em></span> <span class='ocrx_word' id='word_1_238' title='bbox 1568 3740 1749 3820; x_wconf 89' lang='lat' dir='ltr'><em>acceptum.</em></span> <span class='ocrx_word' id='word_1_239' title='bbox 1795 3733 1948 3818; x_wconf 88' lang='lat' dir='ltr'><em>Alioquin</em></span> 
     </span>
     <span class='ocr_line' id='line_1_31' title="bbox 296 3837 1947 3924; baseline -0.004 -19"><span class='ocrx_word' id='word_1_240' title='bbox 296 3841 491 3906; x_wconf 88' lang='lat' dir='ltr'><em>sententiam</em></span> <span class='ocrx_word' id='word_1_241' title='bbox 528 3841 596 3904; x_wconf 88' lang='lat' dir='ltr'><em>sive</em></span> <span class='ocrx_word' id='word_1_242' title='bbox 626 3860 762 3924; x_wconf 89' lang='lat' dir='ltr'><em>penam,</em></span> <span class='ocrx_word' id='word_1_243' title='bbox 797 3860 893 3923; x_wconf 89' lang='lat' dir='ltr'><em>quarn</em></span> <span class='ocrx_word' id='word_1_244' title='bbox 927 3838 1142 3923; x_wconf 87' lang='lat' dir='ltr'><em>spiritualiter</em></span> <span class='ocrx_word' id='word_1_245' title='bbox 1170 3838 1222 3901; x_wconf 88' lang='lat' dir='ltr'><em>vel</em></span> <span class='ocrx_word' id='word_1_246' title='bbox 1254 3839 1479 3923; x_wconf 88' lang='lat' dir='ltr'><em>temporaliter</em></span> <span class='ocrx_word' id='word_1_247' title='bbox 1507 3839 1619 3903; x_wconf 90' lang='lat' dir='ltr'><em>tulerit</em></span> <span class='ocrx_word' id='word_1_248' title='bbox 1647 3840 1680 3901; x_wconf 93' lang='lat' dir='ltr'><em>in</em></span> <span class='ocrx_word' id='word_1_249' title='bbox 1712 3837 1854 3902; x_wconf 87' lang='lat' dir='ltr'><em>rebelles</em></span> <span class='ocrx_word' id='word_1_250' title='bbox 1885 3842 1947 3901; x_wconf 88' lang='lat' dir='ltr'><em>etc.</em></span> 
     </span>
     <span class='ocr_line' id='line_1_32' title="bbox 295 3943 614 4028; baseline -0.009 -20"><span class='ocrx_word' id='word_1_251' title='bbox 295 3965 412 4028; x_wconf 89' lang='lat' dir='ltr'><em>usque:</em></span> <span class='ocrx_word' id='word_1_252' title='bbox 436 3943 614 4008; x_wconf 84' lang='lat' dir='ltr'><em>observari.</em></span> 
     </span>
    </p>
   </div>
   <div class='ocr_carea' id='block_1_11' title="bbox 402 4060 1273 4149">
    <p class='ocr_par' dir='ltr' id='par_1_11' title="bbox 402 4060 1273 4149">
     <span class='ocr_line' id='line_1_33' title="bbox 402 4060 1273 4149; baseline -0.005 -20"><span class='ocrx_word' id='word_1_253' title='bbox 402 4065 479 4130; x_wconf 88' lang='lat' dir='ltr'><em>Dat.</em></span> <span class='ocrx_word' id='word_1_254' title='bbox 502 4063 665 4149; x_wconf 87' lang='lat' dir='ltr'><em>Lugduni,</em></span> <span class='ocrx_word' id='word_1_255' title='bbox 688 4062 756 4128; x_wconf 88' lang='lat' dir='ltr'><em>XII</em></span> <span class='ocrx_word' id='word_1_256' title='bbox 779 4061 853 4127; x_wconf 91' lang='lat' dir='ltr'><em>Kal.</em></span> <span class='ocrx_word' id='word_1_257' title='bbox 877 4061 1031 4145; x_wconf 84' lang='lat' dir='ltr'><em>Augusti,</em></span> <span class='ocrx_word' id='word_1_258' title='bbox 1055 4082 1139 4126; x_wconf 91' lang='lat' dir='ltr'><em>anno</em></span> <span class='ocrx_word' id='word_1_259' title='bbox 1155 4060 1273 4125; x_wconf 72' lang='lat' dir='ltr'>VI⁰⁰³.</span> 
     </span>
    </p>
   </div>
   <div class='ocr_carea' id='block_1_12' title="bbox 1087 4741 1173 4816">
    <p class='ocr_par' dir='ltr' id='par_1_12' title="bbox 1087 4741 1173 4816">
     <span class='ocr_line' id='line_1_34' title="bbox 1087 4741 1173 4816; baseline 0.023 -2"><span class='ocrx_word' id='word_1_260' title='bbox 1087 4741 1173 4816; x_wconf 85' lang='lat'><strong>583.</strong></span> 
     </span>
    </p>
   </div>
   <div class='ocr_carea' id='block_1_13' title="bbox 296 4858 1951 5071">
    <p class='ocr_par' dir='ltr' id='par_1_13' title="bbox 296 4858 1951 5071">
     <span class='ocr_line' id='line_1_35' title="bbox 401 4858 1951 4968; baseline -0.006 -17"><span class='ocrx_word' id='word_1_261' title='bbox 401 4858 619 4951; x_wconf 81' lang='lat' dir='ltr'><em>Innocentius</em></span> <span class='ocrx_word' id='word_1_262' title='bbox 638 4884 696 4949; x_wconf 92' lang='lat' dir='ltr'><em>IV</em></span> <span class='ocrx_word' id='word_1_263' title='bbox 709 4905 800 4968; x_wconf 84' lang='lat' dir='ltr'><em>papa</em></span> <span class='ocrx_word' id='word_1_264' title='bbox 822 4883 929 4948; x_wconf 86' lang='lat' dir='ltr'><em>abbati</em></span> <span class='ocrx_word' id='word_1_265' title='bbox 952 4881 1064 4949; x_wconf 79' lang='lat' dir='ltr'><em>Sancti</em></span> <span class='ocrx_word' id='word_1_266' title='bbox 1087 4882 1225 4945; x_wconf 85' lang='lat' dir='ltr'><em>Martini</em></span> <span class='ocrx_word' id='word_1_267' title='bbox 1251 4879 1449 4945; x_wconf 81' lang='lat' dir='ltr'><em>Trercrcnsis</em></span> <span class='ocrx_word' id='word_1_268' title='bbox 1471 4879 1617 4957; x_wconf 89' lang='lat' dir='ltr'><em>mandat,</em></span> <span class='ocrx_word' id='word_1_269' title='bbox 1644 4883 1679 4942; x_wconf 92' lang='lat' dir='ltr'><em>ut</em></span> <span class='ocrx_word' id='word_1_270' title='bbox 1708 4899 1776 4943; x_wconf 73' lang='lat' dir='ltr'><em>mm</em></span> <span class='ocrx_word' id='word_1_271' title='bbox 1798 4877 1951 4964; x_wconf 86' lang='lat' dir='ltr'><em>P[etrus]</em></span> 
     </span>
     <span class='ocr_line' id='line_1_36' title="bbox 296 4983 1949 5071; baseline -0.005 -17"><span class='ocrx_word' id='word_1_272' title='bbox 296 4988 409 5054; x_wconf 82' lang='lat' dir='ltr'><em>Sancti</em></span> <span class='ocrx_word' id='word_1_273' title='bbox 432 4989 561 5071; x_wconf 76' lang='lat' dir='ltr'><em>Georgii</em></span> <span class='ocrx_word' id='word_1_274' title='bbox 581 4988 626 5052; x_wconf 88' lang='lat' dir='ltr'><em>ad</em></span> <span class='ocrx_word' id='word_1_275' title='bbox 645 4988 753 5053; x_wconf 78' lang='lat' dir='ltr'><em>Votuin</em></span> <span class='ocrx_word' id='word_1_276' title='bbox 775 4989 918 5052; x_wconf 84' lang='lat' dir='ltr'><em>Aureum</em></span> <span class='ocrx_word' id='word_1_277' title='bbox 939 4987 1091 5051; x_wconf 85' lang='lat' dir='ltr'><em>diaeonus</em></span> <span class='ocrx_word' id='word_1_278' title='bbox 1113 4986 1302 5064; x_wconf 84' lang='lat' dir='ltr'><em>cardinatis,</em></span> <span class='ocrx_word' id='word_1_279' title='bbox 1330 4985 1516 5068; x_wconf 88' lang='lat' dir='ltr'><em>apostoticae</em></span> <span class='ocrx_word' id='word_1_280' title='bbox 1539 4983 1622 5048; x_wconf 82' lang='lat' dir='ltr'><em>sedis</em></span> <span class='ocrx_word' id='word_1_281' title='bbox 1645 4983 1777 5066; x_wconf 76' lang='lat' dir='ltr'><em>topatus,</em></span> <span class='ocrx_word' id='word_1_282' title='bbox 1805 4983 1949 5047; x_wconf 70' lang='lat' dir='ltr'><em>ecctenoe</em></span> 
     </span>
    </p>
   </div>
   <div class='ocr_carea' id='block_1_14' title="bbox 400 5163 1280 5172">
    <p class='ocr_par' dir='ltr' id='par_1_14' title="bbox 400 5163 1280 5172">
     <span class='ocr_line' id='line_1_37' title="bbox 400 5163 1280 5172; baseline -0.006 0"><span class='ocrx_word' id='word_1_283' title='bbox 400 5167 521 5172; x_wconf 77' lang='lat'><em>——-</em></span> <span class='ocrx_word' id='word_1_284' title='bbox 547 5166 681 5172; x_wconf 60' lang='lat'>--.——-.</span> <span class='ocrx_word' id='word_1_285' title='bbox 714 5164 996 5171; x_wconf 77' lang='lat'><em>-.-—--—.-—--.-</em></span> <span class='ocrx_word' id='word_1_286' title='bbox 1011 5163 1196 5169; x_wconf 70' lang='lat'><em>-—-.—.-.---</em></span> <span class='ocrx_word' id='word_1_287' title='bbox 1210 5163 1280 5168; x_wconf 76' lang='grc'>.-...-..</span> 
     </span>
    </p>
   </div>
   <div class='ocr_carea' id='block_1_15' title="bbox 400 5277 1949 5352">
    <p class='ocr_par' dir='ltr' id='par_1_15' title="bbox 400 5277 1949 5352">
     <span class='ocr_line' id='line_1_38' title="bbox 400 5277 1949 5352; baseline -0.003 -17"><span class='ocrx_word' id='word_1_288' title='bbox 400 5283 424 5351; x_wconf 75' lang='lat'><em>⁸)</em></span> <span class='ocrx_word' id='word_1_289' title='bbox 443 5285 470 5336; x_wconf 90' lang='lat' dir='ltr'><em>in</em></span> <span class='ocrx_word' id='word_1_290' title='bbox 487 5285 556 5337; x_wconf 78' lang='lat' dir='ltr'><em>deest</em></span> <span class='ocrx_word' id='word_1_291' title='bbox 567 5285 614 5348; x_wconf 84' lang='lat' dir='ltr'><em>R.;</em></span> <span class='ocrx_word' id='word_1_292' title='bbox 631 5285 665 5352; x_wconf 86' lang='lat' dir='ltr'><em>es.</em></span> <span class='ocrx_word' id='word_1_293' title='bbox 677 5287 762 5336; x_wconf 73' lang='lat' dir='ltr'><em>neoc</em></span> <span class='ocrx_word' id='word_1_294' title='bbox 776 5283 831 5334; x_wconf 94' lang='grc' dir='ltr'><em>ΙΙΙ</em></span> <span class='ocrx_word' id='word_1_295' title='bbox 844 5292 867 5334; x_wconf 86' lang='lat' dir='ltr'><em>et</em></span> <span class='ocrx_word' id='word_1_296' title='bbox 886 5289 942 5336; x_wconf 80' lang='lat'><em>205.</em></span> <span class='ocrx_word' id='word_1_297' title='bbox 1030 5282 1055 5349; x_wconf 81' lang='lat' dir='ltr'><em>b)</em></span> <span class='ocrx_word' id='word_1_298' title='bbox 1074 5284 1174 5349; x_wconf 53' lang='lat' dir='ltr'><em>Quum</em></span> <span class='ocrx_word' id='word_1_299' title='bbox 1192 5290 1218 5334; x_wconf 87' lang='lat' dir='ltr'><em>et</em></span> <span class='ocrx_word' id='word_1_300' title='bbox 1231 5291 1328 5350; x_wconf 86' lang='lat' dir='ltr'><em>puncto</em></span> <span class='ocrx_word' id='word_1_301' title='bbox 1347 5283 1457 5333; x_wconf 57' lang='lat' dir='ltr'><em>&amp;tetum</em></span> <span class='ocrx_word' id='word_1_302' title='bbox 1473 5281 1536 5331; x_wconf 84' lang='lat' dir='ltr'><em>edd.</em></span> <span class='ocrx_word' id='word_1_303' title='bbox 1549 5279 1583 5332; x_wconf 80' lang='lat' dir='ltr'><em>B.</em></span> <span class='ocrx_word' id='word_1_304' title='bbox 1671 5277 1695 5344; x_wconf 77' lang='lat' dir='ltr'><em>a)</em></span> <span class='ocrx_word' id='word_1_305' title='bbox 1713 5280 1772 5329; x_wconf 87' lang='lat' dir='ltr'><em>Dat.</em></span> <span class='ocrx_word' id='word_1_306' title='bbox 1785 5285 1905 5344; x_wconf 87' lang='lat' dir='ltr'><em>utsupra</em></span> <span class='ocrx_word' id='word_1_307' title='bbox 1916 5277 1949 5330; x_wconf 83' lang='lat' dir='ltr'><em>R.</em></span> 
     </span>
    </p>
   </div>
   <div class='ocr_carea' id='block_1_16' title="bbox 296 5429 1950 5840">
    <p class='ocr_par' dir='ltr' id='par_1_16' title="bbox 296 5429 1950 5768">
     <span class='ocr_line' id='line_1_39' title="bbox 401 5429 1949 5506; baseline -0.006 -16"><span class='ocrx_word' id='word_1_308' title='bbox 401 5439 427 5506; x_wconf 92' lang='lat'><em>1)</em></span> <span class='ocrx_word' id='word_1_309' title='bbox 446 5437 529 5492; x_wconf 84' lang='lat' dir='ltr'><em>Verba</em></span> <span class='ocrx_word' id='word_1_310' title='bbox 541 5437 663 5506; x_wconf 70' lang='grc' dir='ltr'><em>ῳὶείοῑαι</em></span> <span class='ocrx_word' id='word_1_311' title='bbox 673 5436 785 5490; x_wconf 83' lang='lat' dir='ltr'><em>mutatis</em></span> <span class='ocrx_word' id='word_1_312' title='bbox 796 5437 936 5491; x_wconf 59' lang='lat' dir='ltr'><em>numidis</em></span> <span class='ocrx_word' id='word_1_313' title='bbox 947 5453 1009 5490; x_wconf 70' lang='lat' dir='ltr'><em>mm</em></span> <span class='ocrx_word' id='word_1_314' title='bbox 1019 5453 1058 5505; x_wconf 85' lang='lat' dir='ltr'><em>cp.</em></span> <span class='ocrx_word' id='word_1_315' title='bbox 1067 5453 1096 5490; x_wconf 88' lang='lat' dir='ltr'><em>n.</em></span> <span class='ocrx_word' id='word_1_316' title='bbox 1106 5443 1158 5492; x_wconf 77' lang='lat'><em>304</em></span> <span class='ocrx_word' id='word_1_317' title='bbox 1168 5435 1224 5489; x_wconf 84' lang='lat'><em>111</em></span> <span class='ocrx_word' id='word_1_318' title='bbox 1229 5435 1398 5489; x_wconf 66' lang='lat' dir='ltr'><em>manat.</em></span> <span class='ocrx_word' id='word_1_319' title='bbox 1473 5434 1501 5500; x_wconf 76' lang='lat'><em>2)</em></span> <span class='ocrx_word' id='word_1_320' title='bbox 1515 5431 1555 5498; x_wconf 77' lang='lat' dir='ltr'><em>Os.</em></span> <span class='ocrx_word' id='word_1_321' title='bbox 1564 5449 1591 5486; x_wconf 86' lang='lat' dir='ltr'><em>n.</em></span> <span class='ocrx_word' id='word_1_322' title='bbox 1602 5437 1745 5486; x_wconf 73' lang='lat' dir='ltr'><em>cat-668.</em></span> <span class='ocrx_word' id='word_1_323' title='bbox 1824 5430 1852 5497; x_wconf 86' lang='lat'><em>3)</em></span> <span class='ocrx_word' id='word_1_324' title='bbox 1867 5429 1949 5482; x_wconf 81' lang='lat' dir='ltr'><em>Man·</em></span> 
     </span>
     <span class='ocr_line' id='line_1_40' title="bbox 297 5515 1950 5592; baseline -0.006 -14"><span class='ocrx_word' id='word_1_325' title='bbox 297 5523 363 5578; x_wconf 82' lang='lat' dir='ltr'><em>data</em></span> <span class='ocrx_word' id='word_1_326' title='bbox 380 5523 462 5578; x_wconf 66' lang='lat' dir='ltr'><em>Man</em></span> <span class='ocrx_word' id='word_1_327' title='bbox 479 5525 561 5592; x_wconf 77' lang='lat' dir='ltr'><em>tapeto</em></span> <span class='ocrx_word' id='word_1_328' title='bbox 578 5539 638 5576; x_wconf 69' lang='lat' dir='ltr'><em>mm</em></span> <span class='ocrx_word' id='word_1_329' title='bbox 656 5523 801 5578; x_wconf 68' lang='lat' dir='ltr'><em>moneam</em></span> <span class='ocrx_word' id='word_1_330' title='bbox 819 5523 868 5576; x_wconf 88' lang='lat' dir='ltr'><em>IX</em></span> <span class='ocrx_word' id='word_1_331' title='bbox 888 5539 945 5592; x_wconf 73' lang='lat' dir='ltr'><em>repe</em></span> <span class='ocrx_word' id='word_1_332' title='bbox 962 5522 1134 5577; x_wconf 79' lang='lat' dir='ltr'><em>Ftunmrum</em></span> <span class='ocrx_word' id='word_1_333' title='bbox 1157 5521 1367 5588; x_wconf 80' lang='lat' dir='ltr'><em>transfretaturo</em></span> <span class='ocrx_word' id='word_1_334' title='bbox 1390 5519 1525 5574; x_wconf 71' lang='lat' dir='ltr'><em>mannasse</em></span> <span class='ocrx_word' id='word_1_335' title='bbox 1548 5516 1718 5584; x_wconf 72' lang='lat' dir='ltr'><em>amendant,</em></span> <span class='ocrx_word' id='word_1_336' title='bbox 1743 5515 1803 5570; x_wconf 76' lang='lat' dir='ltr'><em>aa.</em></span> <span class='ocrx_word' id='word_1_337' title='bbox 1819 5515 1870 5583; x_wconf 84' lang='lat' dir='ltr'><em>Vl,</em></span> <span class='ocrx_word' id='word_1_338' title='bbox 1894 5529 1950 5569; x_wconf 83' lang='lat' dir='ltr'><em>cur.</em></span> 
     </span>
     <span class='ocr_line' id='line_1_41' title="bbox 299 5603 1950 5680; baseline -0.005 -15"><span class='ocrx_word' id='word_1_339' title='bbox 299 5617 388 5678; x_wconf 85' lang='lat'><em>1—18,</em></span> <span class='ocrx_word' id='word_1_340' title='bbox 410 5611 509 5680; x_wconf 71' lang='lat' dir='ltr'><em>Becare</em></span> <span class='ocrx_word' id='word_1_341' title='bbox 525 5617 696 5677; x_wconf 72' lang='lat' dir='ltr'><em>etot-4679,</em></span> <span class='ocrx_word' id='word_1_342' title='bbox 722 5609 851 5677; x_wconf 75' lang='lat' dir='ltr'><em>Potttaast,</em></span> <span class='ocrx_word' id='word_1_343' title='bbox 872 5610 935 5678; x_wconf 73' lang='lat' dir='ltr'><em>Rea.</em></span> <span class='ocrx_word' id='word_1_344' title='bbox 949 5615 1150 5676; x_wconf 77' lang='grc'><em>12984-12987,</em></span> <span class='ocrx_word' id='word_1_345' title='bbox 1174 5624 1244 5676; x_wconf 73' lang='lat' dir='ltr'><em>qaue</em></span> <span class='ocrx_word' id='word_1_346' title='bbox 1264 5608 1356 5661; x_wconf 83' lang='lat' dir='ltr'><em>annia</em></span> <span class='ocrx_word' id='word_1_347' title='bbox 1377 5612 1401 5660; x_wconf 88' lang='lat' dir='ltr'><em>et</em></span> <span class='ocrx_word' id='word_1_348' title='bbox 1420 5607 1480 5675; x_wconf 82' lang='lat' dir='ltr'><em>ipsa</em></span> <span class='ocrx_word' id='word_1_349' title='bbox 1503 5605 1552 5659; x_wconf 86' lang='lat' dir='ltr'><em>sub</em></span> <span class='ocrx_word' id='word_1_350' title='bbox 1569 5606 1623 5659; x_wconf 82' lang='lat' dir='ltr'><em>Iut.</em></span> <span class='ocrx_word' id='word_1_351' title='bbox 1637 5612 1667 5659; x_wconf 78' lang='lat'><em>21</em></span> <span class='ocrx_word' id='word_1_352' title='bbox 1689 5603 1755 5658; x_wconf 86' lang='lat' dir='ltr'><em>data</em></span> <span class='ocrx_word' id='word_1_353' title='bbox 1778 5609 1851 5658; x_wconf 81' lang='lat' dir='ltr'><em>sunt.</em></span> <span class='ocrx_word' id='word_1_354' title='bbox 1887 5603 1950 5673; x_wconf 75' lang='lat' dir='ltr'><em>Ep,</em></span> 
     </span>
     <span class='ocr_line' id='line_1_42' title="bbox 296 5689 1847 5768; baseline -0.005 -14"><span class='ocrx_word' id='word_1_355' title='bbox 296 5713 352 5766; x_wconf 77' lang='lat' dir='ltr'><em>qsra</em></span> <span class='ocrx_word' id='word_1_356' title='bbox 368 5699 468 5768; x_wconf 56' lang='lat' dir='ltr'><em>winus</em></span> <span class='ocrx_word' id='word_1_357' title='bbox 484 5699 551 5752; x_wconf 81' lang='lat' dir='ltr'><em>ctera</em></span> <span class='ocrx_word' id='word_1_358' title='bbox 567 5703 591 5752; x_wconf 84' lang='lat' dir='ltr'><em>et</em></span> <span class='ocrx_word' id='word_1_359' title='bbox 607 5697 788 5752; x_wconf 70' lang='lat' dir='ltr'><em>muutarebus</em></span> <span class='ocrx_word' id='word_1_360' title='bbox 805 5697 995 5751; x_wconf 67' lang='lat' dir='ltr'><em>amerinis</em></span> <span class='ocrx_word' id='word_1_361' title='bbox 1012 5694 1206 5749; x_wconf 67' lang='lat' dir='ltr'><em>munitates</em></span> <span class='ocrx_word' id='word_1_362' title='bbox 1223 5700 1269 5763; x_wconf 85' lang='lat' dir='ltr'><em>est,</em></span> <span class='ocrx_word' id='word_1_363' title='bbox 1287 5695 1382 5764; x_wconf 57' lang='lat' dir='ltr'><em>tatur</em></span> <span class='ocrx_word' id='word_1_364' title='bbox 1397 5693 1448 5748; x_wconf 84' lang='lat' dir='ltr'><em>sub</em></span> <span class='ocrx_word' id='word_1_365' title='bbox 1465 5692 1529 5746; x_wconf 87' lang='lat' dir='ltr'><em>Iun.</em></span> <span class='ocrx_word' id='word_1_366' title='bbox 1547 5697 1580 5746; x_wconf 78' lang='lat'><em>22</em></span> <span class='ocrx_word' id='word_1_367' title='bbox 1597 5707 1641 5761; x_wconf 90' lang='lat' dir='ltr'><em>ap.</em></span> <span class='ocrx_word' id='word_1_368' title='bbox 1662 5689 1760 5760; x_wconf 72' lang='lat' dir='ltr'><em>Benace</em></span> <span class='ocrx_word' id='word_1_369' title='bbox 1776 5696 1847 5746; x_wconf 81' lang='lat'><strong><em>3965.</em></strong></span> 
     </span>
    </p>

    <p class='ocr_par' dir='ltr' id='par_1_17' title="bbox 1689 5787 1743 5840">
     <span class='ocr_line' id='line_1_43' title="bbox 1689 5787 1743 5840; baseline 0 0"><span class='ocrx_word' id='word_1_370' title='bbox 1689 5787 1743 5840; x_wconf 78' lang='lat'><em>52*</em></span> 
     </span>
    </p>
   </div>
   <div class='ocr_carea' id='block_1_17' title="bbox 0 0 2404 6324">
    <p class='ocr_par' dir='ltr' id='par_1_18' title="bbox 0 0 2404 6324">
     <span class='ocr_line' id='line_1_44' title="bbox 0 0 2404 6324; baseline 0 0"><span class='ocrx_word' id='word_1_371' title='bbox 0 0 2404 6324; x_wconf 95' lang='lat' dir='ltr'><em> </em></span> 
     </span>
    </p>
   </div>
  </div>
 </body>
</html>
