4328 6232
200 348 262 409 400
755 345 803 400 EX
824 345 1042 401 INNOCIIN'III
1060 344 1099 400 IV
1117 343 1300 401 auelsrao

198 516 314 582 modos
343 526 376 583 et
405 518 538 583 fraudes
567 517 740 584 adomino
772 541 831 583 suo
861 521 974 584 solitos
1005 519 1090 583 sicut
1118 525 1242 605 potest,
1274 519 1482 583 universitati
1510 526 1621 584 vestra
1651 519 1857 595 mandamus,

199 622 352 706 quatinus
376 620 462 706 quod
485 622 573 687 idem
597 642 704 686 eomes
734 623 774 687 de
804 624 953 708 partibus
984 624 1048 687 illis
1079 624 1211 687 omnino
1241 623 1391 702 recedat,
1422 623 1561 687 sollicite
1590 624 1761 688 laboretis.
1806 623 1857 687 Tu

199 746 287 804 vero,
309 725 412 789 trater
435 725 631 812 patriarcha,
655 727 738 803 loca,
762 726 819 790 ubi
844 733 987 791 moratur
1004 734 1037 791 et
1053 726 1093 790 ad
1111 748 1174 812 que
1189 727 1297 812 ipsum
1314 727 1487 812 pervenire
1503 727 1689 811 contigerit,
1713 728 1857 792 auctori·

198 833 267 892 tate
290 835 403 893 nostra
426 850 592 915 supponas
617 830 842 894 ecclesiastico
866 829 1056 905 interdict03
1079 829 1335 897 contradictores
1360 829 1441 894 etc.¹

302 948 378 1013 Dat.
402 948 566 1034 Lugduni,
589 949 675 1013 VIII
697 949 772 1016 Kal.
794 949 888 1032 Iunii,
912 971 998 1014 anno
1015 951 1071 1016 V⁰.

986 1576 1072 1649 565.

305 1687 522 1781 Innocentius
544 1714 601 1778 IV
613 1737 704 1796 papa
722 1716 929 1798 patriarcnae
950 1715 1247 1798 Hierosolymitano,
1270 1716 1457 1797 apostolocae
1479 1717 1561 1781 sedis
1583 1717 1692 1798 tapeto,
1717 1717 1859 1794 rrrartdat,

200 1822 235 1881 ut
257 1817 394 1883 Pisanos
415 1822 444 1883 et
465 1818 555 1895 atus,
578 1819 634 1899 qui
656 1820 685 1881 si
706 1819 751 1882 ad
772 1820 926 1885 civitatem
948 1820 1157 1883 Aeecncnsem
1180 1820 1347 1900 applicent,
1371 1825 1400 1883 et
1420 1820 1501 1884 aliti
1522 1821 1640 1886 cecilia
1660 1821 1860 1904 maram]

200 1921 358 2003 quondam
373 1923 573 2003 inoperatoris
582 1925 720 2004 portent,
742 1923 782 1986 ab
798 1923 856 1988 liae
866 1923 1121 2006 praesumptione
1141 1923 1287 1988 desistere
1299 1925 1409 2004 laetat.
1499 1927 1594 2001 1248,
1615 1923 1699 1988 Mai.
1716 1927 1771 1988 25.

304 2041 370 2095 Inn.
388 2042 437 2095 IV
451 2042 515 2111 liep.
535 2042 590 2096 Vol.
610 2043 721 2112 1,5sa,·
744 2042 805 2096 lala
825 2042 854 2110 V,
871 2060 927 2097 cnr.
946 2050 985 2097 54.
1023 2043 1125 2097 Pertaii
1147 2044 1279 2112 euanplar
1299 2044 1460 2098 aurnuns
1482 2062 1543 2099 aaran
1566 2044 1855 2112 liuidum-Brinta,

199 2127 217 2182 1.
229 2143 250 2181 c.
269 2133 285 2180 r.
303 2126 352 2195 VJ,
368 2145 396 2195 p.
408 2135 464 2183 623.

304 2213 433 2281 Poturae,
453 2214 516 2282 lup.
530 2219 622 2278 raom,¹
640 2213 738 2284 Rape
755 2222 828 2269 4104.

354 2466 393 2484 ..
421 2409 673 2501 patriarche
700 2410 1081 2500 lerosoIImitanO,
1111 2413 1366 2505 apostolice
1393 2413 1520 2487 sedis
1547 2413 1711 2506 iegato.

311 2559 409 2639 Cum,
440 2561 527 2624 sieut
553 2561 755 2648 accepimus,
783 2561 895 2624 Pisani
924 2566 957 2624 et
983 2560 1094 2645 pluras
1124 2561 1180 2624 alii
1203 2561 1236 2624 in
1260 2582 1374 2626 eorum
1396 2562 1551 2642 navibus,
1584 2583 1658 2627 cum
1682 2561 1725 2626 ad
1749 2562 1853 2625 Acco·

201 2684 338 2728 nenscm
366 2663 533 2750 applicant
562 2664 743 2745 civitatem,
774 2664 896 2728 vexilla
918 2663 955 2726 F.
979 2663 1143 2748 quondam
1173 2666 1380 2751 imperatoris
1404 2671 1542 2730 extensa
1564 2671 1697 2751 portare
1721 2665 1851 2751 ipsaque

200 2768 233 2830 in
263 2767 412 2831 ecclesiis
442 2767 475 2830 in
503 2767 801 2851 sollempnitatibus
829 2788 951 2852 ponere
981 2773 1173 2852 presumant
1201 2769 1235 2831 in
1257 2769 1440 2831 animarum
1464 2789 1596 2832 suarum
1617 2768 1801 2854 periculum
1822 2775 1852 2832 et

201 2869 391 2935 scandalum
414 2871 641 2956 plurimorum,
664 2871 872 2948 mandamus,
903 2871 1056 2956 quatinus
1079 2871 1140 2935 hoc
1164 2872 1296 2934 omnino
1320 2872 1392 2936 tieri
1414 2870 1608 2957 prohibens,
1637 2872 1803 2957 predictos
1824 2879 1854 2935 et

202 2975 298 3054 alios,
329 2973 416 3058 quod
444 2972 484 3037 da
514 2979 624 3038 cetero
648 2973 689 3038 ab
713 2974 900 3040 huiusmodi
923 2976 1167 3061 presumptione
1191 2976 1322 3039 omnino
1347 2975 1525 3054 desistant,
1556 2975 1763 3039 monitione·
1784 2996 1852 3060 pre·

201 3078 383 3162 missaper
406 3097 578 3142 censuram
603 3079 863 3143 ecclesiasticam
886 3079 1107 3164 appellatione
1132 3086 1257 3144 remota
1280 3099 1485 3164 compescas,
1516 3079 1668 3143 invocato
1691 3077 1734 3143 ad
1757 3078 1804 3159 id,
1831 3078 1854 3142 si

202 3202 342 3246 necesse
365 3181 475 3262 fuerit,
498 3181 619 3244 auxilio
643 3181 768 3246 brachii
792 3181 985 3247 secularis².

310 3301 385 3367 Dat.
409 3307 445 3366 ut
468 3323 576 3389 supra.

988 3813 1075 3886 566.

306 3920 525 4014 Innocentius
539 3949 598 4015 IV
611 3971 698 4031 papa
720 3951 818 4015 eidem
840 3952 980 4030 mandat,
1002 3957 1038 4016 ut
1060 3973 1128 4016 cunr
1142 3952 1318 4036 [chrieo]
1340 3972 1409 4035 repe
1427 3951 1526 4033 Cypri
1547 3952 1584 4016 de
1606 3953 1750 4017 untedio
1772 3954 1860 4036 repat

202 4052 486 4135 Hierosolpmitani
506 4057 617 4118 caetra
639 4054 834 4119 Sarracenos
855 4055 1046 4140 infestantes
1067 4055 1222 4140 disponat.
1501 4058 1595 4134 1246,
1618 4055 1704 4120 Mai.
1719 4058 1773 4120 25.

307 4174 371 4227 Iun
390 4174 441 4229 Ν
456 4174 519 4243 liep.
537 4175 591 4229 Vol.
611 4176 634 4241 Ι,
653 4183 717 4240 658,-
735 4176 796 4231 Inb.
815 4177 844 4245 V,
863 4192 921 4231 cnr.
939 4186 977 4231 aa

306 4262 407 4330 Berper
424 4269 495 4315 4105.

944 4372 1113 4448 Eidem.

313 4521 410 4601 Cum,
445 4522 530 4586 sicut
562 4523 765 4608 accepimus,
805 4543 940 4607 regnum
975 4521 1273 4586 lerosolimitanum
1306 4545 1326 4586 a
1358 4520 1549 4586 Sarracenis
1585 4522 1795 4588 lacessanter
1828 4530 1862 4588 ct

202 4625 429 4711 multipliciter
462 4625 648 4705 infestetur,
685 4627 893 4704 mandamus,
934 4627 1087 4710 quatinus
1123 4623 1164 4689 de
1199 4625 1303 4710 ipsius
1337 4625 1430 4709 regni
1464 4624 1613 4689 custodia
1647 4626 1689 4691 de
1724 4627 1861 4691 consilio

203 4727 364 4792 carissimi
391 4729 425 4791 in
455 4728 586 4793 Christo
618 4729 678 4794 filii
707 4731 812 4793 nostri
843 4779 882 4795 ..
911 4729 998 4814 regis
1026 4727 1127 4814 Cypri
1164 4728 1300 4791 illustris
1331 4733 1364 4790 et
1393 4728 1553 4790 baronum
1584 4726 1735 4794 eiusdem
1768 4731 1861 4816 regni

203 4832 368 4918 disponas,
391 4837 489 4917 prout
509 4832 630 4897 videris
654 4832 827 4918 expedire3
852 4833 1108 4898 contradictores
1131 4831 1212 4897 ete.³

311 4952 389 5018 Dat.
412 4960 449 5017 ut
472 4973 581 5040 supra.

502 5113 608 5119 —-—
617 5114 723 5120 ——-
732 5114 1757 5123 ———-—.-——————-—-—-——

306 5234 330 5298 ⁸)
347 5234 385 5283 ita
402 5233 438 5284 H.
453 5232 500 5291 B..·
517 5251 623 5286 monaas
641 5251 687 5302 per
704 5251 772 5287 cens.
786 5262 820 5272 -
838 5235 1022 5301 compescendo
1035 5235 1066 5286 P.

309 5368 333 5432 1)
351 5367 393 5435 Os.
411 5387 440 5424 n.
453 5378 509 5425 412.
596 5370 624 5438 2)
645 5369 683 5438 Os.
701 5387 729 5423 n.
742 5375 802 5426 389.
889 5371 916 5437 3)
935 5369 973 5436 Cf.
991 5388 1019 5425 n.
1032 5380 1088 5426 111.
