4784 6334
211 5131 238 5171 db

852 405 1052 462 nersronan
1069 405 1259 460 saoconna.
1297 381 1386 460 nra.¹
1875 409 1935 470 431

287 573 483 640 fraternitati
514 583 570 642 tue
600 577 806 663 indulgemus
839 579 1033 644 auctoritato
1070 579 1270 666 presentium
1303 579 1440 643 liberam
1476 579 1682 658 facultatem,
1715 577 1941 642 nichilominus

287 677 522 756 concedentes,
554 686 589 744 ut
617 680 716 746 iidem
745 683 979 767 consanguinei
1011 683 1072 762 tui,
1105 681 1222 769 quibus
1252 679 1292 746 de
1325 681 1416 748 bonis
1448 679 1604 769 predictis
1636 681 1748 767 aliqua
1773 680 1941 746 contulisti

288 781 341 845 uel
364 780 496 846 duxeris
521 782 731 860 conterenda,
754 785 825 870 ipsa
848 785 937 850 licite
961 785 1093 850 valeant
1116 783 1268 848 retinere.

396 900 474 968 Dat.
496 900 660 990 Lugduni,
683 901 748 968 XV
771 902 848 972 Kal.
870 904 1076 986 Decembris,
1099 925 1184 970 anno
1200 903 1297 971 v101.

1072 1537 1159 1610 608.

392 1643 610 1736 Innocentius
632 1671 689 1738 rr
701 1693 793 1755 nnnc
813 1675 979 1760 [menn]
1001 1677 1141 1756 niceno
1162 1676 1390 1758 nnnnnnnn·
1411 1676 1551 1754 nnnnnr,
1574 1681 1610 1741 nr
1630 1675 1772 1758 Kytinnn
1793 1674 1941 1740 nnnnnncn

287 1772 541 1858 Ebersperpcnsi,
563 1777 753 1842 nnnnsnrtn
776 1777 937 1844 Scotorum
960 1779 994 1842 in
1017 1779 1148 1857 Vienna,
1171 1801 1251 1862 qnae
1274 1781 1385 1846 cirritos
1407 1780 1571 1845 interdicto
1592 1779 1755 1860 supposita
1776 1778 1826 1856 sit,
1849 1797 1941 1842 cane·

287 1876 355 1942 nice
376 1878 412 1941 in
434 1879 575 1944 abbatem
592 1878 761 1964 praefecte,
783 1900 899 1945 ornnes
921 1881 1141 1946 benedictionis
1163 1882 1331 1964 impendet,
1354 1903 1422 1948 cnm
1445 1884 1503 1948 toci
1525 1883 1709 1948 dmcesonas
1721 1880 1941 1966 [liudigerus]

287 1981 446 2063 episcopus
468 1982 670 2048 Petcoiensis
691 1984 973 2048 excommunicatus
994 1987 1045 2051 eit.
1613 1990 1707 2066 1248,
1727 1985 1803 2052 Dec.
1822 1990 1852 2050 1.

391 2101 454 2154 Irm.
468 2102 516 2156 IV
531 2104 595 2173 ch.
614 2104 673 2160 Inte
693 2105 740 2172 VI,
757 2105 777 2170 s.
794 2112 832 2173 13,
850 2122 878 2158 n
895 2113 952 2162 240.
988 2105 1138 2175 Exemplar
1157 2107 1275 2175 Bctueii,
1295 2106 1372 2161 Miac.
1392 2112 1409 2162 t.
1427 2106 1492 2175 VII,
1506 2123 1535 2176 p.
1548 2114 1599 2162 434
1619 2106 1780 2162 mnndbnns
1796 2121 1857 2160 cam
1875 2103 1939 2174 nen.

391 2187 519 2257 Pontion
539 2188 602 2258 Jeep.
615 2197 714 2256 raeco,-
732 2192 829 2260 Beryer
845 2198 918 2248 reae.

786 2445 824 2463 ..
853 2389 1076 2483 episcopo
1104 2390 1440 2484 Retisponenei.

394 2536 462 2601 Sua
484 2539 577 2603 nobis
606 2539 717 2604 dilecti
747 2539 805 2603 tilii
829 2587 863 2605 ..
887 2539 987 2604 abbas
1018 2546 1052 2605 et
1080 2546 1258 2605 conventus
1289 2541 1476 2605 monasterii
1505 2541 1609 2604 sancti
1632 2540 1744 2604 Iacobi
1769 2539 1937 2604 Scotorum

287 2639 597 2726 Ratisponensium·
629 2642 750 2706 ordinis
781 2644 885 2707 sancti
913 2641 1086 2709 Benedicti
1118 2643 1159 2707 ad
1187 2643 1369 2710 Romanam
1401 2645 1574 2708 ecclesiam
1603 2643 1692 2707 nullo
1723 2641 1830 2707 medio
1863 2663 1937 2728 per-

288 2743 424 2808 tinentis
454 2745 613 2830 petitione
642 2750 878 2826 monstrarunt,
908 2744 995 2830 quod
1023 2745 1118 2833 ipsib,
1147 2746 1355 2812 attendentes
1384 2753 1579 2812 conuentum
1609 2746 1797 2811 monasterii
1826 2752 1938 2810 sancte

288 2844 391 2910 Marie
415 2846 588 2911 Scotorum
612 2848 646 2911 in
668 2847 797 2913 Vienna
820 2848 948 2913 abbatis
973 2847 1121 2914 destituti
1145 2851 1318 2934 regimine,
1348 2849 1390 2914 ad
1419 2849 1542 2915 dictum
1572 2850 1802 2914 monasterium
1834 2850 1938 2914 sancti

287 2947 399 3013 Iacobi
430 2951 519 3014 nullo
550 2949 717 3015 mediante
747 2952 940 3037 spectantis,
974 2973 1017 3016 ex
1045 2974 1084 3017 eo
1117 2952 1240 3038 eligere
1273 2973 1313 3017 ea
1341 2954 1411 3018 vice
1443 2974 1508 3018 non
1537 2973 1651 3040 posse,
1685 2952 1772 3039 quod
1801 2953 1834 3018 in
1862 2953 1940 3017 villa

288 3051 482 3118 Wiennenai
505 3054 700 3119 auctoritate
724 3056 906 3141 apostolica
933 3056 1103 3142 supposita
1132 3056 1304 3121 interdicto
1334 3055 1443 3121 divine
1472 3062 1598 3122 temere
1629 3056 1836 3122 celebrarunt
1846 3055 1870 3134 ²,
1899 3078 1940 3122 ne

288 3154 409 3219 dictum
426 3157 660 3221 monasterium
682 3165 794 3222 sancte
812 3157 917 3222 Marie
941 3179 984 3222 ex
1006 3157 1175 3222 vacatione
1198 3157 1325 3223 diutina
1348 3160 1381 3223 in
1403 3160 1628 3246 spiritualibus
1652 3165 1686 3225 et
1708 3159 1942 3245 temporalibus
2054 3147 2060 3154 ’

288 3259 469 3324 incurreret
492 3259 735 3340 detrimentum,
759 3259 916 3325 dilectum
939 3261 1042 3324 filium
1060 3260 1237 3346 Kylianum
1254 3262 1449 3326 monachum
1465 3261 1768 3349 Eberspergeusem
1780 3264 1802 3340 ³,
1826 3263 1941 3343 virum,

290 3367 326 3425 ut
354 3363 557 3449 accepimus,
591 3364 765 3429 eminentis
796 3363 932 3428 scientie
961 3383 999 3426 ac
1025 3363 1058 3426 in
1089 3364 1314 3450 spiritualibus
1339 3370 1372 3428 et
1396 3365 1633 3451 temporalibus
1657 3367 1940 3452 circumspectum,

289 3464 395 3530 eidem
419 3467 550 3530 vacanti
574 3467 770 3531 monasterio
794 3466 948 3530 canonice
973 3487 1011 3530 ac
1035 3465 1249 3546 concorditer,
1278 3474 1375 3553 prout
1398 3467 1439 3533 ad
1463 3489 1521 3534 eos
1543 3469 1697 3554 pertinet,
1719 3469 1941 3554 prefecerunt,

290 3568 384 3632 nobis
407 3569 572 3634 humiliter
595 3570 829 3656 supplicantes,
853 3573 984 3633 uicum
1007 3617 1039 3634 ..
1061 3567 1269 3633 Pataviensis
1293 3569 1469 3657 episcopus
1492 3571 1556 3636 loci
1580 3569 1775 3636 diocesanus
1799 3572 1940 3636 auctori-

184 3665 197 3680 ’
290 3678 357 3737 tate
380 3672 529 3759 predicta
551 3673 680 3738 vinculo
703 3675 745 3737 sit
767 3673 1113 3738 excommunicationis
1130 3673 1284 3738 astrictus
1293 3674 1316 3754 ⁴,
1339 3675 1403 3760 ipsi
1419 3674 1526 3740 electo
1542 3674 1584 3739 ad
1601 3674 1712 3740 sedem
1729 3674 1941 3760 apostolicam
1958 3741 1962 3750 ,

291 3774 461 3840 accedenti
499 3798 616 3842 munus
654 3778 838 3842 faceremus
877 3775 1114 3841 benedictionis
1148 3777 1305 3863 impendi.
1361 3777 1465 3842 Tuam
1500 3779 1599 3864 igitur
1631 3778 1779 3842 volentes
1813 3778 1846 3842 in
1879 3777 1941 3841 hoc

290 3879 449 3943 honorare
473 3901 659 3967 personam,
685 3882 739 3966 qui
763 3880 992 3944 indevotione
1022 3879 1108 3943 sedis
1138 3881 1314 3966 apostolice
1342 3880 1470 3945 stabilis
1500 3902 1707 3966 perseveras,
1737 3879 1942 3958 mandemus,

291 3983 456 4066 quatinus,
488 3985 516 4048 si
544 3991 596 4048 est
627 3985 687 4064 ita,
716 3982 821 4048 eidem
852 3984 958 4048 electo
981 4003 1099 4046 munus
1125 3983 1360 4048 benedictionis
1390 3983 1559 4070 impendas
1584 3985 1680 4071 eique
1704 3983 1806 4048 facias
1829 4006 1850 4047 a
1872 3983 1941 4046 suis

291 4085 430 4150 subditis
454 4087 674 4152 obedientiam
699 4095 733 4152 et
756 4087 974 4152 reverentiam
997 4085 1150 4152 devotam
1174 4091 1207 4151 et
1231 4086 1375 4152 debitam
1405 4087 1571 4164 exhibere
1600 4088 1856 4153 contradictores
1878 4093 1941 4150 etc.

289 4187 451 4254 Nolumus
479 4196 602 4270 tamen,
632 4190 717 4276 quod
739 4190 930 4254 Patavieusi
960 4190 1100 4254 ecclesie
1130 4211 1189 4275 per
1216 4191 1277 4256 hoc
1308 4191 1340 4255 in
1370 4197 1538 4277 posterum
1567 4188 1700 4276 aliquod
1729 4189 1941 4276 preiudicium

290 4300 476 4376 generetur.

394 4412 470 4477 Det.
493 4412 657 4506 Lugduni,
681 4413 756 4480 Kal.
777 4412 983 4492 Decembris,
1007 4434 1092 4478 auno
1110 4411 1173 4478 VI⁰
1185 4417 1207 4479 ⁵.

395 4710 421 4777 ⁸)
440 4713 597 4779 Ratisponeir
616 4711 649 4762 Β.
754 4709 779 4775 b)
798 4710 911 4776 requitur
928 4711 956 4761 in
975 4708 1007 4760 R.
1025 4715 1087 4792 mod
1096 4747 1105 4774 ,
1118 4709 1188 4776 qrcod
1200 4709 1304 4776 punctis
1322 4709 1457 4775 suppositio
1475 4708 1584 4760 delebere
1601 4717 1645 4760 eet.

395 4864 421 4931 1)
442 4861 500 4917 sno
517 4863 581 4917 Dec.
594 4870 629 4917 22
646 4879 723 4932 popa
743 4863 890 4931 episcopam
912 4863 1005 4916 ‘bonae
1025 4861 1172 4916 neaerae
1195 4860 1343 4929 appellauit.
1382 4859 1440 4914 Snb
1456 4877 1482 4912 a.
1498 4865 1572 4926 1249,
1594 4857 1671 4913 Febr.
1685 4865 1716 4914 18
1736 4857 1848 4912 Vieicno
1861 4873 1942 4926 prae·

288 4949 374 5016 perito
388 4949 504 5003 eccleciae
520 4948 552 5003 de
565 4949 683 5003 corana
694 4947 848 5003 Parmensis
866 4948 973 5002 dioceem
989 4947 1133 5015 mendacit,
1152 4947 1218 5000 atsi
1233 4945 1283 5001 nbi
1299 4947 1452 5000 corretitieaet
1469 4945 1597 5000 bonorum
1613 4945 1733 5014 ipsoram
1750 4943 1944 5012 depositionem

292 5034 413 5103 episeopo
437 5041 547 5104 tempore
564 5035 655 5090 modis
676 5051 743 5090 suae
764 5051 797 5090 erc
819 5035 925 5089 indulto
948 5034 1093 5104 mortetico
1115 5032 1299 5102 competieisee,
1322 5038 1438 5100 enare,
1463 5037 1494 5086 nt
1515 5031 1646 5100 fratribus
1669 5029 1725 5084 eires
1743 5029 1943 5084 Bartholomaeo

292 5120 478 5176 archidiacono
498 5121 676 5190 tripolitano,
703 5121 823 5176 Gerardo
840 5121 871 5175 de
892 5121 994 5189 ltipoli
1014 5125 1038 5174 rt
1057 5119 1171 5174 Rober'to
1193 5118 1338 5173 ammodum
1358 5119 1482 5174 nltimam
1504 5117 1663 5172 eolnrnatem
1686 5116 1743 5170 eim
1765 5116 1835 5170 bono
1856 5115 1944 5170 eadem

291 5207 484 5274 existendum
508 5209 604 5278 Berper
621 5215 688 5264 4394
705 5213 730 5262 et
748 5213 830 5271 ntem
854 5206 987 5272 Pottbeet,
1012 5206 1078 5276 nnn.
1095 5213 1178 5262 13666
1196 5211 1220 5260 et
1238 5211 1326 5260 13542.
1421 5205 1449 5274 2)
1469 5203 1510 5271 Of.
1528 5221 1556 5257 n.
1571 5209 1632 5258 482.
1728 5203 1755 5268 3)
1774 5201 1823 5257 En
1839 5218 1878 5258 or.
1896 5201 1943 5256 cie.

291 5294 438 5350 Mttncben.
529 5295 557 5363 4)
578 5293 615 5360 Od
633 5312 662 5350 n.
675 5301 733 5350 650.
767 5293 827 5362 Quo
844 5299 955 5361 memore
973 5292 1061 5348 denam
1078 5291 1320 5346 eaoornmnnicotne
1335 5291 1427 5360 fucrit,
1444 5290 1589 5356 nemincum
1605 5289 1636 5356 cs.
1654 5294 1748 5344 nott.
1838 5290 1865 5354 5)
1885 5287 1943 5342 Sub

290 5381 379 5436 Dect
397 5380 647 5450 etepapeabbcti
667 5380 761 5435 Sondi
779 5381 870 5435 iacobi
887 5379 1025 5434 Scotorum
1046 5379 1284 5448 Ratreponeneium
1301 5377 1557 5432 dernoneateriieet
1575 5374 1741 5444 pmorcbbne
1761 5374 1793 5428 in
1810 5373 1944 5428 Hrlrmcie

290 5467 343 5521 arbi
358 5467 478 5522 metiente
494 5466 625 5535 cumdem
642 5467 779 5532 concessit;
797 5467 895 5535 Berper
912 5472 978 5520 4229
993 5471 1017 5520 et
1034 5471 1114 5532 4235;
1132 5465 1262 5532 Pottbest,
1283 5464 1345 5533 Rey.
1360 5469 1441 5519 13089
1457 5467 1481 5517 et
1499 5469 1584 5519 13106.
