4328 6232
842 366 1043 425 urlsuouru
1061 369 1252 427 subuculis.
1289 374 1363 428 1243.
1888 382 1929 445 33

279 537 520 618 convenissent,
551 538 788 622 thesaurarius,
812 542 979 623 Tetricus,
1003 545 1190 610 Ardoldus⁸
1216 554 1249 611 et
1273 547 1437 613 Henricua
1466 549 1687 615 archidiaconi
1717 572 1790 615 cum
1814 553 1929 617 maiori

279 644 308 703 et
329 639 450 705 saniori
474 649 568 729 parte
591 645 725 731 capituli
740 645 956 712 Treverensis
980 651 1140 734 premisso
1165 651 1320 715 scrutinio
1345 657 1379 715 et
1402 672 1480 716 mox
1503 653 1670 738 publicato
1694 676 1733 718 ac
1754 655 1927 721 collatione

280 742 389 808 habita
410 743 560 831 diligenti
583 747 765 833 predictum
789 750 830 814 A.
871 751 976 815 virum
999 753 1159 832 nobilem,
1189 753 1384 835 litteratum,
1416 755 1588 840 providum
1612 763 1645 821 et
1668 756 1861 836 discretum,
1894 760 1928 824 in

280 846 498 933 spiritualibus
522 857 554 913 et
576 853 812 938 temporalibus
843 855 1132 941 circumspectum,
1164 857 1197 919 in
1221 857 1286 919 iam
1309 855 1395 923 dicte
1419 857 1632 924 Transrensis
1656 861 1796 925 ecclesie
1820 863 1926 926 archi-

280 952 463 1038 episcopum
493 956 650 1021 canonice
686 957 892 1042 elegerunt&
929 961 983 1044 qui
1013 980 1209 1025 consensum
1241 961 1392 1025 electioni
1420 961 1552 1046 prebuit
1583 961 1623 1026 de
1654 984 1689 1028 se
1720 963 1817 1029 facte.
1863 965 1929 1031 Sed

279 1052 453 1132 Werricus,
480 1059 535 1143 qui
560 1080 619 1145 pro
643 1059 778 1141 decano,
802 1068 835 1127 et
850 1062 1025 1143 Iohannes,
1049 1065 1104 1149 qui
1128 1085 1185 1149 pro
1209 1071 1343 1130 cantore
1360 1064 1619 1130 Trevercnsibus
1643 1088 1678 1131 se
1703 1073 1831 1152 gerunt,
1855 1090 1927 1134 cum
2024 1057 2031 1064 ’

279 1158 469 1245 quibusdam
492 1161 541 1227 cis
565 1163 810 1246 adherentibus,
842 1166 920 1231 licet
943 1167 1047 1231 maior
1069 1173 1101 1230 et
1124 1168 1234 1231 sanior
1256 1189 1331 1253 pars
1355 1167 1502 1233 eiusdem
1527 1170 1661 1254 capituli
1684 1191 1748 1233 non
1772 1172 1928 1251 existant,

278 1262 434 1348 prelatum
457 1268 661 1352 prepositum
686 1270 826 1335 ecclesie
851 1256 954 1334 sancti
970 1270 1101 1335 Paulini
1117 1271 1341 1353 Treverensis,
1366 1273 1471 1336 minus
1495 1272 1648 1337 idonsurn
1672 1294 1711 1337 ac
1734 1282 1927 1360 personatus

278 1367 384 1453 plures
408 1374 442 1433 et
464 1371 690 1438 ecclesiastica
712 1373 874 1439 beneficia
897 1396 1007 1440 curam
1025 1377 1205 1440 animarum
1219 1375 1375 1441 habentia
1392 1376 1463 1440 sine
1479 1376 1727 1462 dispensatione
1744 1379 1928 1463 apostolica

260 1470 487 1554 detinentem,
511 1473 552 1540 de
567 1476 664 1551 facto,
689 1499 762 1541 cum
779 1477 820 1543 de
837 1480 906 1543 iure
922 1501 987 1543 non
1011 1485 1156 1565 possent,
1180 1480 1213 1542 in
1237 1480 1521 1567 archiepiscopum
1538 1480 1778 1546 Treverensem
1803 1483 1926 1567 eligere

277 1585 576 1663 presumpserunt⁰;
600 1580 655 1666 qui
679 1583 817 1668 receptis
839 1605 859 1646 a
874 1589 1037 1669 potestate
1062 1583 1200 1647 seculari
1224 1583 1400 1667 regalibus,
1424 1584 1518 1668 quasi
1542 1583 1754 1648 debachando
1778 1585 1810 1648 in
1834 1585 1928 1649 bouis

277 1680 335 1743 ianr
359 1679 448 1744 dicte
465 1680 677 1748 Treverensis
701 1686 853 1766 ecclesie,
877 1708 936 1772 per
959 1686 1179 1772 ipsiusvillas
1204 1693 1237 1751 et
1260 1685 1380 1772 oppida
1402 1686 1481 1750 fecit
1505 1686 1569 1750 sibi
1593 1707 1651 1773 per
1675 1688 1862 1752 violentiam
1887 1687 1927 1752 ab

277 1782 376 1867 ipsius
400 1783 586 1851 hominibus
609 1788 796 1873 homagium
819 1789 978 1869 exhiberi,
1002 1789 1284 1853 amministrationi
1307 1789 1537 1875 temporalium
1561 1789 1708 1856 eiusdem
1733 1791 1873 1855 ecclesie
1891 1812 1927 1855 se
1975 1806 1978 1811 ·

278 1888 428 1972 ingerens
452 1889 486 1953 in
507 1889 643 1954 dietih.
662 1899 695 1956 et
718 1892 819 1979 ipsius
844 1894 984 1958 ecclesie
1009 1915 1072 1957 non
1096 1892 1259 1958 modicum
1282 1892 1497 1979 preludicium
1522 1900 1556 1958 et
1579 1915 1773 1979 gravameu;
1796 1895 1927 1959 tandem

228 2026 233 2036 ·
278 1991 313 2056 ad
341 2012 399 2056 cor
426 1991 555 2058 rediens
585 2016 657 2058 cum
687 1997 754 2059 suis
782 1996 963 2061 fautoribus
994 1997 1095 2061 cessit
1125 1996 1309 2060 huiusmodi
1332 1998 1510 2082 questioni,
1544 1999 1593 2061 ius
1623 2018 1695 2062 esse
1727 1998 1923 2084 acquisitum

276 2096 355 2181 parti
384 2096 480 2162 alteri
509 2117 757 2182 recognoscens.
803 2099 899 2164 Unda
929 2099 1077 2186 prefatus
1106 2105 1298 2185 procurator
1321 2099 1456 2164 anobis
1488 2100 1665 2185 postulavit
1687 2101 1858 2177 instanter,
1877 2107 1928 2182 ,ut

276 2198 379 2265 eidem
412 2201 553 2267 ecclesie
591 2209 705 2268 contra
739 2210 786 2268 tot
823 2205 969 2291 pericula
1006 2204 1069 2269 sibi
1100 2210 1233 2291 propter
1262 2204 1326 2268 hoc
1355 2203 1556 2267 imminentia
1586 2203 1708 2267 salubri
1739 2223 1927 2268 curaremus

276 2302 417 2369 remedio
447 2305 631 2370 subvenire.
677 2306 758 2371 Cum
795 2308 894 2392 igitur
926 2309 1080 2373 instantia
1113 2315 1225 2372 nostra
1260 2307 1422 2372 cotidiana
1458 2306 1499 2369 sit
1533 2306 1677 2370 omnium
1714 2307 1926 2371 ecclesiarum
2050 2332 2053 2339 ¹

276 2405 458 2471 sollicitudo
482 2410 646 2489 continua,
669 2410 873 2493 mandamus,
897 2412 1060 2496 quatinus,
1083 2411 1207 2475 vocatis
1230 2411 1284 2495 qui
1308 2410 1430 2475 fuerint
1453 2408 1622 2489 evocandi,
1646 2430 1743 2496 super
1759 2409 1927 2495 premissis

221 2518 239 2557 ²⁰
276 2516 305 2573 et
331 2509 406 2575 aliis
441 2511 627 2577 huiusmodi
661 2515 830 2600 negotium
866 2515 1131 2600 contingentibus
1168 2515 1339 2599 inquiratis
1372 2513 1565 2577 auctoritate
1596 2518 1708 2577 nostra
1737 2512 1926 2597 diligentius

275 2613 454 2692 ueritatem,
477 2615 573 2679 nobis
597 2639 660 2702 que
684 2619 876 2683 inveneritis
893 2619 1008 2682 vestris
1032 2618 1149 2682 litteris
1172 2616 1313 2681 fideliter
1336 2617 1536 2696 intimantes,
1560 2615 1752 2701 prefigendo
1776 2615 1925 2702 partibus

275 2718 445 2781 terminum
474 2721 731 2805 peremptorium
758 2729 1014 2808 competentem,
1049 2743 1112 2807 quo
1136 2720 1355 2807 personaliter
1378 2719 1431 2783 vel
1454 2739 1513 2806 per
1535 2725 1765 2804 procuratores
1789 2717 1926 2783 idoneos

275 2841 306 2884 se
328 2828 442 2885 nostro
465 2823 655 2908 conspectui
677 2831 915 2911 representem,
939 2823 1026 2911 quod
1048 2824 1100 2888 ius
1123 2823 1295 2888 dictaverit
1316 2821 1415 2888 dante
1431 2821 1574 2886 Domino
1591 2823 1770 2908 recepturi;
1794 2822 1926 2908 proviso

275 2943 311 2988 ne
339 2924 373 2989 in
405 2925 622 3011 preiudicium
655 2929 886 2993 canonicorum
918 2934 952 2992 et
981 2929 1119 2992 aliorum
1151 2924 1335 2991 huiusmodi
1363 2927 1532 3011 negotium
1562 2926 1831 3013 prosequentium
1864 2924 1925 2988 hac

221 3040 239 3080 t
276 3028 444 3094 occasione
468 3029 591 3115 aliquid
614 3037 838 3118 attemptetur,
862 3039 895 3097 et
912 3033 939 3097 si
957 3052 1052 3097 secus
1068 3037 1294 3118 presumptum
1310 3029 1420 3108 fuerit,
1444 3030 1478 3094 in
1494 3036 1615 3094 statum
1632 3027 1777 3092 debitum
1796 3028 1926 3092 sublato

275 3132 503 3217 appellationis
527 3135 697 3200 obstaculo
721 3136 900 3217 revocetis,
930 3134 1185 3200 contradictores
1208 3140 1271 3197 otc.
1296 3169 1334 3179 -
1359 3133 1601 3198 nonobstante
1626 3132 1859 3198 constitutione
1884 3129 1925 3195 de

276 3233 398 3302 duabus
426 3236 525 3303 dietis
554 3239 644 3305 edita
672 3241 705 3305 in
733 3241 870 3305 concilio
902 3240 1064 3326 generali,
1092 3237 1266 3304 dummodo
1290 3236 1376 3300 ultra
1399 3236 1534 3300 terciam
1558 3236 1610 3300 vel
1635 3242 1783 3321 quartam
1808 3233 1925 3318 aliquis

277 3347 365 3405 extra
392 3362 487 3407 suam
515 3341 672 3409 diocesim
701 3345 896 3410 auctoritate
926 3342 1131 3431 presentium
1153 3340 1195 3406 ad
1217 3340 1375 3406 indicium
1398 3360 1463 3404 non
1486 3339 1643 3403 trahatur.
1690 3336 1785 3413 Quod
1809 3337 1837 3402 si
1859 3357 1925 3400 non

278 3462 384 3509 omnes
408 3451 472 3510 etc.

223 3570 241 3610 ’¹
377 3564 457 3631 Dat.
479 3565 632 3633 Lateran.
655 3565 707 3632 HI
729 3567 814 3631 Non.
836 3565 994 3632 Deccmb.
1018 3585 1103 3629 anno
1125 3565 1241 3651 primo.

892 3845 1304 3856 ——.——-—

1068 4108 1129 4181 42.

375 4222 594 4314 Innocentius
608 4249 664 4315 IV
678 4271 767 4334 papa
790 4250 984 4336 [Herlaino]
1009 4250 1238 4335 archnmscopc
1263 4249 1506 4314 Tarentosicnai
1533 4252 1562 4311 ct
1582 4245 1757 4332 [Amadco]
1786 4244 1925 4328 episcopo

279 4348 500 4417 Mcnmnncnsi
527 4353 635 4418 scribit
661 4373 693 4418 sc
720 4356 917 4435 confirmasse
943 4375 1087 4417 annnam
1109 4374 1164 4418 sca
1185 4354 1307 4418 milium
1331 4353 1486 4416 librarum
1509 4350 1736 4416 Artisicnsinm
1758 4347 1923 4422 redditam,

279 4474 359 4534 quon
373 4455 559 4541 I[olrannc]
579 4458 737 4522 consiliose
750 4458 932 4523 Flandrr'ac
954 4479 1023 4522 cnm
1042 4478 1192 4523 consensu
1206 4455 1446 4543 M[crparctne]
1466 4454 1503 4520 cle
1517 4452 1693 4537 Dnnqretra
1708 4452 1824 4516 sororis
1839 4470 1923 4527 anae,

279 4558 332 4622 eibi
351 4559 381 4622 si
402 4560 615 4643 supervixerit
633 4579 837 4640 successurae,
867 4562 1039 4646 T[bomnc]
1060 4562 1163 4626 comiti
1184 4561 1363 4626 blandriaco
1386 4559 1453 4622 cim
1475 4578 1539 4635 sno,
1570 4557 1673 4639 quoad
1698 4556 1822 4633 visan,
1853 4574 1923 4619 con-

225 4664 243 4703 ²⁸
279 4663 411 4742 nemrim
432 4663 572 4742 mandat,
594 4684 634 4728 ne
655 4685 725 4729 cnm
745 4685 840 4748 snper
861 4666 911 4730 his
932 4666 1092 4731 monetari
1106 4666 1304 4746 perrrrittcnt.
1599 4664 1692 4739 1243,
1715 4658 1789 4725 Dec.
1805 4662 1836 4722 8.

374 4781 439 4836 Inn.
453 4782 474 4837 I
478 4782 504 4835 V
520 4784 584 4853 Ray.
603 4783 697 4851 vocs,
716 4792 761 4850 47;
778 4784 876 4852 lael,
895 4792 951 4839 289.
988 4784 1138 4853 Epistolom
1156 4801 1188 4838 aa
1207 4783 1323 4853 Rnyoetla
1340 4781 1474 4850 dmtnnbait
1492 4781 1521 4836 V.
1536 4781 1578 4836 01.
1591 4783 1626 4835 A.
1640 4781 1719 4834 Man.

374 4868 470 4938 Rapa
482 4876 541 4924 aco.

308 5122 345 5141 ..
372 5065 740 5160 archiepiscopo
767 5068 1134 5143 Tarantasiensi
1162 5072 1205 5142 et
1233 5124 1271 5141 ..
1301 5068 1530 5161 episcopo
1557 5065 1888 5140 Maurienensi.

380 5216 463 5283 (lum
486 5217 608 5283 dilecta
631 5219 664 5283 in
681 5219 813 5284 Christo
837 5220 904 5284 filia
925 5220 1042 5284 nobilis
1058 5220 1176 5284 mulier
1191 5218 1218 5283 Ι.
1237 5218 1403 5283 comitissa
1418 5217 1583 5296 Flandrie,
1606 5216 1724 5282 dilecte
1742 5217 1774 5280 in
1791 5215 1922 5280 Christo

225 5324 245 5362 *θ
281 5318 339 5388 tiis
375 5322 495 5388 nobilis
531 5323 677 5389 mulieris
706 5323 750 5390 M.
780 5323 910 5389 domine
945 5322 986 5389 de
1021 5322 1202 5409 Dampetra
1236 5323 1357 5387 sororis
1392 5322 1509 5409 ipsius,
1546 5321 1606 5386 sibi
1642 5321 1670 5383 si
1702 5320 1921 5405 supervixerit

281 5443 475 5506 comessura,
497 5433 680 5515 spontaneo
704 5449 742 5492 ac
764 5428 910 5512 legitimo
933 5426 1112 5493 accedente
1136 5448 1310 5506 consensu,
1334 5425 1454 5490 dilecto
1470 5425 1535 5489 filio
1553 5423 1655 5488 nobili
1670 5424 1740 5488 niro
1757 5422 1793 5487 T.
1811 5423 1921 5487 comiti

1127 5586 1491 5595 .--.-..-.—-—-—.—.
1519 5583 1816 5592 ——-.—-.-..

370 5684 398 5757 ⁸)
413 5686 451 5741 tar
470 5680 482 5687 ⁸
565 5686 593 5757 Β)
608 5690 751 5759 slegsrtlt.
823 5689 847 5756 ⁰)
864 5691 1087 5761 presumpseitR.
1698 5776 1715 5829 5

372 5778 440 5837 Ν
563 5778 582 5837 ἱ
