4328 6232
768 358 817 414 EX
836 359 1055 417 muccuurn
1073 359 1112 415 IV
1130 358 1310 415 anemurio

995 662 1082 736 665.

312 777 531 871 Innocentius
546 805 572 870 Ι
573 803 603 868 V
607 788 699 885 papa
721 803 961 886 archiepiscopis
982 809 1012 868 ct
1032 803 1109 869 aliis
1125 803 1285 885 machmis
1306 807 1335 867 ct
1357 801 1479 867 clerin's
1492 800 1711 868 Alamanniae
1726 800 1873 880 mondot

208 899 244 974 nt
265 909 479 995 [Sipefridnm
494 908 573 992 111]
595 907 859 989 archiepiscopum
882 906 1121 990 Mapnntinnm,
1143 908 1195 972 cni
1216 907 1252 970 in
1268 905 1419 987 portibus
1440 924 1546 969 eornm
1561 904 1680 986 plenae
1702 903 1874 987 lopationis

209 1014 348 1096 officinm
369 1013 565 1090 euomuerit,
589 1013 719 1094 bonnac
741 1011 898 1095 rccipiunt
919 1015 949 1074 ct
968 1016 1135 1092 praecepto
1157 1012 1225 1076 nats
1248 1009 1420 1096 efficaciter
1442 1007 1647 1089 adimpleant.

323 1183 327 1188 ,
1191 1103 1193 1112 ⁸
1498 1112 1592 1190 1249,
1614 1110 1710 1178 Febr.
1727 1115 1781 1179 25.

313 1241 377 1295 Ione.
391 1240 411 1293 I
414 1239 440 1292 V
454 1238 520 1307 Περ.
537 1237 595 1291 Ino.
613 1236 661 1306 VI,
679 1236 751 1303 ΗΒ,
770 1254 798 1290 n.
811 1244 865 1290 411.
897 1235 1052 1304 Exemplar,
1070 1234 1142 1303 quod
1154 1235 1262 1301 Hister,
1282 1234 1340 1287 Alb.
1353 1251 1375 1287 s.
1387 1234 1451 1288 Bet.
1465 1239 1553 1301 p.183
1569 1233 1659 1301 nlidit,
1676 1248 1738 1286 mons
1754 1232 1874 1300 linarolis

208 1328 377 1382 contulimus.

312 1413 442 1493 ΜΝ,
461 1411 525 1480 ch.
539 1416 631 1478 13231;
650 1411 749 1479 Bcrper
766 1417 843 1465 4403.

242 1705 244 1709 Ι
279 1608 643 1701 Archiepiscopis
669 1614 714 1681 et
741 1607 986 1701 episcopia,
1014 1605 1272 1694 abbatibuS,
1307 1603 1552 1696 prioribus,
1584 1603 1803 1692 decanis,

210 1729 577 1806 archidiaconis
604 1733 647 1801 et
674 1728 780 1802 aliis
809 1728 1096 1802 ecclesiarum
1124 1726 1332 1819 prelatis
1365 1731 1457 1799 tam
1487 1724 1712 1817 exemptis
1739 1744 1873 1815 quam

210 1873 298 1926 non
335 1849 568 1942 exemptiS,
605 1871 687 1922 nec
723 1870 810 1921 non
849 1848 1063 1941 capitulis
1096 1854 1139 1921 et
1169 1848 1384 1921 universo
1417 1847 1543 1919 clero
1576 1867 1653 1936 per
1684 1865 1872 1936 regnum
1924 1885 1925 1890 =

719 1971 1055 2044 Alammannie‘*
1082 1967 1353 2043 constitutis

320 2119 427 2184 Ourab
451 2120 547 2186 nobis
571 2120 743 2184 commissa
766 2120 907 2185 ecclesie
936 2121 1117 2205 generalis,
1146 2119 1321 2205 potestatis
1351 2118 1575 2184 ecclesiastice
1597 2116 1769 2203 plenitudo
1795 2137 1872 2180 con-

211 2245 317 2303 cessa,
341 2245 398 2288 cor
416 2231 562 2288 nostrum
586 2223 741 2288 continua
764 2224 875 2309 pulsat
897 2224 1065 2301 instantia,
1089 2223 1174 2308 iugis
1198 2244 1258 2288 nos
1282 2222 1491 2308 cogitationis
1515 2221 1648 2286 stimulo
1671 2222 1808 2300 excitat,
1838 2227 1874 2283 ut

210 2328 243 2407 in
261 2347 373 2392 omnes
392 2326 513 2391 Christi
530 2325 655 2408 fideles,
679 2329 846 2413 proximos
863 2333 896 2391 et
911 2335 1066 2408 remotos,
1089 2325 1281 2412 attentionis
1304 2323 1484 2411 dirigentes
1508 2325 1631 2407 oculos,
1655 2323 1697 2388 ad
1722 2324 1872 2409 singulos

208 2429 480 2514 ‚considerationis
516 2428 620 2493 aciem
656 2429 892 2510 extendentes,
932 2428 1161 2494 sollicitudinis
1196 2427 1343 2493 debitum
1379 2429 1465 2493 circa
1498 2448 1569 2507 eos,
1612 2427 1770 2513 quamdiu
1810 2425 1871 2491 sub

211 2533 366 2620 imposito
402 2533 545 2597 humeris
581 2533 699 2597 nostris
735 2534 916 2620 apostolice
951 2535 1026 2619 ingo
1060 2534 1199 2597 vivimus
1234 2533 1415 2611 servitutis,
1456 2539 1553 2618 prout
1587 2532 1736 2618 ipsorum
1774 2531 1873 2595 saluti

210 2624 361 2722 expedit,
391 2637 594 2701 exolvamus.
632 2636 758 2701 Verum
782 2647 877 2702 cum⁰
902 2636 949 2701 sic
973 2658 1034 2701 nos
1057 2637 1220 2700 universis
1244 2634 1412 2700 debitores
1441 2634 1673 2712 attendimus⁶‚
1708 2633 1787 2699 dum
1814 2656 1873 2699 nos

213 2733 403 2806 cunctorum
439 2740 591 2824 regimini
625 2761 699 2805 esse
734 2742 947 2827 propensius⁰
982 2740 1182 2825 cogitemus,
1221 2739 1408 2805 vehementi
1450 2761 1513 2803 non
1556 2740 1719 2805 immerito
1757 2741 1874 2803 timore

212 2849 374 2909 terremur
402 2849 435 2908 et
463 2843 579 2928 grandi
610 2843 773 2929 quatimur
804 2865 868 2909 non
899 2846 969 2909 sine
1001 2845 1126 2908 ratione
1157 2851 1313 2922 tremore,
1346 2865 1388 2908 ne
1416 2843 1525 2907 minus
1557 2849 1748 2929 susceptum
1781 2843 1873 2906 suiti-

213 2945 358 3011 cienterf
379 2947 584 3033 apostolatus
608 2947 803 3033 impleamus
827 2947 981 3027 officium,
1005 2969 1046 3011 ne
1071 2948 1159 3011 circa
1185 2945 1298 3011 crediti
1322 2945 1416 3010 nobis
1433 2945 1597 3010 Dominioi
1620 2947 1733 3033 gregis
1758 2967 1873 3011 curam
1921 2983 1925 3020 :

212 3049 335 3134 aliquid
358 3071 402 3116 ex
425 3051 625 3138 negligentia
649 3053 848 3132 omittamus,
871 3053 1014 3117 maxime
1039 3073 1112 3116 oum
1137 3053 1238 3117 simus
1254 3052 1454 3138 impotentes
1473 3072 1516 3116 ex
1531 3050 1628 3114 nobis
1644 3048 1687 3114 ad
1702 3048 1874 3114 terendam

214 3158 306 3217 tante
331 3154 460 3219 sarcina
483 3155 692 3240 gravitatem,
717 3162 751 3220 et
774 3155 900 3234 ovibus,
925 3155 967 3220 ad
990 3177 1127 3241 quarum
1152 3177 1262 3220 sumus
1286 3154 1436 3241 deputati
1452 3153 1643 3234 custodiam,
1666 3173 1874 3238 nequeamus

212 3278 272 3342 pro
300 3256 493 3323 diversitate
525 3259 669 3324 locorum
699 3260 794 3324 simul
828 3261 989 3346 corporali
1018 3261 1185 3346 presentia
1216 3261 1362 3326 iminere.
1407 3259 1524 3337 Porro,
1559 3257 1635 3342 quia
1663 3255 1698 3320 id
1728 3256 1874 3320 humane

215 3358 359 3425 conditio
375 3368 493 3426 nature
509 3382 576 3426 non
591 3362 724 3449 patitur,
747 3370 783 3427 ut
800 3361 876 3427 dum
892 3364 964 3448 quis
980 3385 1045 3428 uno
1063 3363 1350 3450 comprehenditur
1373 3364 1455 3441 loco,
1478 3362 1542 3426 alio
1565 3360 1690 3445 puriter
1712 3361 1875 3447 capiatur,

206 3464 330 3529 'iustam
347 3486 390 3530 ex
413 3464 481 3529 hoc.
498 3466 746 3531 excusationem
769 3466 941 3547 habentes,
965 3466 1127 3532 interdum
1152 3468 1240 3532 viros
1264 3466 1419 3554 providos
1443 3471 1478 3530 et
1499 3464 1671 3543 discretos,
1694 3484 1769 3529 cum
1794 3484 1875 3549 erga
1922 3507 1925 3538 :

213 3568 371 3633 ecclesias
401 3590 460 3633 nos
491 3590 565 3634 esse
594 3570 738 3635 intentos
762 3575 912 3655 oporteat
935 3571 1105 3636 universas
1129 3579 1163 3636 et
1186 3591 1251 3636 uno
1276 3571 1457 3657 eodemque
1482 3577 1630 3655 tempore
1653 3567 1775 3634 adesse
1799 3588 1874 3655 pre·

214 3671 395 3736 sentialiter
418 3672 555 3758 singulis
579 3695 644 3739 non
667 3674 846 3759 possimus,
878 3695 919 3739 ne
949 3682 1187 3761 postponamus
1214 3676 1387 3756 absentes,
1418 3675 1608 3760 inpartem
1638 3671 1875 3737 sollicitudinis

214 3794 404 3854 evocamus,
432 3775 584 3840 instructi
612 3777 682 3841 eius
712 3779 880 3863 exemplo,
911 3780 966 3863 qui
996 3778 1037 3843 de
1069 3771 1214 3844 celorum
1244 3800 1319 3844 arce
1351 3777 1392 3843 ad
1420 3778 1488 3842 ima
1514 3775 1627 3840 mundi
1656 3797 1717 3862 pro
1740 3776 1874 3861 generis

214 3878 348 3943 humani
372 3879 478 3944 salute
500 3879 716 3961 descendens,
740 3881 919 3968 discipulos
943 3894 1049 3962 suos⁸‚
1074 3905 1156 3969 quos
1180 3883 1291 3968 elegit,
1316 3885 1348 3946 in
1371 3879 1528 3945 mundum
1549 3879 1639 3944 misit
1660 3879 1873 3964 evangelium

213 3980 395 4067 predicare.
439 3981 549 4047 Sane¹¹
571 3984 657 4047 inter
680 3989 792 4049 cetera
815 3984 1045 4051 desiderabilia
1069 3985 1176 4051 cordis
1200 3985 1303 4051 nostri
1326 3983 1507 4049 animarum
1531 3983 1682 4062 salutern,
1705 3982 1871 4047 libertatis

215 4085 438 4150 ecclesiastice
463 4087 700 4151 incrementum
724 4093 758 4151 et
780 4109 895 4174 pacem
916 4090 1041 4153 cunctis
1059 4088 1180 4153 Christi
1196 4088 1348 4154 fidelibus
1364 4088 1533 4173 potissime
1550 4086 1734 4171 cupientes,
1759 4085 1875 4150 sedulo

215 4188 388 4274 vigilamus
413 4189 560 4254 sollertia
583 4193 618 4255 et
640 4190 727 4276 quod
750 4213 921 4278 possumus
945 4192 1113 4280 diligentie
1136 4193 1279 4258 studium
1306 4191 1517 4272 adhibemus,
1547 4197 1584 4255 ut
1608 4191 1736 4276 possint
1759 4190 1872 4255 lauda·

208 4293 326 4357 biliter
355 4293 514 4357 submotis
542 4293 784 4379 impedimentis
800 4322 801 4326 ¹
815 4297 1017 4381 quibuslibet
1043 4298 1136 4361 iuxta
1164 4297 1267 4361 nostri
1295 4294 1448 4361 desiderii
1476 4293 1713 4380 plenitudinem
1737 4299 1874 4359 auctore

214 4396 357 4461 Domino
378 4397 561 4482 provenire,
586 4418 624 4461 ac
649 4419 687 4462 eo
711 4398 891 4481 ardentius,
915 4407 951 4465 ut
968 4401 1002 4465 in
1018 4403 1135 4466 vestris
1158 4401 1305 4488 partibus
1321 4398 1509 4465 animabus¹
1524 4397 1692 4485 proiectus
1706 4397 1873 4465 adveniat

210 4501 350 4565 libertas
379 4501 542 4566 ecclesie*
573 4502 685 4586 vigeat
711 4524 749 4567 ao
780 4505 871 4589 pacis
903 4510 1052 4569 servetur
1085 4505 1317 4590 tranquillitas,
1350 4503 1556 4583 affectamus,
1591 4522 1655 4587 quo
1690 4501 1871 4567 ferventius

209 4602 338 4667 bonum
369 4610 491 4669 statum
522 4606 664 4690 partium
695 4608 881 4693 appetimus
904 4609 1094 4674 earundem.
1139 4609 1184 4672 Ut
1206 4609 1308 4695 igitur
1328 4609 1400 4694 ipse
1424 4612 1535 4693 partes
1557 4625 1597 4669 eo
1619 4605 1728 4691 magis
1752 4606 1786 4670 in
1809 4603 1872 4670 Dei

216 4714 250 4772 et
274 4708 415 4773 ecclesie
439 4706 613 4774 dovotione
637 4709 820 4795 proficiant,
842 4732 905 4797 quo
927 4732 963 4775 se
980 4712 1156 4798 specialius
1173 4733 1233 4797 per
1248 4712 1349 4796 legati
1365 4709 1546 4797 apostolice
1562 4707 1652 4774 sedis
1668 4710 1871 4795 presentiam

357 4885 503 4891 ---————·-
532 4886 536 4889 -
551 4883 631 4891 ἀ’-
962 4889 1009 4895 --,
1020 4889 1171 4894 ,,,,-,,-

320 4987 344 5051 ⁸)
362 4987 390 5037 in
410 5004 494 5053 marp.
512 4987 659 5050 Aldmdnie;
683 4988 711 5036 in
733 4989 813 5039 rutro
833 4990 952 5041 amman.
1057 4989 1082 5056 b)
1102 4991 1193 5043 Primo
1210 5010 1278 5059 pars
1301 4991 1423 5058 epistolae
1446 5008 1503 5042 mom
1525 5007 1564 5057 cp.
1582 5008 1609 5043 a.
1624 4994 1678 5042 205
1696 4990 1729 5042 dc
1749 4991 1872 5058 ἱῳαίὶοπε

215 5073 287 5124 electi
298 5072 478 5125 Farrariorum
495 5074 523 5124 in
541 5070 664 5125 Tanaitis
681 5073 778 5140 scripto
795 5076 942 5126 concordat.
1035 5076 1059 5142 0)
1077 5093 1137 5128 oum
1155 5079 1193 5128 sic
1211 5096 1258 5131 nos
1275 5078 1302 5128 in
1321 5079 1375 5129 loco
1390 5094 1464 5133 raso:
1481 5078 1543 5129 durn
1562 5094 1582 5129 s.
1601 5095 1626 5129 n.
1639 5081 1700 5129 205.
1788 5073 1815 5142 ἆ)
1830 5092 1871 5128 ac·

216 5159 331 5211 cedimus
348 5164 403 5211 205.
502 5159 525 5224 ο)
545 5161 687 5228 prepositos
704 5164 760 5211 206.
865 5159 885 5226 s)
903 5164 961 5213 suti.
980 5168 1117 5216 eusatoo.
1222 5164 1248 5229 s)
1266 5181 1327 5216 suos
1344 5164 1413 5215 deest
1428 5168 1489 5215 206.
1594 5161 1708 5226 11ὶριωι
1725 5171 1872 5231 aspamam,

217 5263 275 5297 cram
297 5264 336 5313 cp.
358 5264 384 5298 n.
403 5247 489 5298 3041
511 5247 543 5296 cic
568 5247 692 5312 leporiana
714 5246 785 5297 Petri
809 5247 912 5299 diaconi
935 5251 1080 5301 confinalis
1103 5251 1129 5301 in
1157 5251 1281 5302 Terrtonia
1305 5251 1401 5316 scripto
1423 5250 1528 5300 mortalis
1550 5249 1682 5301 sumno:
1704 5250 1872 5303 maruan

217 5330 236 5398 ¹)
254 5333 398 5385 animarum
415 5332 503 5384 3041.
608 5329 635 5396 ¹¹)
654 5331 827 5384 occimiastica
844 5334 931 5386 3041.

217 5473 323 5537 utut,
348 5467 486 5522 marisca
506 5465 591 5534 fumo
610 5465 743 5533 probabile
766 5465 842 5520 nobis
864 5483 920 5521 non
941 5475 994 5536 est,·
1018 5486 1103 5538 nequo
1124 5470 1194 5524 onim
1217 5469 1410 5539 archiepiscopo
1428 5467 1592 5538 dolensisc
1613 5470 1664 5540 qai
1685 5468 1822 5541 Mille
1839 5452 1884 5525 'u'

218 5553 355 5623 mononis
378 5553 465 5622 osllcb
486 5551 619 5620 mansit,
639 5551 704 5620 plia
720 5551 891 5607 suauitatis
908 5570 1058 5610 ronanam
1074 5571 1127 5610 csso
1143 5557 1176 5610 in
1194 5556 1311 5625 Repertis
1326 5556 1449 5625 imma,
1472 5560 1497 5610 ct
1511 5555 1745 5625 mimus-dn
1758 5558 1800 5629 A

219 5640 334 5699 annac
349 5637 437 5695 ethis
447 5638 541 5695 dudm
552 5636 677 5707 rumis
687 5637 801 5706 &riphat
812 5637 941 5710 admon,
959 5658 983 5694 r.
995 5642 1081 5711 infra
1110 5642 1149 5711 ils.
1163 5643 1242 5698 mans
1252 5643 1423 5697 aarum
1432 5642 1505 5698 acas·
1517 5639 1628 5701 Μ
