4328 6232
254 347 295 413 aa
810 333 858 393 nx
877 329 1095 393 muocnuru
1112 329 1151 390 rr
1169 328 1349 392 acorsrao

254 524 434 607 potestates
458 537 516 603 pro
538 521 685 601 tempore
710 514 850 579 civitatis
880 511 1051 593 iamdicta,
1083 517 1216 597 propter
1238 509 1300 574 hoc
1324 509 1526 596 prefatorum
1549 507 1687 574 militurn
1712 518 1747 575 et
1769 507 1907 575 aliorum

254 623 341 687 bona
370 620 505 686 mobilia
535 626 568 683 et
597 618 776 682 immobilia
804 617 901 703 pleno
932 616 1112 680 deliberato
1141 614 1274 679 consilio
1306 613 1469 676 communi
1500 621 1609 678 vestro
1639 620 1800 700 perpetuo
1830 635 1907 679 con·

253 726 418 793 fiscamnt.
450 723 579 789 Vestris
601 722 701 809 igitur
723 721 876 808 precibus
900 725 1092 800 annuentes,
1115 717 1242 802 quoda
1265 716 1360 781 dictis
1384 717 1604 802 potestatibus
1625 718 1761 803 provide
1783 717 1908 783 iactum

254 837 307 896 est
333 830 368 894 in
397 829 460 892 hac
491 832 603 914 parte,
636 825 832 891 auctoritate
861 823 1044 910 apostolica
1072 822 1302 887 confirmamus
1331 827 1365 887 et
1395 821 1558 907 presentis
1588 820 1702 906 scripti
1724 821 1908 908 patrocinio

254 931 503 996 communimus.
548 929 638 994 Nulli
660 949 739 1013 ergo
763 964 806 977 -
830 933 941 991 nostre
965 924 1217 991 confimrationis
1239 930 1301 989 etc.
1348 921 1477 1008 Siquis
1500 929 1611 989 autem
1634 928 1697 990 etc.

364 1042 442 1107 Dat.
465 1040 622 1106 Lateran.
636 1038 704 1103 VII
727 1037 805 1102 Idus
829 1036 1036 1117 Novembris,
1058 1056 1142 1100 anno
1158 1034 1185 1100 Ι.

875 1227 1146 1234 .—--.-..——-—
1159 1228 1192 1233 —
1199 1228 1201 1231 .
1208 1227 1246 1232 -
1256 1228 1284 1232 ,-

1053 1421 1113 1494 38.

358 1524 577 1620 Innocentius
595 1549 620 1613 Ι
624 1547 654 1611 V
671 1568 762 1629 papa
786 1549 982 1628 potestatem,
1018 1544 1183 1609 consitium
1215 1547 1244 1607 ct
1267 1545 1423 1624 populna
1447 1544 1638 1635 Brinienscs
1666 1566 1734 1610 cum
1765 1547 1911 1611 omnibns

254 1655 343 1718 bonis
365 1654 422 1719 sicb
439 1653 629 1734 protectione
650 1670 710 1716 suo
731 1652 864 1731 suscipit
885 1653 914 1714 ct
936 1649 1107 1713 sententias
1128 1668 1150 1710 a
1167 1647 1315 1727 principe
1336 1652 1445 1713 contra
1467 1667 1517 1713 cos
1539 1649 1623 1713 listas
1642 1654 1773 1714 reuocet.

1556 1755 1649 1830 1243,
1672 1752 1752 1817 Noc.
1769 1755 1822 1819 18.

358 1858 421 1912 Inn.
434 1858 455 1911 1
458 1858 483 1911 V
497 1857 561 1926 Rea
577 1856 636 1913 Vot.
651 1857 674 1926 I,
693 1863 738 1924 9i;
756 1856 854 1924 Iaul,
871 1863 927 1912 568.
957 1855 1083 1924 Epistola
1100 1872 1126 1909 a.
1139 1861 1205 1909 1244
1222 1853 1327 1909 denium
1339 1859 1402 1922 post
1419 1854 1508 1923 April.
1522 1864 1535 1908 1
1552 1855 1584 1908 in
1603 1854 1715 1923 aaut
1731 1856 1817 1909 reluta
1833 1861 1880 1912 cst.
1959 1871 1967 1909 r

358 1944 522 2014 Respecto.

472 2145 511 2164 ..
540 2087 793 2182 potestati,
822 2087 1029 2161 consilio
1057 2092 1102 2161 et
1128 2086 1308 2179 populo
1336 2082 1686 2162 Brixiensibus

366 2219 500 2287 Sincere
531 2221 715 2286 devotionis
745 2221 854 2286 fervor
883 2227 917 2286 et
947 2219 1130 2284 constantie
1159 2218 1295 2283 firmitas
1323 2219 1532 2300 inconcusso,
1564 2219 1681 2303 quibus
1712 2220 1800 2285 inter
1829 2221 1911 2286 alios

255 2326 396 2390 ecclesie
429 2325 514 2390 tilios
550 2326 739 2412 specialiter
772 2327 954 2403 claruistis,
995 2324 1093 2388 fidem
1135 2323 1328 2388 catholicam
1363 2327 1397 2385 et
1430 2322 1685 2387 ecclesiasticam
1722 2323 1911 2391 libertatem

254 2429 485 2515 oportunitatis
508 2433 658 2514 tempore
682 2430 758 2493 totis
780 2430 904 2494 viribus
929 2426 1145 2510 defendendo,
1170 2426 1318 2508 suadent,
1342 2431 1378 2488 ut
1401 2445 1459 2488 vos
1482 2446 1599 2510 magne
1623 2426 1728 2490 laudis
1752 2431 1910 2514 preconio
1961 2459 1967 2496 1

254 2551 321 2594 non
360 2530 511 2615 indignos
544 2532 753 2617 prerogativa
788 2533 908 2597 favoris
940 2538 974 2596 et
1012 2530 1117 2616 gratie
1157 2529 1311 2593 continue
1348 2549 1586 2614 prosequamur
1620 2536 1653 2593 et
1685 2538 1799 2596 contra
1834 2554 1910 2620 per·

256 2640 446 2699 secutorum
474 2633 632 2699 insultum
662 2637 841 2721 apostolico
871 2635 961 2699 vobis
989 2654 1141 2698 curemus
1168 2632 1348 2718 patrocinio
1381 2631 1566 2697 subvenire.
1611 2631 1697 2697 Hinc
1727 2641 1792 2714 est,
1824 2635 1912 2722 quod

254 2737 372 2801 restris
396 2735 568 2802 desideriis
591 2744 683 2822 grato
707 2744 937 2803 concurrentes
959 2757 1109 2817 assensu,
1133 2755 1291 2821 personas
1308 2741 1435 2799 vestras
1458 2736 1492 2798 in
1509 2736 1649 2800 ecclesie
1665 2736 1841 2802 devotione
1864 2735 1913 2826 [et

254 2839 477 2924 defensionel⁸
489 2839 671 2905 orthodoxe
684 2840 760 2905 fidei
773 2863 811 2906 ac
823 2843 986 2907 libertatis
1000 2840 1224 2906 ecclesiastice
1239 2840 1455 2926 persistentes
1469 2861 1542 2904 cum
1555 2841 1682 2920 castris,
1694 2841 1789 2922 villis,
1803 2843 1912 2925 terris,

262 2943 525 3029 possessionibus
549 2950 583 3008 et
605 2943 699 3008 bonis
723 2945 873 3009 omnibus
896 2947 978 3027 aliis,
1002 2965 1066 3030 que
1088 2945 1371 3030 impresentiarum
1394 2944 1631 3009 rationabiliter
1652 2944 1830 3031 possidetis
1854 2955 1913 3012 aut
1962 2979 1967 3017 s

259 3047 291 3111 in
316 3046 460 3110 futurum
479 3054 540 3112 etc.
556 3069 676 3133 usque:
701 3049 895 3135 suscipimus
913 3055 946 3113 et
961 3047 1126 3134 presentis
1143 3049 1256 3133 scripti
1272 3048 1452 3134 patrocinio
1470 3049 1718 3115 communimus.
1756 3049 1914 3118 (letarum

257 3152 454 3232 sententias,
485 3152 607 3234 banna,
639 3158 778 3233 statuta,
810 3174 913 3239 penas
942 3159 976 3217 et
1002 3151 1095 3216 datas
1126 3152 1281 3238 principis
1311 3173 1350 3216 ac
1374 3152 1604 3216 concessiones
1627 3152 1730 3218 factas
1753 3153 1795 3220 de
1818 3155 1915 3221 bonis

256 3255 376 3319 restris
399 3253 440 3318 ab
465 3275 505 3319 eo
522 3256 574 3320 rel
599 3255 640 3319 ab
663 3257 729 3320 alio
754 3278 812 3342 pro
836 3257 905 3342 ipso
930 3253 1189 3340 quibuscumque
1214 3254 1500 3318 communitatibus
1519 3255 1571 3319 vel
1595 3257 1757 3341 personis,
1780 3265 1814 3322 et
1830 3278 1912 3344 que·

257 3379 395 3444 cumque
425 3359 489 3423 alia
513 3365 628 3423 contra
651 3380 708 3423 vos
732 3367 907 3444 vestraque
931 3359 1017 3424 bona
1041 3358 1242 3443 generalitor
1264 3358 1318 3421 vel
1341 3359 1530 3444 specialiter
1556 3361 1684 3441 statuit,
1717 3362 1914 3427 auctoritate

256 3463 459 3546 presentium
475 3483 677 3528 revocamus.
714 3463 805 3527 Nulli
821 3482 898 3546 ergo
916 3469 1086 3525 -nostre
1103 3461 1313 3547 protectionis
1331 3468 1363 3524 et
1381 3462 1596 3525 revocationis
1612 3469 1674 3528 etc.
1710 3462 1744 3527 ui
1761 3465 1912 3549 quisetc.
1964 3496 1967 3533 ε

363 3572 440 3638 Dat.
464 3573 616 3639 Lateran.
641 3572 747 3637 XIIII
769 3572 844 3637 Kal.
868 3571 1044 3636 Decembr.
1068 3592 1153 3635 anno
1176 3572 1292 3658 primo.

1057 3956 1117 4030 39.

361 4054 579 4146 Innocentius
594 4080 616 4144 I
621 4079 652 4144 V
664 4101 754 4161 papa
777 4080 963 4167 G[r·epcrio]
986 4080 1023 4145 de
1041 4079 1243 4160 Montclonpc
1265 4078 1465 4157 subdiacono,
1492 4081 1678 4160 apostoticae
1698 4082 1782 4148 sedis
1803 4082 1913 4168 knuto

255 4206 295 4248 cre
316 4184 467 4266 portibus
492 4182 701 4249 Lornburdiue
731 4185 871 4249 revocari
903 4184 1110 4262 desideranti,
1146 4183 1289 4261 mundat,
1325 4187 1361 4246 ut
1391 4183 1555 4266 tepet-ionis
1585 4182 1738 4270 officium,
1768 4191 1865 4266 morit
1892 4208 1914 4252 u

258 4288 410 4370 Grcponio
424 4286 480 4351 IX
497 4307 586 4367 popa
607 4287 669 4351 sibi
690 4288 883 4352 commissum
904 4286 1012 4367 suerit,
1035 4306 1119 4351 more
1141 4287 1231 4352 solito
1251 4290 1433 4368 enecantur.

359 4442 421 4495 Ian.
435 4441 483 4495 IV
498 4439 562 4509 Ray.
580 4440 635 4494 Vct.
652 4441 675 4508 1,
694 4447 744 4507 40;
762 4440 858 4511 luat,
877 4448 934 4496 242.

361 4529 461 4597 Βῆριν
478 4532 537 4582 243.

1561 4393 1655 4472 1243,
1676 4392 1756 4458 Noc.
1771 4395 1825 4460 20.

429 4689 473 4762 G.
501 4690 554 4762 de
587 4689 896 4782 Montelongo
931 4689 1226 4763 subdiacono
1261 4694 1304 4763 et
1338 4691 1525 4763 notario
1558 4695 1742 4779 nostro,

771 4810 1038 4903 apostolice
1072 4811 1201 4883 sedis
1235 4811 1401 4902 legato.

365 4939 461 5005 Licet
491 4962 597 5026 nuper
628 4961 687 5026 per
719 4941 869 5005 nuntium
900 4949 934 5005 ot
962 4941 1089 5005 litteras
1124 4942 1287 5027 speciales
1315 4942 1476 5007 instanter
1505 4943 1638 5030 petieris
1666 4942 1811 5007 revocari
1823 4944 1844 5024 ¹,
1877 4949 1911 5009 ct
1964 4971 1967 5006 :

258 5043 351 5108 nobis
376 5050 409 5108 et
432 5045 571 5109 ecclesie
593 5043 741 5110 Romane
765 5052 822 5109 tua
846 5050 933 5109 esset
957 5044 1042 5130 apud
1067 5044 1179 5110 sedern
1211 5046 1426 5130 apostolicam
1451 5047 1615 5133 presentia
1638 5054 1808 5132 oportuna,
1838 5069 1912 5113 curn

1061 5186 1379 5194 ..-..-...—..--.-—.....—

360 5271 383 5334 ⁸)
402 5278 428 5321 ct
445 5271 593 5323 defensione
612 5269 680 5322 deest
692 5270 736 5329 P.,·
754 5270 787 5336 cf.
806 5287 832 5320 n.
846 5272 889 5321 33.

360 5387 387 5455 1)
410 5386 446 5442 ru
463 5386 594 5443 aarum
612 5393 721 5458 nosce
742 5359 888 5441 crucam
905 5387 983 5457 aaa
1006 5387 1076 5441 oue
1093 5371 1646 5458 amicumamicumi
1663 5388 1731 5445 uu.
1747 5394 1915 5461 mm

256 5471 506 5543 [Boline-Ficta,
524 5473 541 5528 l.
554 5490 576 5528 c.
589 5480 653 5529 3393
662 5473 703 5545 oJ,
720 5489 753 5528 cc
770 5472 980 5543 qswLmnburdi
992 5473 1108 5528 wdecim
1119 5474 1297 5544 macuta,
1315 5475 1393 5530 ncab
1404 5492 1434 5530 ca
1445 5475 1631 5545 duamur,
1649 5475 1768 5533 marc
1780 5475 1914 5547 M,

255 5559 463 5627 campanaria
485 5560 599 5627 mactis
620 5559 1140 5630 cnamcpumatltrnmndumduncrit
1162 5563 1605 5630 scpucerninitsnnmnoncssc,
1628 5560 1967 5633 aieiwofflr

255 5644 552 5713 aucupationes.
570 5653 651 5715 aaa
669 5652 836 5717 sennar,
854 5653 945 5705 ncnc.
1755 5676 1759 5681 ·
