4784 6334
868 439 1067 498 EPISTOLAB
1088 443 1281 500 subucula.
1319 445 1395 500 1248.
1898 456 1960 517 447

312 607 552 672 matrimonium
583 611 625 675 ad
651 611 812 679 sedandas
842 615 998 701 capitales
1027 617 1212 682 inimicitias
1241 619 1326 682 inter
1354 625 1509 704 parentes
1539 628 1572 686 et
1600 624 1760 689 vassallos
1790 627 1960 712 utriusque

312 712 456 797 pcccatis
494 715 701 800 exigentibus
738 719 802 782 iam
838 725 969 783 exortas
1004 727 1037 786 ct
1071 721 1277 786 reformanda
1311 723 1396 787 inter
1430 745 1488 788 cos
1522 727 1612 811 pacis
1647 727 1760 793 federa
1787 730 1960 814 plurimum

314 821 476 900 operetur,
511 817 641 884 salubre
676 821 846 886 consilium
881 844 1049 909 apponere
1084 845 1282 890 curaremus.
1335 826 1557 893 Attendentes
1591 831 1690 916 igitur
1723 832 1808 917 quod
1842 853 1962 917 urgens

313 921 495 986 necessitas
519 928 552 986 ct
575 923 709 988 evidens
736 926 859 990 utilitas
891 926 1168 1012 dispensationem
1198 937 1410 1015 exposcantt,
1441 931 1481 995 de
1509 933 1645 998 fratrum
1675 943 1857 1001 nostrorum
1886 958 1966 1002 con-

247 1047 258 1084 ι
313 1022 387 1086 silio
415 1024 641 1102 mandamusl,
674 1029 840 1112 quatinus,
870 1037 1004 1117 recepta
1026 1032 1116 1116 prius
1140 1032 1181 1096 ab
1206 1033 1330 1098 eisdem
1353 1033 1486 1100 Unum
1509 1044 1542 1099 et
1564 1035 1695 1122 Agnete
1718 1059 1844 1104 necnon
1869 1047 1902 1106 et
1925 1039 1965 1104 ab

313 1127 385 1192 aliis
409 1149 491 1214 quos
513 1130 636 1196 videris
660 1131 816 1218 expedire
849 1134 890 1199 dc
919 1135 1105 1200 assistendo
1135 1137 1273 1201 ecclesie
1297 1136 1446 1204 Romane
1475 1161 1513 1204 ao
1542 1139 1670 1204 devotis
1697 1141 1823 1228 ipsiusd
1853 1149 1967 1208 contra

311 1230 349 1296 F.
381 1233 545 1318 quondam
577 1236 807 1321 imperatorem
840 1261 878 1303 ac
908 1239 1051 1305 fautores
1086 1241 1155 1304 eius
1189 1249 1418 1327 persecutores
1453 1243 1556 1329 ipsius
1591 1246 1732 1310 ecclesie
1763 1246 1900 1310 viriliter
1934 1255 1967 1311 ot

312 1341 466 1423 patenter
493 1359 531 1402 ac
563 1337 604 1404 dc
635 1342 877 1425 perseverando
907 1343 1118 1408 immobiliter
1147 1345 1179 1408 in
1212 1345 1360 1410 eiusdem
1388 1347 1528 1412 ecclesie
1557 1347 1730 1413 devotione
1753 1371 1792 1413 ao
1814 1349 1877 1414 fide
1901 1357 1966 1414 tam

313 1438 469 1504 iuratoria
493 1462 590 1526 quam
614 1444 679 1509 alia
702 1445 876 1511 sufficienti
906 1453 939 1511 et
969 1447 1088 1512 idonea
1115 1450 1282 1530 cautione,
1315 1470 1389 1514 cum
1417 1451 1556 1536 prefatis
1579 1451 1620 1516 U.
1644 1458 1677 1516 et
1699 1452 1740 1516 A.
1764 1475 1822 1539 per
1853 1463 1885 1518 te
1914 1454 1967 1518 vel

237 1572 262 1609 10
314 1564 373 1628 per
396 1544 497 1608 alium
525 1549 720 1614 auctoritate
749 1557 862 1615 nostro
890 1551 1077 1637 dispenses,
1109 1553 1136 1617 si
1164 1553 1283 1618 videris
1313 1553 1501 1638 expedire⁸,
1533 1553 1619 1640 quod
1649 1554 1690 1619 ad
1720 1556 1860 1620 invicem
1891 1578 1967 1620 con-

315 1646 444 1712 trahere
469 1650 614 1734 possint,
631 1653 658 1716 si
680 1653 791 1733 velint,
816 1654 1114 1741 -impedimento
1138 1656 1321 1721 huiusmodi
1345 1678 1408 1720 non
1433 1656 1596 1724 obstante.

418 1767 493 1834 Dat.
518 1769 680 1858 Lugduni,
704 1773 735 1839 X
758 1773 832 1839 Kal.
857 1775 1026 1856 Ianuarii‘,
1051 1797 1136 1840 anno
1151 1777 1225 1843 vn.

941 2076 1350 2086 ν--ι--μ-ο--ο-κ-ῲ-

1099 2354 1186 2428 628.

420 2462 638 2556 Iatrocoatius
659 2491 681 2556 1
688 2492 715 2555 V
725 2515 816 2576 popu
841 2495 1030 2579 G[roporto]
1050 2493 1087 2558 dc
1110 2493 1312 2576 Moutetoupo
1333 2493 1529 2571 saudauma,
1552 2493 1840 2578 (apostolicaesedis
1862 2493 1969 2574 teputo,

316 2591 462 2669 cunradut,
492 2597 528 2656 ut
549 2593 734 2681 [Martiae]
754 2597 846 2662 electo
869 2597 1070 2676 vervorum-r,
1098 2618 1188 2678 quem
1215 2597 1269 2661 troc
1296 2601 1428 2678 tcumoro
1450 2599 1588 2678 oporteat
1609 2617 1725 2679 anagnu
1747 2596 1852 2661 subire
1874 2617 1969 2660 macru

238 2725 262 2763 n
315 2715 533 2775 expensurum,
557 2697 597 2762 ob
619 2699 754 2765 ecclesiis
776 2700 940 2783 locutionis
959 2721 1034 2766 suae
1049 2701 1084 2764 iu
1100 2701 1218 2766 decorita?
1231 2720 1362 2779 sumina,
1385 2699 1520 2766 durante
1534 2699 1692 2764 discordia
1707 2701 1778 2776 istu,
1800 2699 1968 2762 aunuatim

311 2797 418 2882 faciut
433 2800 606 2879 pociori.
1621 2807 1715 2882 1248,
1737 2803 1813 2871 Dec.
1828 2805 1882 2868 28.

420 2919 482 2972 Ina.
498 2920 545 2973 IV
560 2921 622 2990 Ray.
642 2922 701 2976 Lab.
721 2921 768 2990 VI,
785 2924 856 2990 fito,
875 2939 903 2976 a.
921 2931 978 2979 288.

422 3005 553 3074 Potttrust,
574 3007 637 3076 aq.
650 3014 744 3072 13138,¹
763 3009 861 3078 Beryae·
878 3015 955 3066 4280.

534 3205 577 3278 G.
605 3205 657 3280 de
685 3206 970 3299 Montelongo
996 3207 1273 3281 subdiacono
1301 3213 1344 3280 et
1370 3207 1555 3282 notario
1584 3213 1738 3280 nostro

848 3330 1096 3418 apostolice
1124 3327 1251 3402 sedis
1277 3329 1439 3420 legato.

426 3473 556 3546 Quanta
591 3483 625 3541 ct
658 3477 769 3562 qualia
803 3476 935 3542 servitia
969 3473 1106 3538 dilectus
1140 3473 1224 3537 iilius
1252 3523 1291 3538 ..
1321 3474 1446 3538 electus
1472 3473 1714 3538 Vercellensis¹
1743 3495 1806 3537 non
1836 3475 1968 3538 vitando

320 3575 460 3663 dampna
483 3598 590 3643 rorum
614 3601 675 3644 nec
698 3601 839 3665 persono
862 3579 1043 3667 pericnlum
1068 3575 1266 3662 impenderit
1288 3575 1443 3656 ecclesie,
1472 3582 1670 3662 quantumve
1698 3577 1871 3663 pertulerit
1894 3577 1970 3641 inde

318 3678 494 3765 dispendii,
529 3689 563 3746 tu
597 3689 750 3769 tanquam
785 3705 920 3770 presens
955 3682 1040 3746 nosti
1074 3680 1204 3767 plenius
1236 3700 1297 3744 uec
1332 3701 1391 3744 nos
1426 3680 1525 3744 etiam
1559 3681 1776 3766 ignoramus·
1808 3679 1859 3745 Nc
1891 3703 1969 3746 vero

320 3781 520 3850 detractores
552 3795 584 3850 ct
613 3789 712 3852 emuli
743 3787 784 3853 do
815 3787 963 3873 partibus
996 3785 1062 3849 illis
1097 3789 1210 3849 contra
1246 3805 1320 3848 eum
1355 3784 1528 3865 insultent,
1564 3785 1607 3849 ad
1642 3784 1840 3849 debilitando
1874 3785 1971 3849 corda

241 3915 267 3953 ss
320 3885 466 3952 fidelium
490 3888 637 3955 dicentes
660 3890 747 3976 quod
770 3891 857 3956 idem
880 3890 942 3954 hoc
971 3889 1077 3974 egerit
1106 3888 1304 3968 inconsulte,
1335 3888 1383 3952 sic
1404 3887 1447 3953 ad
1469 3889 1576 3973 ipsum
1596 3891 1744 3954 volumus
1765 3889 1971 3953 munificam⁸

320 4013 452 4057 manum
483 3995 679 4076 extendere,
708 4004 744 4060 ut
772 3997 841 4062 eius
870 3993 1023 4080 exemplo
1053 3992 1154 4056 ceteri
1184 4012 1250 4056 nou
1272 3991 1396 4056 retrahi
1419 3990 1460 4056 ab
1484 3992 1650 4078 obsequiis
1674 3992 1816 4057 ecclesie
1840 3991 1972 4056 valeant

320 4094 379 4161 sed
402 4097 443 4162 ad
468 4101 639 4185 capotius
664 4101 803 4165 invitari.
850 4098 1012 4172 Quocirca
1035 4096 1242 4176 mandamus,
1271 4097 1424 4182 quatinus
1448 4096 1555 4162 eidem
1578 4097 1699 4177 electo,
1724 4118 1819 4182 quem
1843 4101 1972 4181 oportet

320 4199 382 4265 boc
405 4207 552 4288 temporo
576 4224 695 4288 magna
724 4204 832 4268 subire
864 4224 964 4268 onera
996 4222 1227 4288 expensarum,
1260 4198 1301 4264 ab
1332 4198 1495 4286 aliquibus
1526 4200 1675 4266 ecclesiis
1705 4207 1739 4264 ct
1766 4197 1971 4263 monasteriis

322 4308 376 4368 tue
406 4303 596 4390 legationis,
632 4314 698 4372 tam
731 4307 891 4392 exemptis
920 4326 1018 4391 quam
1048 4325 1113 4369 non
1148 4304 1327 4389 exemptis,
1363 4303 1397 4367 in
1431 4303 1539 4388 aliqua
1571 4301 1702 4368 decenti
1731 4310 1764 4367 et
1795 4301 1970 4366 sufficienti

323 4428 459 4490 summa,
482 4408 523 4474 de
540 4432 605 4496 qua
621 4412 778 4499 expedire
794 4410 925 4488 videris,
948 4408 1113 4495 provideri
1134 4408 1272 4472 durante
1296 4406 1459 4472 discordia
1481 4407 1547 4471 ista
1567 4406 1670 4471 facias
1693 4405 1870 4484 annuatim,
1893 4424 1970 4468 con-

322 4519 509 4578 servatores
533 4515 564 4579 ei
587 4515 780 4601 provisionis
797 4513 981 4578 huiusmodi
997 4511 1217 4590 concedendo,
1238 4547 1279 4557 —
1294 4508 1584 4575 nonobstantibus
1600 4508 1764 4594 aliquibus
1780 4507 1971 4600 privilegiis,

322 4615 534 4702 indulgentiis
568 4625 602 4683 et
635 4619 753 4684 litteris
787 4617 997 4704 generalibus
1028 4615 1081 4680 vel
1115 4613 1314 4701 specialibus
1346 4613 1387 4678 ab
1421 4612 1603 4700 apostolica
1636 4609 1714 4676 sede
1748 4611 1891 4676 obtentis
1918 4610 1972 4675 vel

322 4719 525 4800 obtinendis,
556 4743 614 4786 seu
643 4721 930 4787 constitutionibus
954 4721 1007 4784 vel
1035 4718 1167 4784 statutis
1196 4737 1375 4803 eorumque
1399 4716 1697 4782 confirmationibus
1720 4737 1759 4780 ac
1780 4715 1972 4780 iuramentis

323 4830 356 4888 et
390 4824 592 4909 quibuslibet
625 4826 711 4906 aliis,
745 4846 804 4911 per
837 4846 900 4911 que
936 4824 1096 4910 premissa
1129 4820 1280 4907 impediri
1310 4821 1443 4885 valeant
1474 4820 1525 4885 vel
1558 4819 1679 4884 differri
1714 4826 1748 4886 et
1778 4819 1819 4884 do
1854 4816 1971 4904 quibus

245 4959 271 4998 ιι
326 4929 504 5014 specialem
534 4935 684 5014 oporteat
713 4929 746 4994 iu
777 4928 986 5015 presentibus
1020 4928 1092 4992 fieri
1124 4926 1341 5005 mentionem,
1375 4944 1482 5010 neque
1514 4924 1744 4990 constitutione
1774 4923 1815 4988 dc
1845 4921 1972 4987 duabus

321 5031 418 5097 dietis
443 5031 532 5098 edita
555 5033 588 5097 in
612 5033 748 5098 concilio
770 5032 917 5118 generali
941 5054 997 5106 -;
1021 5029 1277 5095 contradictores
1300 5035 1362 5092 etc.

429 5152 506 5218 Dat.
530 5151 693 5240 Lugduni,
709 5156 740 5218 V
760 5153 834 5219 Kal.
858 5153 1012 5234 Ianuarii,
1035 5173 1120 5217 anno
1135 5149 1209 5216 v10.

425 5311 741 5322 s—----—--———---—·-—
755 5316 810 5322 —-.
825 5316 835 5321 -
845 5315 858 5322 a
870 5305 1683 5320 -fflffl--aen—
1709 5307 1866 5315 ——————-

428 5415 451 5480 ⁸)
470 5424 613 5484 exposcunt
625 5424 650 5476 1,·
667 5417 701 5482 cf.
709 5435 739 5482 p.
750 5420 789 5479 52,
801 5418 885 5482 uot.s.
972 5413 998 5480 b)
1017 5431 1086 5466 cons.
1101 5414 1230 5465 devotioni
1248 5421 1292 5464 tnc
1310 5412 1394 5464 mand.
1408 5417 1430 5462 1.
1517 5410 1541 5475 ο)
1560 5410 1656 5461 eisdem
1674 5411 1739 5462 duee
1756 5427 1786 5462 ac
1805 5417 1864 5461 irato
1882 5409 1938 5461 eius
1952 5415 1972 5460 1.

324 5499 350 5568 ἃ)
368 5505 424 5555 eius
438 5509 458 5554 1.
551 5503 574 5567 s)
591 5503 614 5554 ai
631 5503 682 5554 vid.
701 5518 758 5570 exp.
776 5503 841 5570 disp.
854 5509 875 5554 1.
969 5501 990 5567 f)
1007 5503 1069 5553 XVI
1087 5501 1144 5552 Kal.
1162 5499 1312 5552 Decembris
1330 5504 1351 5549 1.
1382 5496 1451 5548 Noto
1468 5497 1582 5548 chronol.
1600 5495 1629 5546 ia
1648 5501 1668 5546 1.
1686 5511 1768 5546 mana
1784 5496 1869 5548 attera
1882 5504 1973 5562 postca

245 5607 272 5648 eo
324 5590 420 5655 scripta
437 5597 481 5654 cet,
497 5587 587 5640 cadem
603 5605 684 5640 manu
701 5598 729 5640 ut
745 5589 854 5654 uideam,
871 5605 936 5656 quae
952 5597 1040 5640 musra
1057 5587 1146 5640 cum
1158 5587 1185 5638 tu
1202 5604 1229 5638 a.
1241 5583 1414 5639 secamur.
1502 5583 1528 5648 Β)
1541 5583 1692 5635 munificum
1704 5584 1938 5636 communitionem.

430 5727 455 5797 1)
475 5723 517 5795 Os.
534 5741 562 5777 ιι.
575 5685 663 5786 tuat
680 5725 758 5795 infru
775 5743 802 5779 a.
812 5731 953 5785 auat-635.
