4784 6334
464 417 527 480 362
1020 413 1071 469 ux
1088 413 1305 470 INNOCENTII
1323 413 1362 468 IV
1380 411 1560 467 REGISTRO

462 590 516 653 vel
551 595 803 676 presumptuosa
841 589 1008 652 temeritas
1046 589 1080 653 in
1122 589 1183 653 hac
1219 594 1313 674 parte
1353 585 1434 651 nulli
1466 587 1637 672 protutura
1673 583 1731 650 sed
1766 587 1876 670 potius
1909 586 1951 650 sit
1983 585 2109 667 nociva,

462 691 618 757 decernas
641 691 766 756 irritum
789 699 823 757 et
845 693 942 757 inane
966 713 1003 757 aa
1026 693 1146 758 nullius
1168 693 1298 779 penitus
1323 712 1397 756 esse
1421 690 1586 770 momenti,
1608 688 1762 774 quicquid
1789 689 1973 776 superbiis
1996 696 2109 754 contra

462 795 689 860 inhibitionem
713 802 801 860 tuam
824 796 925 861 suerit
947 802 1188 882 attemptatum,
1210 817 1332 883 penam
1354 793 1464 860 debite
1488 792 1622 857 ultionis
1646 791 1763 856 huius·
1784 792 1832 856 rei
1860 794 2107 878 transgressori-

461 898 523 963 bus
547 899 775 964 nichilominus
798 900 978 965 inflicturus
988 901 1009 966 ¹.

565 1017 641 1085 Dat.
665 1019 826 1107 Lugduni,
850 1018 902 1085 ΙΙΙ
923 1018 1002 1085 Idus
1023 1019 1144 1100 Martii,
1166 1041 1251 1084 anno
1266 1019 1322 1083 V0.

1244 1561 1330 1635 515.

567 1676 785 1769 Innocentius
805 1701 831 1766 I
834 1702 864 1765 V
868 1723 959 1783 papa
979 1701 1188 1788 [Bertboldo]
1209 1703 1315 1768 abbati
1337 1703 1449 1769 Sancti
1473 1703 1564 1770 Galli
1590 1703 1635 1766 ad
1653 1722 1763 1783 preces
1790 1705 1913 1767 suaset
1933 1703 2053 1766 comitia
2072 1701 2110 1766 dc

464 1806 639 1882 Habsbnrc,
661 1805 760 1870 nacti·
781 1805 932 1882 ccclesiae,
955 1805 1095 1884 mandat,
1117 1809 1153 1870 nt
1170 1806 1309 1872 Waltero
1330 1807 1367 1871 de
1390 1806 1569 1871 Robmbac
1590 1806 1712 1884 clerico,
1734 1807 1962 1889 consanpnineo
1983 1825 2052 1884 sno,
2073 1806 2110 1868 in

463 1909 605 1991 beneficia
626 1909 828 1973 eeclesiastico
845 1908 1019 1989 provideat.
1730 1911 1824 1988 1248,
1845 1909 1947 1975 Mart.
1971 1914 2023 1977 14.

566 2031 628 2084 Inn.
642 2029 690 2083 IV
704 2028 769 2099 Rep.
788 2030 881 2098 VM
899 2037 960 2098 6125
977 2029 1037 2086 La.
1055 2031 1084 2099 V,
1099 2038 1157 2086 644.
1193 2031 1344 2100 Epistulam
1360 2047 1393 2084 en
1411 2029 1527 2100 Repertis
1543 2027 1678 2098 dempsit
1695 2028 1725 2082 V.
1736 2027 1776 2083 Ut.
1788 2028 1818 2082 0.
1835 2027 1867 2084 de
1886 2028 1978 2083 Falla

566 2116 665 2186 Berpcr
678 2122 749 2171 3693.

710 2334 720 2352 .
749 2333 758 2352 .
786 2278 937 2352 abbati
964 2278 1116 2353 Sancti
1142 2278 1264 2353 Galli
1291 2276 1650 2353 Constantiensis
1675 2276 1879 2352 diocesis.

566 2428 620 2494 Ad
645 2429 773 2493 illorum
802 2427 1023 2512 provisionem
1053 2429 1223 2514 potissime
1247 2433 1414 2514 promptos
1442 2449 1517 2494 esse
1547 2448 1606 2492 nos
1629 2427 1796 2508 convenit,
1828 2427 1883 2511 qui
1912 2432 1945 2490 et
1967 2425 2107 2511 propriis

463 2536 587 2602 meritis
616 2540 650 2599 et
678 2533 870 2598 devotorum
899 2533 1038 2598 ecclesie
1067 2533 1218 2619 precibus
1245 2533 1447 2597 adiuvantur.
1499 2531 1585 2596 Sane
1615 2531 1769 2596 dilectum
1804 2530 1905 2594 filium
1924 2528 2110 2593 Walterum

463 2639 505 2704 de
529 2638 728 2703 Rotemberc
751 2637 915 2718 clericum,
938 2638 1218 2723 consanguineum
1240 2643 1346 2718 tuum,
1370 2644 1439 2701 tum
1465 2637 1549 2701 dono
1573 2635 1708 2700 scientie
1731 2655 1770 2699 ac
1792 2633 1961 2698 nobilitate
1984 2652 2111 2697 morum

465 2749 499 2808 et
521 2743 663 2827 generis,
686 2763 750 2826 qua
773 2739 861 2806 idem
885 2740 1023 2805 clericus
1047 2740 1171 2826 pollere
1195 2739 1391 2821 dinoscitur,
1415 2747 1484 2804 tum
1507 2740 1607 2805 etiam
1630 2739 1767 2804 obtentu
1790 2737 1838 2800 tui
1861 2742 1895 2801 ct
1917 2735 2029 2801 dilecti
2051 2735 2110 2799 filii

413 2909 418 2920 ,
465 2845 585 2910 nobilis
608 2845 667 2908 viri
690 2845 819 2908 comitis
842 2843 883 2908 de
907 2842 1115 2930 Habspurc²,
1139 2842 1249 2908 devoti
1270 2843 1384 2926 nostri,
1402 2843 1495 2908 nobis
1517 2865 1575 2930 pro
1599 2864 1638 2907 eo
1659 2839 1922 2928 supplicantium,
1944 2839 2112 2924 cupientes

468 2947 623 3035 prosequi
644 2947 750 3032 gratia
773 2953 807 3012 et
828 2947 952 3028 favore,
974 2946 1178 3027 mandamus,
1194 2947 1347 3032 quatinus
1371 2947 1478 3012 eidem
1501 2946 1621 3011 clerico
1644 2946 1677 3010 in
1702 2943 1926 3010 ecclesiastico
1941 2942 2111 3018 beneficio,

468 3049 660 3137 prebendali
686 3071 746 3115 seu
767 3051 843 3130 alio,
866 3050 1067 3136 competenti
1088 3047 1261 3136 provideas
1275 3049 1329 3114 vel
1351 3049 1514 3137 provideri
1536 3050 1648 3129 facias,
1672 3051 1701 3114 si
1720 3054 1815 3113 vacat
1837 3046 1877 3112 ad
1901 3067 2036 3134 presens
2060 3045 2112 3110 vel

464 3175 561 3239 quam
587 3153 725 3240 primum
750 3153 904 3219 obtulerit
927 3175 962 3218 se
985 3153 1133 3234 facultas,
1158 3151 1216 3217 ubi
1237 3152 1358 3218 videris
1381 3153 1547 3239 expedire,
1571 3189 1610 3200 -
1633 3173 1699 3216 non
1721 3151 1893 3216 obstanteb
1916 3149 2002 3236 quod
2024 3149 2112 3214 idem

465 3259 606 3323 clericus
630 3258 711 3322 alias
733 3257 948 3324 beneficiatus
971 3258 1094 3339 existit,
1116 3258 1171 3322 vel
1194 3256 1221 3320 si
1244 3257 1278 3321 in
1300 3258 1387 3338 loco,
1410 3257 1529 3342 inquo
1553 3255 1616 3320 sibi
1637 3255 1773 3320 duxeris
1795 3253 2046 3341 providendum,
2069 3254 2110 3317 sit

466 3367 623 3426 statutum
652 3360 693 3426 de
723 3367 813 3426 certo
843 3361 1072 3426 canonicorum
1098 3382 1233 3426 numero
1261 3361 1441 3425 iuramento
1469 3360 1538 3424 sive
1569 3359 1636 3424 alia
1662 3359 1815 3424 firmitate
1838 3358 1977 3438 vallato,
1999 3363 2056 3422 aut
2083 3356 2112 3421 si

465 3464 643 3530 direximus
668 3465 791 3552 scripta
811 3470 924 3530 nostra
950 3486 1007 3551 pro
1040 3465 1129 3546 aliis,
1164 3465 1282 3551 quibus
1305 3465 1457 3529 nolumus
1481 3470 1543 3530 etc.
1571 3483 1691 3548 usque:
1721 3463 1888 3548 generari,
1917 3468 1974 3526 aut
2003 3462 2112 3546 aliqua

465 3568 553 3634 sedis
590 3569 769 3654 apostolica
802 3568 1022 3654 indulgentia,
1057 3590 1117 3655 per
1152 3588 1249 3653 quam
1280 3567 1384 3654 possit
1417 3566 1575 3632 retardari
1608 3567 1745 3632 effectus
1772 3573 1881 3632 nostre
1911 3565 2016 3650 gratie
2053 3585 2113 3630 seu

467 3671 567 3736 etiam
600 3671 751 3758 impediri
786 3678 820 3737 et
853 3672 894 3737 de
930 3693 993 3757 qua
1027 3673 1203 3758 specialem
1237 3673 1271 3736 in
1304 3672 1424 3737 nostris
1460 3673 1578 3738 litteris
1613 3675 1763 3758 oporteat
1793 3670 1866 3734 fieri
1897 3668 2110 3744 mentionem

469 3774 723 3840 contradictores
747 3783 810 3841 etc.

568 3894 646 3961 Dat.
668 3896 833 3982 Lugduni,
856 3897 892 3960 II
913 3895 992 3960 Idus
1015 3896 1136 3979 Martii,
1159 3918 1243 3961 anuo
1260 3897 1337 3965 V⁰³.

1086 4177 1494 4186 ———.

1246 4469 1333 4545 516.

570 4579 791 4676 Innocentio
812 4609 868 4675 IV
881 4631 972 4694 papa
993 4610 1143 4676 Bertoldo
1164 4611 1203 4676 de
1226 4611 1378 4694 Ortinpan
1400 4612 1508 4676 nterim
1530 4611 1574 4674 ad
1590 4631 1697 4692 preces
1715 4629 1792 4674 snas
1813 4615 1842 4675 et
1863 4609 1904 4674 E.
1926 4611 1964 4676 de
1985 4610 2112 4676 Eichan

466 4717 495 4778 et
516 4711 557 4778 E.
579 4713 651 4776 nati
673 4713 756 4791 aras,
778 4712 955 4778 devotorum
976 4713 1133 4795 eccleciae,
1165 4716 1329 4796 confirmat
1355 4714 1513 4780 eoebsiam
1535 4714 1572 4779 de
1594 4715 1687 4793 Rotcr,
1709 4735 1804 4796 qnam
1824 4714 1922 4780 abbas
1947 4713 2112 4796 Campido—

569 4971 593 5040 ⁸)
612 4973 759 5026 huiusmodi
770 4973 803 5026 B.
914 4973 940 5042 b)
958 4992 995 5026 aa
1012 4993 1064 5027 non
1083 4975 1148 5028 obst
1169 4995 1201 5019 =
1220 4991 1272 5027 non
1290 4973 1469 5027 obstantibus?

571 5091 658 5161 1)0[.
676 5109 702 5146 n
721 5099 774 5147 240
791 5097 814 5146 et
831 5099 886 5146 241.
989 5093 1016 5161 2)
1034 5091 1094 5146 Sca.
1119 5093 1232 5160 liudolfi
1257 5093 1383 5162 amima,
1401 5091 1434 5148 dc
1450 5109 1504 5162 qino
1530 5095 1566 5159 cs.
1582 5111 1610 5148 n.
1629 5101 1686 5148 424.
1721 5094 1847 5163 Nepotem
1868 5095 1938 5162 eins,
1962 5093 2113 5161 Bodotriam

464 5183 555 5247 prostea
576 5194 674 5247 repen,
695 5179 834 5234 Friderico
849 5178 945 5246 samse
964 5179 1013 5233 crib
1034 5180 1265 5248 a.1247,1an.3
1291 5180 1337 5249 [cf.
1355 5197 1383 5236 n.
1400 5182 1464 5251 379]
1486 5185 1509 5234 et
1535 5187 1656 5248 a1249,
1684 5179 1797 5236 Febr.1
1819 5181 1868 5250 [cs.
1888 5181 2022 5248 Pottlsast,
2049 5181 2114 5252 Rea.

467 5267 561 5336 13192]
580 5266 697 5335 Ιῳὶηιιιε.
783 5267 812 5334 3)
831 5266 888 5321 aaa
907 5265 985 5320 Febr.
1005 5273 1037 5320 17
1052 5265 1133 5320 cidem
1149 5267 1238 5320 abbati
1255 5266 1347 5320 Sancti
1366 5265 1441 5321 Galli
1456 5271 1620 5334 warancerat,
1638 5273 1677 5335 at,
1695 5283 1756 5322 cnm
1771 5268 1878 5335 cler-icta
1894 5269 1958 5335 filiis
1974 5269 2114 5323 ministeri-

467 5353 552 5408 atium
568 5358 591 5406 et
608 5353 782 5406 maliciam
805 5358 830 5406 et
852 5352 998 5407 ammonia
1014 5368 1125 5406 maram
1147 5353 1196 5407 arbi
1218 5353 1249 5406 in
1276 5353 1386 5422 nepotiis
1408 5353 1523 5408 mtesiac
1547 5353 1737 5422 msistentinm
1759 5354 1790 5408 de
1811 5355 1941 5421 ὺιπρῖοίὼ
1961 5353 2114 5423 repondere
2223 5367 2226 5372 ⁴

467 5456 524 5494 non
544 5443 644 5508 passa,
663 5443 794 5508 praeatus
818 5454 876 5491 non
892 5438 1024 5493 eradicans
1050 5455 1133 5510 nuper
1158 5439 1274 5494 amum
1297 5439 1505 5508 paeana,
1526 5455 1575 5507 per
1602 5439 1700 5494 littam
1723 5441 1857 5508 amedee
1882 5438 1919 5492 ad
1938 5441 2114 5509 proonionaa

468 5525 585 5580 ednotus
601 5524 716 5594 aorapdli
732 5541 790 5578 non
802 5528 902 5592 W?
919 5523 1014 5593 Berper
1026 5531 1101 5580 3644.
1139 5525 1196 5581 Sub
1206 5525 1281 5580 Febr.
1294 5534 1328 5582 20
1339 5526 1421 5581 cidern
1437 5524 1594 5592 maneat,
1611 5529 1643 5578 at
1660 5525 1691 5578 in
1708 5542 1767 5578 cnm
1778 5525 1917 5594 interdicti,
1935 5527 2114 5596 caenomanis
2165 5535 2191 5574 ³⁵

471 5612 512 5665 cel
533 5610 806 5666 aaarmmnniaatianra
829 5610 971 5665 semmae
992 5612 1162 5683 promnlpari
1187 5630 1243 5668 non
1258 5618 1367 5683 possent
1388 5613 1447 5668 sinc
1468 5610 1712 5680 sedisapostolicae
1732 5611 1858 5668 amirdato
1875 5613 1985 5684 speciali
1989 5633 1999 5685 ‚·
2016 5615 2113 5687 Barpar

468 5703 544 5766 scas,
562 5699 594 5765 a.
611 5705 683 5754 acea
