4328 6232
853 338 1053 404 tristatae
1071 340 1261 406 SELEC'lAE.
1298 346 1374 406 rate.
1904 357 1946 420 93

289 518 419 587 inimice
448 539 470 586 a
496 519 725 587 communione
758 522 903 589 fidelium
933 542 993 609 per
1025 525 1371 590 excommunicationis
1400 526 1596 592 sententiam
1629 547 1702 592 cum
1731 528 1946 601 adiutoribus,

290 626 553 691 consiliatoribus
577 633 612 691 et
633 625 815 691 fautoribus
833 629 900 692 suis
918 628 1142 715 sollempniter
1159 637 1321 715 separato,
1345 630 1445 693 filiam
1462 651 1554 694 suam
1571 631 1704 697 tradidit
1726 633 1759 697 in
1774 653 1912 698 uxorem
1924 635 1946 696 ¹.

293 730 535 810 catholicorum
570 751 648 795 vero
680 729 865 816 principum
900 737 993 796 actus
1030 739 1063 797 et
1094 754 1202 797 mores
1232 755 1406 819 respuens,
1441 736 1612 820 neglector
1643 737 1758 800 salutis
1787 744 1821 802 et
1850 738 1947 814 fame,

292 835 423 921 pietatis
452 835 609 922 operibus
632 855 697 898 nen
721 835 871 901 intendit.
916 833 1084 915 Quinimo,
1115 844 1152 902 ut
1174 836 1215 900 de
1239 838 1306 901 suis
1331 837 1464 902 nefariis
1487 838 1756 915 dissolutionibus
1781 842 1947 909 sileamus.

238 960 247 995 ε
292 959 364 1002 cum
387 938 561 1003 didicerit·
583 939 780 1024 opprimere,
811 960 876 1003 uon
899 945 991 1003 curat
1013 961 1187 1026 oppressos
1211 940 1465 1006 misericorditer
1488 943 1647 1023 relevare,
1678 966 1776 1008 manu
1801 945 1882 1023 eius,
1912 952 1948 1009 ut

290 1041 385 1107 decet
413 1040 627 1129 principemb,
662 1041 703 1105 ad
733 1043 930 1107 elemosinas
958 1044 1161 1118 inextenta⁰,
1203 1065 1274 1107 cum
1308 1044 1522 1109 destructioni
1552 1047 1765 1113 ecclesiarum
1794 1049 1949 1113 institerit

291 1143 374 1232 [etl‘¹
397 1147 569 1231 religiosas
592 1167 631 1209 ae
655 1146 737 1210 alias
761 1147 1006 1211 ecclesiasticas
1030 1148 1096 1232 iugi
1121 1148 1285 1213 attriverit
1306 1149 1481 1214 afflictione
1504 1171 1678 1236 personas:
1702 1173 1763 1216 nec
1787 1153 1948 1217 ecclesiae

291 1271 350 1314 nec
374 1251 574 1315 monasteria
598 1271 658 1314 nec
682 1248 882 1338 [hospitalia]
908 1262 988 1315 seut
1010 1253 1074 1315 alia
1098 1255 1153 1338 pia
1176 1254 1249 1317 loca
1265 1255 1409 1317 cernitur
1425 1256 1649 1319 construxisse
1659 1254 1677 1319 ¹.
1714 1255 1831 1321 Nonne
1849 1256 1948 1341 igitur

293 1354 352 1418 hec
381 1375 447 1417 nou
478 1354 564 1418 levia
592 1353 652 1419 sed
679 1355 822 1419 efficatia
852 1362 928 1419 sunt
957 1364 1149 1441 argumenta
1179 1356 1219 1420 de
1250 1357 1432 1443 suspitione
1455 1359 1582 1424 heresis
1607 1366 1721 1423 contra
1744 1366 1841 1424 eum?
1875 1380 1948 1423 cum

292 1468 402 1523 tamen
434 1458 652 1522 hereticorum
682 1458 843 1522 vocabulo
874 1460 947 1524 illos
980 1461 1031 1524 ius
1062 1461 1158 1525 civile
1189 1462 1349 1527 contineri
1379 1468 1506 1526 asserat
1536 1470 1569 1527 et
1597 1464 1671 1527 latis
1701 1464 1861 1528 adversus
1891 1481 1949 1527 eos

291 1563 464 1627 sententiis
492 1560 613 1625 debere
638 1562 867 1639 succumbere,
898 1566 951 1648 qui
975 1564 1028 1629 vel
1051 1565 1116 1628 levi
1140 1572 1332 1649 argumento
1356 1587 1375 1630 a
1399 1566 1518 1631 iudicio
1543 1568 1702 1632 catholice
1724 1568 1891 1654 religionis
1915 1573 1949 1629 et

290 1668 422 1732 tramite
446 1664 569 1730 detecti
591 1664 714 1730 fuerint
737 1664 871 1731 deviare
883 1666 907 1732 ².

398 1770 515 1835 Preter
543 1768 605 1833 hec
629 1790 764 1854 regnum
790 1768 915 1850 Sicilie,
947 1771 1032 1856 quod
1054 1779 1106 1837 est
1130 1774 1275 1858 speciale
1301 1776 1532 1860 patrimonium
1557 1775 1645 1839 beati
1670 1775 1760 1840 Petri
1784 1781 1838 1840 etss
1860 1774 1947 1837 idem

292 1875 446 1962 princeps
477 1872 519 1937 ab
548 1874 729 1957 apostolica
759 1872 837 1939 sede
869 1875 1005 1941 tenebat
1032 1876 1064 1939 in
1095 1876 1243 1956 feudum,
1275 1880 1339 1941 iam
1369 1877 1409 1941 ad
1439 1884 1563 1942 tantam
1592 1879 1624 1943 in
1649 1879 1777 1944 clericis
1800 1884 1832 1942 et
1856 1878 1949 1942 laicis

230 1992 240 2025 ³
291 1975 558 2043 exinanitionesh
591 1976 847 2063 servitutemque
880 1979 1022 2063 redegit,
1058 1979 1144 2065 quod
1180 1983 1228 2046 eis
1262 2003 1347 2066 pene
1381 1985 1512 2069 penitus
1548 1982 1647 2048 nichil
1682 1982 1879 2047 habentibus
1914 1989 1948 2045 et

289 2081 442 2146 omnibus
473 2077 592 2145 exinde
622 2079 692 2145 fere
715 2081 827 2166 probis
850 2082 980 2156 eiectis,
1011 2082 1099 2161 illos,
1131 2084 1185 2167 qui
1209 2093 1439 2148 remanserunt
1461 2085 1598 2163 ibidem,
1632 2086 1693 2151 sub
1718 2085 1829 2151 servili
1853 2085 1946 2170 quasi

288 2183 477 2248 conditione
501 2184 611 2248 vivere
634 2205 673 2249 ac
688 2184 868 2249 Romanam
893 2185 1091 2254 cortesiani.
1117 2187 1207 2250 cuius
1230 2189 1455 2273 principaliter
1478 2194 1553 2253 suut
1577 2190 1724 2255 homiues
1749 2197 1782 2254 et
1802 2188 1948 2260 vassalli,

288 2287 460 2352 offendere
492 2288 717 2373 multipliciter
747 2296 780 2352 et
803 2289 967 2353 hostiliter
991 2290 1183 2375 impugnare
1208 2292 1385 2375 compellit.
1429 2291 1548 2356 Posset
1571 2294 1669 2357 etiam
1693 2294 1810 2358 merito
1834 2312 1947 2377 repre·

289 2389 424 2471 hendi¹¹‚
460 2390 545 2476 quod
579 2392 668 2456 mille
704 2392 919 2476 squifatorum
950 2415 1091 2457 annuam
1122 2395 1329 2480 pensionem,
1364 2397 1396 2459 in
1429 2417 1493 2480 qua
1520 2419 1578 2482 pro
1607 2397 1720 2462 eodem
1754 2417 1854 2481 regno
1885 2396 1948 2481 ipsi

215 2517 239 2548 ··
291 2497 433 2561 ecclesie
457 2494 606 2559 Romane
630 2501 769 2574 tenetur,
794 2516 853 2581 per
876 2517 993 2561 novem
1017 2519 1120 2561 annos
1145 2498 1341 2583 etamplius
1366 2500 1495 2564 solvere
1520 2501 1752 2585 pretermisit³.

398 2598 469 2662 Nos
493 2599 603 2682 itaque
628 2619 727 2684 super
749 2600 920 2684 premissis
945 2608 978 2665 et
1001 2622 1098 2685 quam
1121 2602 1268 2687 pluribus
1293 2603 1366 2667 aliis
1389 2604 1460 2667 eius
1477 2603 1628 2668 nefandis
1644 2603 1852 2669 excessibusl
1876 2625 1947 2667 cum

288 2703 446 2768 fratribus
474 2702 649 2765 nostriset
673 2723 766 2767 sacro
791 2704 928 2767 concilio
953 2703 1190 2768 deliberatione
1214 2703 1385 2790 prehabita
1410 2704 1560 2790 diligenti
1573 2706 1598 2787 *,
1629 2728 1701 2771 cum
1723 2707 1800 2771 Iesu
1825 2705 1948 2771 Christi

288 2806 377 2870 vices
406 2804 486 2868 licet
517 2805 668 2869 immeriti
697 2813 866 2870 teneamus
896 2809 929 2871 in
961 2809 1055 2874 terris
1087 2808 1246 2893 nobisque
1276 2809 1308 2872 in
1337 2809 1425 2874 beati
1449 2809 1539 2874 Petri
1570 2811 1709 2897 apostoli
1738 2832 1879 2897 persona
1908 2812 1949 2874 sit

287 2910 425 2975 dietum:
462 2908 708 2995 ‘Quodcumque
744 2911 896 2995 ligaveris
927 2933 1026 2997 super
1053 2910 1183 2976 terram'
1208 2917 1312 2991 etc.¹¹¹,
1346 2919 1560 2977 memoratum
1595 2913 1791 2998 principem,
1829 2914 1883 3000 qui
1913 2935 1949 2977 sc

215 3027 238 3065 ²³·
290 3015 428 3100 imperio
453 3019 487 3079 et
511 3013 620 3097 regnis
643 3014 815 3099 omnique¹¹
838 3015 960 3079 honore
985 3036 1023 3078 ae
1046 3014 1205 3100 dignitate
1230 3015 1459 3081 reddidit‘tam
1483 3016 1648 3101 indignum
1673 3018 1793 3103 quique
1815 3024 1952 3104 propter

290 3140 367 3183 suas
391 3111 586 3203 iniquitates
605 3137 625 3179 a
647 3116 737 3197 Deo,
766 3138 807 3182 ue
830 3126 946 3203 regnet
968 3120 1020 3183 vel
1044 3120 1199 3206 imperet,
1229 3128 1280 3185 est
1303 3121 1470 3198 abiectus,
1500 3120 1566 3183 suis
1591 3121 1727 3205 ligatum
1751 3121 1894 3207 peccatis
1918 3126 1951 3182 et

290 3221 457 3286 abiectum
481 3220 635 3305 omnique
663 3219 786 3284 honore
817 3242 855 3285 ac
883 3221 1043 3307 dignitate
1073 3224 1234 3308 privatum
1260 3245 1279 3287 a
1301 3222 1441 3287 Domino
1472 3221 1690 3301 ostendimus,
1719 3222 1950 3289 denuntiamus

291 3348 328 3390 ac
358 3326 591 3390 nichilominus
620 3325 850 3391 sententiando
875 3327 1055 3410 privamus,
1090 3339 1233 3402 omnes0,
1267 3329 1320 3413 qui
1346 3328 1375 3392 ei
1399 3328 1580 3391 iuramento
1603 3327 1771 3391 fidelitatis
1796 3332 1951 3392 tenentur

292 3430 432 3507 astricti,
463 3429 687 3495 aiuramento
717 3428 901 3521 huiusmodi
931 3439 1091 3515 perpetue
1121 3430 1346 3509 absolventes,
1379 3431 1575 3495 auctoritate
1606 3431 1785 3516 apostolica
1812 3431 1951 3494 tirmiter

400 3555 546 3563 -—--.-
559 3554 1120 3563 ----——--·—-—.—.--—
1137 3558 1142 3563 .
1162 3558 1170 3563 ..
1221 3558 1236 3564 ..
1265 3558 1434 3564 --—-—.-..
1446 3559 1515 3563 -.-.-
1628 3558 1697 3562 .—-
1713 3558 1736 3563 ..-
1784 3558 1844 3564 ——

393 3638 420 3703 ¹³)
441 3635 522 3704 Papa
544 3643 653 3690 maram
671 3637 739 3704 Aap.
768 3636 805 3689 rel
832 3635 940 3689 ineante
964 3636 1035 3703 Sept.
1058 3637 1196 3691 obbatilms
1223 3637 1438 3692 Cistercieasilma
1460 3640 1491 3692 ia
1515 3638 1631 3707 captam
1653 3637 1769 3708 peierati
1791 3637 1952 3705 conprepatia

292 3721 424 3791 macha
447 3721 478 3775 r'rt
504 3721 567 3791 Ray.
589 3738 645 3775 nort
668 3724 780 3777 relatam
799 3721 946 3791 [Potitia-st,
972 3722 1034 3791 Περὶ.
1053 3725 1146 3793 11873]
1169 3725 1252 3792 reicit,
1274 3741 1323 3792 per
1346 3742 1428 3793 qrratn
1450 3741 1491 3779 eos
1514 3726 1629 3794 reperit,
1653 3740 1686 3777 rte
1709 3722 1838 3791 obhquiie
1860 3738 1950 3775 eontra

293 3814 462 3877 memorerm,
487 3809 534 3877 qai
554 3814 648 3863 contra
671 3811 853 3880 imperatorem
872 3811 1083 3879 praecipitanter
1105 3813 1292 3867 maraliscam
1314 3814 1398 3879 fariam
1421 3813 1619 3880 maererent,
1645 3811 1759 3866 addam
1786 3812 1850 3867 Nou
1876 3809 1950 3863 eninr

295 3897 470 3951 meminimus
496 3913 620 3965 unquam
644 3915 754 3953 eausam
781 3916 843 3953 cunr
872 3900 953 3952 tanta
976 3897 1179 3953 deliberatione
1202 3903 1231 3953 et
1254 3900 1386 3969 diligenti
1412 3900 1620 3955 examinatione
1645 3898 1730 3953 fuisse
1756 3914 1899 3953 excussam
1923 3900 1952 3949 et

296 3983 445 4051 peritorum
470 4000 504 4036 ac
522 3986 681 4037 sauctorum
699 3983 840 4038 mentibus
862 3983 992 4038 libratam
1013 3984 1153 4048 extitisse,
1179 3985 1249 4039 adeo
1274 3987 1348 4054 quod
1374 3986 1403 4039 in
1428 3987 1541 4041 secretis
1558 3985 1646 4054 aliqui
1665 3984 1782 4038 fratrum
1801 3983 1953 4038 induerunt

297 4086 438 4138 personam
464 4067 594 4123 advocati
622 4086 672 4139 pro
696 4069 769 4139 ipso,
801 4069 890 4139 aliqui
921 4072 1014 4124 autern
1045 4073 1159 4125 econtra
1185 4087 1330 4140 personam
1362 4072 1548 4136 adversantis,
1576 4076 1608 4126 ut
1632 4090 1664 4125 ex
1692 4070 1897 4125 obiectionibus
1924 4071 1953 4121 et

298 4155 519 4226 responsionibus
537 4154 740 4225 inquirentium
759 4160 788 4210 et
806 4155 1026 4226 disputantium,
1050 4159 1083 4210 ut
1100 4158 1172 4211 solet
1190 4157 1219 4209 in
1238 4158 1354 4221 scholis,
1373 4175 1455 4212 rause
1473 4158 1577 4212 veritas
1595 4158 1729 4211 radicitus
1747 4156 1813 4211 hinc
1831 4156 1952 4223 indeque

298 4243 488 4298 discuteretur.

394 4352 419 4414 ⁸)
442 4359 544 4403 tanturn
561 4351 625 4402 add.
645 4352 690 4403 ct.
703 4351 787 4418 Rapa.
884 4350 909 4416 b)
931 4354 1105 4405 Christianum
1127 4352 1190 4403 add.
1209 4353 1254 4403 Oh.
1270 4353 1355 4419 Rapa.
1451 4351 1474 4415 c)
1500 4368 1551 4402 non
1576 4357 1683 4402 extenta
1701 4351 1725 4400 A
1744 4356 1765 4414 t,
1781 4354 1806 4411 2,
1821 4351 1845 4412 3,
1865 4348 1950 4413 Ilayn.

297 4433 320 4501 l)
336 4446 362 4490 et
373 4436 443 4489 deest
455 4437 490 4489 R.
500 4438 544 4489 (lh.
549 4456 565 4498 ,ἡ
569 4447 687 4504 ponerer
705 4446 810 4504 oportet,
827 4439 878 4490 aiei
889 4441 963 4506 ⁸ferta
980 4440 1055 4505 infra
1072 4448 1193 4491 cernatur
1212 4439 1345 4503 leocritiam
1364 4445 1407 4489 est.
1502 4438 1524 4500 θ)
1544 4438 1580 4487 ita
1594 4437 1618 4486 A
1630 4443 1651 4500 1,
1661 4441 1685 4499 ⁸2,
1697 4435 1796 4502 Rapsa:
1814 4434 1952 4501 hospitalia

297 4523 360 4576 «lem
372 4523 404 4574 Β.
416 4524 483 4583 Α3,·
500 4524 637 4591 hospitalia
653 4541 700 4575 seu
717 4524 786 4575 deest
799 4525 844 4576 Oa.
929 4522 948 4589 s)
967 4526 1121 4577 confluxisse
1137 4526 1167 4578 li.
1251 4525 1276 4589 Β)
1295 4525 1364 4591 quod
1377 4524 1401 4573 A
1415 4530 1436 4579 t,
1451 4522 1550 4589 Rapta:
1567 4532 1594 4574 et
1610 4523 1679 4589 quod
1691 4523 1776 4574 dictus
1788 4522 1868 4589 prino.
1883 4520 1906 4569 A
1921 4524 1952 4575 2‚·

297 4620 320 4660 et
335 4610 405 4662 deest
418 4610 442 4661 A
454 4613 478 4662 3.
567 4606 593 4673 ¹¹)
611 4610 809 4661 exinanitionem
829 4610 892 4669 Ar,
915 4610 959 4661 ca
972 4609 1073 4676 Rapa:
1096 4612 1301 4663 imminutionem
1320 4612 1343 4661 A
1360 4613 1389 4663 2:
1411 4611 1635 4661 exterminationes
1655 4610 1679 4659 A
1691 4612 1714 4660 3.
1801 4605 1819 4672 ί)
1839 4609 1952 4657 Romarm

297 4697 400 4748 ecclesie
418 4696 444 4746 A
457 4703 484 4759 1,
501 4694 587 4761 Rapa.
673 4692 698 4759 k)
717 4696 897 4762 comprehendi
909 4694 942 4746 a.
1030 4693 1048 4759 ¹)
1067 4712 1097 4746 ac
1115 4697 1219 4763 flagitiis
1237 4697 1292 4747 add
1314 4696 1415 4762 Baga:
1436 4713 1489 4747 mon
1507 4696 1598 4747 delerit
1610 4694 1691 4752 Mart,⁸
1709 4695 1776 4746 deest
1793 4694 1820 4744 in
1838 4692 1952 4757 relapsis.

298 4782 327 4846 Ε)
342 4784 396 4833 Αἰ
412 4798 512 4832 reram
526 4781 686 4847 peram-ipsit.
768 4781 793 4845 ¹¹)
812 4783 924 4847 denique
942 4782 1004 4832 add.
1017 4780 1115 4848 Ilayn.,·
1134 4800 1187 4834 troii
1204 4782 1295 4833 delerit
1307 4782 1387 4835 Mau.-
1405 4781 1474 4834 deeat
1490 4782 1517 4832 in
1535 4782 1648 4847 relapsis.
1729 4781 1753 4845 ⁰)
1775 4781 1835 4843 Ae,
1847 4782 1872 4841 3,
1892 4778 1952 4829 ch:

297 4883 434 4934 omnaque
452 4894 485 4902 -
503 4867 668 4920 absolventes
680 4867 727 4928 R?
744 4885 884 4935 omnesque
903 4896 935 4904 -
953 4869 1112 4920 absolvimus
1131 4869 1154 4919 A
1174 4876 1195 4933 t,
1213 4868 1298 4936 Rapa.

398 4986 561 5053 l)a.1244,·
580 4984 676 5040 Maca.
696 4986 764 5040 Par.
784 4985 824 5039 cd.
842 4985 941 5039 Imard
958 4991 977 5040 t.
991 4986 1042 5053 IV,
1056 5003 1086 5054 p.
1100 4994 1148 5041 299
1165 4991 1188 5039 ct
1205 4992 1264 5040 357.
1336 4988 1363 5054 2)
1383 4986 1466 5040 Verlm
1483 4987 1575 5056 ipitar,
1599 5001 1667 5054 qaum
1683 4985 1715 5039 de
1732 4985 1816 5038 tritam
1834 4984 1952 5036 larnttc·

297 5071 394 5126 roseas
416 5087 477 5125 cara
495 5071 665 5140 praedicasse
684 5072 829 5141 Greporiare
846 5073 896 5126 IX
918 5073 1064 5139 estimaarit
1083 5073 1129 5141 [cf.
1147 5078 1164 5125 t.
1180 5072 1203 5137 I,
1219 5089 1247 5139 p.
1261 5073 1336 5141 aasJ,
1359 5073 1383 5126 ci
1405 5089 1480 5126 atrito
1501 5089 1559 5126 noa
1577 5071 1779 5140 commearem.
1866 5070 1893 5135 3)
1914 5067 1952 5133 (is.

298 5156 529 5226 Mna-lictor,
546 5159 597 5212 tc.
609 5166 664 5213 669.
691 5159 768 5214 Haec
784 5161 960 5227 aporema
972 5176 1047 5214 arrae
1060 5160 1149 5227 priam
1159 5158 1281 5213 matt.
1311 5158 1463 5226 Imperator
1473 5160 1505 5211 ia
1516 5157 1657 5227 coemptam
1668 5157 1791 5224 mistclcrc
1801 5153 1952 5223 armotiam,

298 5260 339 5312 ap
353 5243 642 5312 Hsillard-Brfhelles,
666 5246 683 5300 l.
693 5262 714 5301 e.
727 5251 746 5300 t.
761 5246 812 5312 VI,
826 5263 855 5314 p.
867 5253 914 5302 335
927 5247 1077 5315 proposito,
1100 5245 1235 5314 rsepondit
1256 5261 1363 5298 mimum
1380 5251 1443 5299 ante
1464 5245 1637 5311 discordiam,
1657 5249 1741 5311 presa
1764 5242 1866 5294 litterae
1887 5256 1953 5293 meae

298 5328 366 5383 inter
387 5330 505 5384 rationes
528 5330 702 5385 rationalium
724 5332 846 5386 inaratae
867 5334 1007 5399 manifeste
1030 5333 1207 5398 declcmarent,
1233 5332 1348 5385 mimam
1375 5347 1457 5398 aeqrre
1480 5348 1601 5398 anqrcom
1623 5329 1778 5396 requisitam
1803 5342 1866 5394 csse,
1890 5331 1953 5394 pest

201 5404 210 5415 ⁶
299 5413 453 5471 timeam
474 5416 526 5470 seb
547 5417 643 5486 sigillis
663 5418 846 5485 praelatomam
868 5419 1037 5487 alienamque
1058 5418 1133 5487 apid
1156 5433 1249 5472 sames
1270 5417 1345 5471 aedes
1368 5416 1522 5484 depositam.
1559 5417 1634 5484 Orias
1656 5415 1731 5468 rerba
1754 5413 1787 5466 ia
1809 5413 1954 5480 mmaplari

298 5476 409 5557 &aba
423 5502 555 5571 φίήοίω,
570 5502 642 5572 qaod
651 5519 694 5572 ap.
710 5503 801 5557 Matth
823 5504 889 5558 Par.
904 5503 943 5559 ecl.
957 5504 1062 5570 Iaurrd,
1081 5511 1099 5560 t.
1114 5505 1134 5558 I
1137 5504 1164 5572 V,
1179 5521 1208 5572 p.
1220 5511 1270 5559 538
1289 5504 1338 5557 aab
1349 5510 1459 5570 n.1245,
1481 5504 1534 5555 lat
1546 5509 1577 5557 31
1595 5502 1697 5570 lapitur,
1714 5506 1738 5554 et
1754 5500 1785 5553 ia
1803 5500 1865 5566 alie,
1885 5499 1955 5567 qiam!

300 5585 330 5639 is
348 5586 413 5658 Rea
429 5587 534 5655 AM
552 5588 676 5658 maest,
703 5607 749 5659 ap.
771 5591 874 5656 Hester
887 5608 916 5659 p.
937 5598 981 5660 81,
1010 5597 1074 5646 nota
1097 5593 1190 5646 chron.
1214 5591 1370 5644 destitutam
1397 5594 1557 5656 emetiatur,
1586 5588 1747 5655 deficientia,
1772 5587 1814 5639 illi
1841 5587 1955 5653 aditaque

300 5672 600 5743 wirma
616 5691 669 5729 asae
685 5676 816 5745 ridentur,
830 5683 973 5746 papam
989 5679 1132 5746 impendar
1146 5694 1195 5748 per
1211 5677 1359 5730 rotrocus
1376 5691 1440 5729 ares
1457 5673 1489 5728 dc
1505 5675 1556 5729 lma
1572 5692 1600 5729 re
1619 5675 1714 5728 certior
1730 5673 1822 5741 sirmas
1838 5672 1900 5740 tait.
