4328 6232
678 367 882 423 amsuchan
899 369 1089 426 SELECTAE
1127 371 1202 425 1249.

916 608 975 675 IV.

849 736 1042 811 Eidem.

224 862 309 929 Cum
331 871 365 929 tc
388 870 451 930 stc.
475 886 595 951 usque:
625 867 842 948 destinemus,
868 891 940 950 nos,
969 877 1068 935 uteo
1092 872 1253 937 efficatius
1276 872 1462 938 huiusmodi
1487 873 1630 937 officium
1653 875 1773 958 exequi

118 968 245 1047 valeas,
274 989 340 1053 quo
369 968 485 1033 maiori
515 991 657 1055 pernes
679 971 781 1036 fueris
804 973 1001 1038 auctoritate
1025 974 1182 1054 munitus,
1212 974 1401 1040 discretioni
1424 983 1480 1040 tue
1503 975 1675 1040 amovendi
1699 998 1773 1063 per-

122 1077 219 1156 petuo
242 1077 331 1135 tam·
353 1073 498 1158 prelatos
522 1094 619 1158 quam
649 1075 731 1138 alios
760 1082 815 1138 tue
844 1076 1035 1160 legationis,
1066 1077 1122 1161 qui
1149 1077 1270 1142 fuerint
1299 1077 1528 1143 inobedientes
1558 1079 1698 1144 ecclesie
1721 1081 1773 1144 vol

66 1205 77 1241 s
121 1175 262 1240 rebelles
285 1197 345 1241 seu
369 1181 482 1242 contra
504 1177 610 1263 ipsam
633 1179 892 1264 presumpserint
914 1180 1039 1265 aliquid
1063 1181 1241 1245 machinari
1264 1182 1354 1246 etin
1378 1203 1439 1246 sua
1461 1181 1635 1246 extiterint
1649 1183 1775 1246 malitia

121 1279 320 1364 pertinaces,
361 1279 403 1344 ab
442 1280 705 1347 aministratione
743 1282 962 1367 spiritualium
997 1289 1030 1347 et
1064 1285 1293 1369 temporalium
1326 1305 1459 1348 suarum
1495 1285 1707 1350 ecclesiarum
1741 1293 1774 1349 et

123 1381 374 1447 contradictores
397 1389 461 1448 etc.
484 1404 602 1469 usque:
638 1386 890 1471 compescendib
914 1424 955 1433 -
978 1387 1150 1472 privilegio
1175 1389 1228 1451 vel
1256 1387 1461 1472 indulgentia
1482 1385 1570 1451 sedis
1594 1389 1774 1473 apostolice

125 1485 361 1551 nonobstante
385 1524 424 1533 —
449 1487 586 1552 liberam
610 1487 818 1554 concedimus
841 1495 956 1554 tenore
979 1491 1181 1575 presentium
1205 1497 1414 1576 potestatem.

205 1604 284 1674 Dat.
305 1612 342 1671 ut
364 1616 492 1693 snpra0.

925 1711 957 1776 V

73 1870 92 1909 rr
854 1837 883 1908 Ε
896 1837 908 1909 i
921 1839 944 1910 d
959 1859 980 1910 θ
995 1859 1043 1909 m·
1152 1851 1159 1865 “

227 1965 435 2032 Presontium
458 1968 517 2032 tibi
540 1969 736 2033 auctoritate
765 1969 990 2049 concedimus,
1020 1976 1057 2034 ut
1085 1991 1157 2033 cum
1186 1968 1323 2034 decemd
1351 1971 1500 2055 personis
1531 1969 1775 2039 ecelesiasticis.

127 2076 187 2135 tam
209 2071 373 2157 religiosis
395 2094 492 2158 qnam
509 2072 724 2154 secularibus,
747 2080 804 2138 tue
821 2074 1006 2158 legationis,
1029 2095 1093 2159 quc
1109 2074 1238 2137 vinculo
1254 2073 1605 2138 excommunicationis
1622 2073 1775 2138 astricte⁰

124 2194 232 2238 saeros
249 2182 470 2261 susceperunt
492 2175 623 2241 ordines
647 2177 699 2241 vel
723 2178 948 2242 ministrarunt
970 2178 1002 2241 in
1026 2178 1105 2255 illis,
1136 2177 1242 2262 poesis
1268 2197 1367 2262 super
1389 2177 1632 2262 irregularitate
1661 2175 1774 2241 huius-

124 2275 219 2358 modi,
242 2284 340 2363 prout
360 2279 541 2344 animarum
565 2301 698 2344 suarum
722 2281 820 2344 saluti
843 2280 1002 2366 expedire
1025 2280 1158 2360 videris,
1182 2279 1383 2365 dispensare.

39 2424 64 2461 rs
230 2396 308 2464 Dat.
331 2405 368 2462 nt
390 2420 499 2485 supra.

919 2503 969 2567 VI

852 2630 881 2701 Ε
894 2630 906 2701 i
920 2630 944 2701 d
960 2652 980 2703 e
994 2651 1044 2702 m.

229 2757 313 2824 Onrn
336 2766 369 2825 te
386 2765 449 2825 etc.
471 2782 589 2846 usque:
615 2762 827 2841 destinemus,
850 2763 1038 2827 discretioni
1062 2769 1119 2826 tue
1142 2762 1317 2827 exercendi
1341 2763 1446 2827 libere
1469 2782 1643 2826 censuram
1667 2763 1776 2826 cecle-

122 2862 289 2928 a'issticam
324 2864 356 2927 in
389 2885 502 2929 omnes
535 2872 601 2929 tam
637 2866 872 2931 cathedralium
907 2887 1005 2951 quam
1038 2865 1175 2929 aliarum
1207 2865 1423 2929 ecclesiarum
1451 2870 1515 2930 etc.
1546 2871 1583 2928 ut
1615 2885 1714 2949 supra
1744 2864 1776 2927 in

124 2965 286 3052 legatione
302 2966 339 3033 P.
353 2967 466 3033 Sancti
481 2966 618 3053 Georgii
632 2968 675 3032 ad
686 2968 806 3034 Velum
824 2968 971 3033 Aureum
987 2967 1116 3032 diaconi
1133 2967 1321 3046 cardinalis,
1345 2969 1526 3054 apostolice
1543 2966 1632 3032 scdis
1649 2967 1750 3052 legati
1758 2966 1776 3032 f.

25 3108 60 3149 so
231 3087 272 3153 In
293 3089 433 3156 eundem
455 3089 587 3175 modurn
611 3089 726 3155 eidem.
772 3090 812 3154 In
836 3089 979 3155 Corsica.

912 3309 987 3373 VII.

691 3493 730 3510 ..
759 3437 904 3509 electo
932 3435 1212 3509 Turritanol.

232 3568 336 3635 (lum1¹
359 3570 524 3635 nonnullis
548 3571 693 3656 personis
718 3569 951 3635 ecelesiasticis
975 3574 1009 3634 et
1032 3568 1237 3633 secularibus
1260 3572 1316 3631 tue
1339 3565 1514 3649 legationis
1538 3566 1693 3631 libcralce
1717 3587 1777 3631 nos

136 3674 370 3740 exhibuerimus
394 3680 428 3739 et
450 3672 649 3762 beni[gnos],
673 3673 736 3738 eie¹
758 3680 824 3738 tam
848 3694 948 3758 super
970 3672 1139 3738 beneficiis
1164 3693 1263 3759 quarn
1287 3670 1360 3735 aliis
1385 3669 1582 3755 specialibus
1606 3669 1720 3755 gratiis
1744 3677 1778 3734 et

136 3773 335 3865 indulgentiis
358 3784 485 3843 nostras
508 3778 634 3842 litteras
658 3776 878 3857 concedendo,
902 3782 964 3843 ete.
994 3784 1031 3840 ut
1054 3798 1154 3862 supra
1174 3777 1207 3841 in
1230 3775 1395 3861 legatione
1420 3773 1569 3839 eiusdem
1593 3772 1777 3840 cardinalis.

48 3909 68 3950 ²³
231 3898 270 3964 In
294 3899 433 3965 eundem
457 3899 589 3964 modurn
613 3899 729 3964 eidem.
775 3898 814 3962 In
838 3897 1007 3987 Corsica&

905 4122 1001 4188 VIII.

684 4309 722 4325 ..
752 4252 904 4325 electo
932 4241 1216 4323 Tur1·itsno¹.

233 4385 316 4451 (lum
338 4385 379 4449 ad
404 4384 656 4471 expugnandam
673 4383 710 4448 F.
728 4383 890 4471 quondam
915 4382 1122 4469 imperatorie
1139 4379 1397 4466 tirampnidcm¹1¹
1414 4378 1479 4443 sint
1497 4378 1618 4443 Christi
1634 4376 1778 4444 fidelium

121 4488 275 4554 ⁸ubsidia
302 4494 479 4575 oportuna,
512 4488 721 4568 mandamus,
752 4488 904 4573 quatinus
934 4488 967 4551 in
996 4487 1092 4552 terris
1125 4491 1180 4549 tuc
1207 4483 1380 4569 legationis
1409 4489 1524 4547 contra
1551 4482 1585 4548 ll.
1615 4483 1778 4568 prefatum

121 4605 256 4659 erucem
279 4592 429 4680 predices
453 4600 487 4658 et
507 4593 609 4659 iacias
632 4615 691 4679 per
712 4593 873 4657 discretos
897 4593 1022 4678 aliquos
1046 4590 1218 4677 predicari,
1240 4590 1329 4654 illam
1353 4588 1412 4668 eis,
1435 4588 1490 4672 qui
1514 4609 1644 4653 crucem
1668 4593 1781 4651 centra

23 4682 46 4719 '³
117 4708 201 4761 eum
223 4698 423 4783 acceperint,
447 4704 655 4783 peccatorum
680 4719 809 4762 suerum
832 4696 962 4761 veniam
986 4715 1213 4774 concessurus,
1242 4715 1305 4779 quc
1329 4689 1518 4757 conceditur
1542 4691 1780 4776 crucesignatis

116 4794 413 4867 transfretantibus
436 4800 470 4865 in
495 4800 674 4866 subsidium
698 4799 800 4865 Terre
825 4799 946 4864 Sancte
955 4808 979 4862 ¹¹.

1225 4974 1319 4981 .....--
1330 4974 1369 4980 —.
1379 4974 1439 4980 .—..-
1466 4962 1536 4979 --“--

228 5094 254 5162 ⁸)
278 5104 330 5150 tam
352 5095 556 5164 archiepiscopos
578 5103 604 5148 et
627 5097 761 5163 episcopos
785 5111 862 5160 quam
885 5092 949 5144 alios
971 5092 1139 5145 ecclesiarum
1162 5088 1272 5158 prelatos
1296 5097 1341 5142 tue
1366 5108 1391 5141 a.
1408 5090 1553 5143 3031Ver
1575 5094 1624 5141 631
1641 5090 1780 5142 3231113.

119 5169 156 5247 b)
173 5182 297 5246 acm,-
315 5184 483 5251 compcllcndi
495 5182 528 5234 R.
616 5183 638 5244 ο)
656 5183 747 5234 deccat
760 5182 838 5233 cerba
849 5182 880 5231 Iu
891 5206 924 5217 -
938 5179 1048 5230 Corsica.
1138 5173 1163 5240 d)
1183 5176 1270 5227 decem
1283 5175 1352 5227 <lecet
1364 5195 1390 5226 rr.
1402 5175 1541 5227 30311'111
1552 5185 1575 5228 et
1586 5181 1634 5229 681
1644 5177 1780 5229 ΧΧΙΙΙα.

119 5264 153 5331 “)
169 5268 267 5322 ueteri
282 5268 317 5321 B.
420 5266 440 5335 s)
458 5286 485 5320 a.
497 5273 544 5321 681
557 5267 665 5319 XXIII
670 5285 691 5332 c,
714 5270 748 5335 cs.
765 5286 792 5320 a.
808 5270 858 5319 303
872 5264 904 5317 Χ.
1014 5265 1039 5327 8)
1057 5260 1180 5315 'l'nrritar'r
1201 5263 1230 5313 ia
1252 5279 1348 5329 crcrp.,·
1370 5263 1503 5315 Turriccrr'r'
1529 5263 1556 5314 ia
1578 5264 1671 5325 nebro,·
1695 5264 1781 5315 crhhu

119 5354 206 5407 usa
227 5356 368 5424 apostolice
390 5356 458 5408 sedis
481 5355 573 5422 legato.
685 5352 710 5417 ¹¹)
732 5357 767 5422 cs.
784 5373 811 5406 a.
828 5358 880 5407 303
893 5352 967 5404 XIV
981 5360 1005 5404 ct
1026 5355 1077 5403 681
1090 5349 1145 5400 XX
1152 5349 1178 5400 V.
1289 5346 1308 5414 ¹)
1332 5348 1392 5401 beni
1407 5347 1412 5413 Ι
1427 5351 1464 5402 ela
1482 5349 1514 5401 a.
1620 5347 1646 5414 k)
1669 5351 1781 5417 cernitar

124 5434 158 5492 ὴ
168 5440 199 5493 B.
215 5458 242 5494 a.
257 5446 312 5495 743.
405 5438 426 5505 ¹)
443 5435 535 5492 'lhrrriI
552 5440 581 5492 irs
597 5458 693 5507 maro:
710 5441 831 5493 'I'nricsffi
848 5441 877 5492 ia
894 5440 985 5501 mbrm
1007 5438 1093 5490 adeles
1111 5437 1188 5489 caba
1206 5436 1345 5504 apostolice
1363 5437 1431 5489 sedis
1448 5438 1541 5505 legato.
1628 5438 1660 5501 ¹¹¹)
1679 5438 1781 5505 tiramp

127 5526 190 5580 uide
203 5526 238 5581 B.
341 5529 369 5596 ²)
386 5534 450 5583 ssa
466 5527 581 5580 cbrorwl.
600 5527 668 5580 dccet
684 5528 717 5580 R.

18 5319 43 5361 a
