4328 6232
199 340 262 411 380
754 333 803 393 nx
821 332 1041 393 Innocuam
1059 334 1097 391 1v
1115 330 1299 393 sneisanc

199 518 336 583 firmiter
359 517 494 583 credere
518 537 557 581 ac
579 513 717 588 iurarit;
740 514 774 578 in
797 513 914 600 quibus
938 513 1038 579 etiam
1061 512 1230 577 constituit
1251 509 1493 576 examinatores
1515 507 1607 596 ipsos
1627 512 1862 594 procuratores

201 641 277 685 suos
311 619 353 685 ad
386 619 558 686 iurandum
591 618 626 682 in
660 617 769 681 anima
804 618 889 699 eins,
919 616 1006 702 quod
1038 637 1094 682 eos
1125 615 1296 695 credebat,
1327 612 1425 679 etad
1447 613 1674 700 purgationem
1697 611 1803 676 etiam
1825 612 1860 675 in

200 724 371 809 presentia
401 729 514 787 nostra
548 723 581 787 in
614 721 687 786 loco
720 720 837 785 idoneo
870 742 970 808 super
995 720 1181 807 suspicione
1210 716 1398 783 huiusmodi
1428 714 1639 783 offerendam.
1694 715 1760 790 Qui
1794 715 1859 779 bec

200 826 324 891 eisdem
358 827 541 890 retulerunt
563 824 765 889 auditoribus
788 825 864 888 viva
896 845 988 904 voce,
1016 823 1166 909 quodque
1200 823 1248 887 sic
1279 828 1373 887 erant
1402 821 1509 885 iurare
1537 819 1661 907 parati,
1689 840 1734 885 ex
1760 826 1859 906 parte

202 930 305 1016 ipsius
333 929 502 994 Frederici
528 929 758 1015 purgationem
786 926 970 991 huiusmodi
999 927 1183 991 offerentes.
1232 925 1301 990 Nos
1331 931 1442 990 autem
1468 923 1519 988 his
1550 924 1729 989 intellectis
1751 924 1858 988 talem

203 1033 482 1097 examinationem
516 1040 550 1097 et
582 1031 828 1119 purgationem,
859 1052 933 1095 cum
964 1051 1025 1095 nec
1059 1030 1116 1095 ubi
1149 1050 1211 1094 nec
1245 1028 1286 1093 de
1315 1028 1431 1114 quibus
1462 1047 1568 1113 neque
1598 1048 1706 1092 coram
1736 1026 1859 1111 quibus

203 1135 333 1215 debuit,
369 1142 559 1222 presumpta
591 1135 706 1214 fuerit,
741 1156 815 1200 cum
849 1133 948 1198 iidem
982 1134 1225 1198 examinatores
1241 1138 1290 1196 ¹et
1319 1151 1431 1196 corum
1459 1131 1692 1216 consanguinei
1720 1131 1788 1195 sint
1817 1130 1860 1194 de

204 1239 307 1324 ipsius
331 1240 422 1303 curia
445 1261 505 1304 sen
531 1240 646 1319 terris,
675 1238 830 1324 potestati
854 1237 905 1301 vel
928 1237 1036 1302 verius
1060 1236 1222 1321 tyrannidi
1246 1255 1304 1300 sue
1328 1233 1503 1313 subiectis,
1531 1233 1729 1315 illusoriam,
1758 1242 1860 1321 prout

206 1349 292 1421 erat,
327 1348 360 1406 et
395 1343 543 1407 frivolam
573 1349 780 1428 reputantes,
814 1342 920 1428 ipsam
948 1339 988 1406 de
1018 1340 1156 1405 fratrum
1178 1346 1363 1404 nostrorum
1391 1344 1425 1403 et
1447 1338 1621 1402 multorum
1644 1340 1860 1424 prelatorum,

204 1446 261 1531 qui
283 1446 451 1510 nobiscnm
475 1453 552 1511 tunc
575 1446 722 1528 aderant,
745 1446 881 1509 consilio
895 1445 1099 1510 decrevimus
1123 1445 1247 1508 irritam
1271 1450 1304 1508 et
1320 1443 1461 1522 inanem,
1477 1462 1663 1528 processum
1678 1441 1860 1507 eorundem

205 1551 467 1614 examinatorum
502 1570 601 1635 super
632 1549 694 1612 hiis
731 1556 957 1636 presumptum
985 1550 1118 1636 penitus
1148 1546 1365 1634 reprobando.
1415 1544 1645 1611 Concessimus
1673 1552 1802 1621 tamen,
1834 1547 1862 1609 si

203 1655 332 1718 veniret
354 1653 442 1718 idem
459 1652 655 1718 Fredericus
673 1653 892 1738 personaliter
914 1653 999 1717 infra
1014 1659 1144 1738 ternpus
1162 1652 1344 1738 legitimum
1363 1650 1434 1714 siae
1455 1650 1553 1714 armis
1577 1653 1611 1714 et
1633 1670 1707 1714 cnm
1731 1648 1862 1713 modico

204 1759 379 1838 comitatu,
403 1756 487 1841 quod
518 1757 621 1842 ipsum
647 1777 747 1842 super
770 1757 981 1842 purgatione,
1012 1776 1109 1841 quam
1133 1755 1174 1819 de
1197 1755 1382 1842 suspicione
1404 1751 1552 1839 prodicta
1574 1772 1610 1816 se
1633 1774 1742 1818 coram
1765 1754 1864 1818 nobis

204 1862 290 1924 velle
314 1868 462 1947 prestare
485 1860 625 1940 dicebat,
651 1861 678 1925 si
704 1860 744 1924 de
767 1862 836 1925 iura
860 1867 894 1926 et
918 1861 1001 1924 sicut
1024 1859 1064 1925 dc
1087 1861 1157 1925 iure
1180 1859 1365 1923 faciendum
1390 1858 1557 1937 existeret,
1580 1855 1779 1924 audiremus.

309 1963 546 2027 Verumtamen
577 1985 641 2027 non
677 1965 781 2027 solum
809 1964 1017 2049 postmodum
1047 1964 1160 2028 venire
1195 1963 1356 2048 neglexit,
1395 1961 1454 2026 sed
1483 1962 1576 2047 quasi
1607 1959 1755 2026 delectet
1786 1984 1863 2027 eum

204 2067 417 2146 malefacere,
444 2067 604 2151 prioribus
633 2068 791 2152 nequiora
819 2068 1046 2148 committens,
1077 2067 1239 2152 quandam
1273 2064 1493 2130 execrabilem
1521 2065 1622 2129 edidit
1645 2066 1864 2147 sanctionem,

207 2171 292 2234 inter
323 2171 387 2234 alia
419 2172 660 2248 continentem,
688 2179 725 2235 ut
752 2172 1207 2257 ‘quicunque101erieusvel
1238 2171 1412 2256 religiosus
1440 2168 1480 2233 ad
1509 2170 1626 2256 papale
1651 2171 1704 2235 vel
1733 2171 1864 2256 papalis

208 2275 308 2359 legati
344 2273 534 2337 mandatum
568 2274 697 2360 publice
732 2274 843 2340 forsan
873 2276 1019 2340 omiserit
1048 2276 1219 2338 missarum
1251 2293 1310 2337 seu
1338 2273 1403 2337 alia
1437 2273 1604 2338 celebrare
1640 2273 1803 2338 solemnia
1831 2282 1865 2337 et

211 2382 417 2441 sacramenta
439 2376 591 2441 fidelibus
616 2380 840 2443 ecclesiastica
862 2381 1047 2466 propinare,
1061 2378 1110 2443 -de
1134 2380 1267 2444 civitate
1290 2379 1342 2442 vel
1365 2379 1449 2458 loco,
1472 2378 1563 2442 cuius
1586 2378 1693 2443 incola
1716 2379 1865 2464 reperie-

209 2487 273 2559 tur,
297 2481 432 2559 ciectus,
456 2481 551 2545 bonis
574 2481 641 2545 suis
669 2483 952 2567 patrimonialibus
976 2491 1009 2548 et
1036 2484 1279 2561 ecclesiasticis,
1303 2488 1340 2546 ut
1355 2503 1472 2569 penam
1496 2480 1537 2546 dc
1561 2486 1653 2546 tanta
1675 2482 1865 2546 temeritate

210 2585 326 2648 tulisse
350 2605 385 2647 se
409 2584 528 2664 doleat,
553 2585 722 2671 spolietur,
747 2587 874 2650 clericis
897 2586 1053 2651 mandato
1075 2587 1223 2672 predicto
1246 2606 1363 2672 parere
1388 2584 1577 2649 nolentibus
1601 2591 1634 2648 ot
1661 2585 1693 2648 in
1717 2583 1783 2649 fide
1806 2607 1867 2650 sua

209 2689 411 2753 ferventibus
445 2690 676 2754 ecclesiasticis
711 2690 930 2776 applicandis,
965 2691 1249 2776 patrimonialibus
1284 2697 1394 2753 antem
1425 2688 1603 2774 proximis,
1635 2688 1677 2752 ab
1707 2689 1866 2752 intestato

211 2792 420 2856 venientibus
446 2794 583 2870 seilicet,
607 2793 836 2878 assignandis’.
882 2793 988 2875 Unde,
1014 2796 1090 2881 quia
1112 2795 1228 2858 merito
1253 2801 1368 2858 contra
1391 2814 1482 2873 eum,
1505 2792 1560 2878 qui
1583 2792 1732 2878 penitere
1754 2792 1866 2880 despi-

211 2897 301 2959 ciens
336 2904 472 2982 peccata
504 2898 646 2983 peccatis
681 2900 867 2964 accumulat
902 2905 936 2963 et
971 2906 1075 2962 ortam
1112 2904 1225 2961 eontra
1260 2919 1295 2961 se
1329 2898 1548 2981 suspicionem
1582 2895 1676 2960 dictis
1706 2904 1741 2961 et
1771 2898 1868 2962 factis

210 2999 315 3062 innuit
339 3019 412 3063 esse
437 3021 557 3081 veram,
582 3009 633 3066 est
656 3001 770 3065 durius
792 3002 1053 3089 procedendum:
1078 3023 1138 3066 noa
1162 3001 1324 3086 prefatum
1342 3000 1560 3079 Fredericnm,
1585 3002 1670 3065 sicut
1693 3000 1866 3081 hactenus,

208 3103 256 3166 sic
279 3104 311 3165 in
335 3102 387 3166 die
412 3102 498 3167 Iovis
522 3110 636 3169 sancto
661 3107 810 3190 proximo
835 3106 1006 3192 preterito,
1035 3107 1179 3191 quinimo
1209 3105 1390 3169 districtius
1420 3126 1478 3190 pro
1509 3124 1549 3168 eo
1573 3104 1660 3189 quod
1690 3111 1868 3191 suspectus

212 3206 425 3270 vehementer
448 3207 488 3271 de
514 3208 622 3273 heresi
654 3216 687 3273 ct
714 3210 1012 3274 anathematizatus
1039 3210 1079 3274 ad
1111 3211 1218 3273 alnum
1242 3210 1370 3295 prefate
1396 3209 1506 3273 matris
1532 3209 1673 3273 ecclesie
1697 3209 1807 3274 redire
1830 3232 1868 3274 ac

209 3331 248 3373 ea
277 3310 403 3390 facere,
438 3333 522 3397 quae
557 3335 577 3376 a
609 3314 656 3376 sic
684 3321 837 3399 suspecto
869 3336 907 3377 ac
930 3315 1213 3378 excommunicato
1243 3313 1312 3377 ficri
1341 3313 1477 3394 debent,
1505 3312 1636 3376 omnino
1659 3314 1868 3399 contempsit,

210 3414 565 3479 excommunicavimus
589 3422 622 3481 et
645 3417 865 3483 anathematis
884 3418 1015 3482 vinculo
1039 3418 1190 3482 duximus
1214 3417 1445 3492 innodandum,
1469 3415 1702 3481 denuntiantes
1726 3417 1866 3482 nichilo-

209 3517 318 3580 minus
349 3518 428 3598 sibi,
458 3526 611 3604 presente
641 3522 788 3605 generali
818 3527 851 3585 et
880 3522 1012 3607 panIca
1045 3522 1299 3606 congregatione
1323 3519 1499 3600 fidelinm²,
1524 3525 1558 3585 et
1579 3541 1639 3606 per
1661 3520 1743 3584 alios
1767 3523 1866 3585 etiam

213 3621 243 3683 ei
266 3621 408 3684 nuntiari
434 3623 593 3703 volentes,
618 3623 703 3707 quod
728 3625 754 3686 si
779 3622 935 3709 deinceps
959 3625 991 3687 in
1016 3623 1203 3687 huiusmodi
1228 3625 1434 3688 contumacia
1457 3622 1589 3687 duxerit
1611 3624 1868 3710 persistendum,

211 3732 326 3787 contra
360 3724 465 3809 ipsum
501 3726 659 3808 graviter,
694 3733 994 3813 quantumcumque
1038 3728 1216 3791 secundum
1251 3727 1359 3791 Deum
1399 3726 1599 3813 expedierit,
1638 3728 1867 3813 procedemus.

211 3826 499 3891 Pronuntiavimus
528 3834 692 3913 preterea,
715 3829 801 3915 quod
832 3831 1016 3916 quicunque
1045 3831 1105 3893 sibi
1135 3837 1210 3916 post
1241 3830 1321 3894 duos
1344 3832 1494 3916 proximo
1521 3829 1648 3894 futuros
1670 3852 1806 3897 menses
1828 3831 1869 3896 ab

210 3928 325 3994 eodem
349 3931 401 3994 dic
424 3931 510 3994 lovis
533 3933 769 4017 computandos
794 3933 965 3996 consilium
991 3939 1047 3997 aut
1070 3934 1227 3997 auxilinm
1251 3935 1432 4019 prostiterit
1454 3934 1507 3997 rel
1530 3933 1678 3998 favorem
1701 3935 1868 4021 pubIIourn

210 4034 261 4096 vel
291 4035 472 4114 occultum,
504 4036 552 4100 illi
586 4035 693 4100 eidem
720 4058 806 4122 pene
840 4036 1007 4101 subiaceat
1031 4043 1096 4101 tam
1121 4037 1152 4100 in
1177 4057 1318 4122 persona
1348 4057 1445 4122 quam
1470 4037 1502 4100 in
1526 4036 1641 4115 rebus,
1671 4039 1725 4103 cni
1754 4040 1867 4104 talium
1915 4044 1934 4081 ²

210 4135 356 4201 fautores
390 4138 563 4203 subiacent
597 4139 774 4204 secundnm
806 4142 979 4205 canonicas
1016 4147 1048 4204 et
1085 4141 1249 4224 legitimas
1287 4142 1484 4205 sanctiones.
1543 4140 1753 4221 Mandamus,
1790 4164 1869 4228 qua-

210 4241 296 4303 tinus
326 4239 475 4326 predicta
504 4242 612 4307 omnia
640 4251 673 4307 et
704 4245 833 4328 singula
861 4244 1033 4329 publicetis
1064 4251 1097 4307 et
1126 4244 1285 4328 publicari
1316 4244 1445 4309 faciatis
1477 4267 1537 4330 per
1565 4245 1652 4324 loca,
1688 4246 1720 4309 in
1751 4247 1871 4332 quibua

212 4343 358 4408 videritis
382 4345 552 4430 expedire.

316 4465 391 4531 Dat.
416 4465 579 4552 Lugduni,
603 4467 706 4531 XIIII
729 4467 803 4532 Kal.
827 4469 917 4549 Maii,
941 4490 1026 4532 anno
1041 4468 1099 4535 V0.

320 4586 379 4651 In·
402 4588 542 4652 eundern
573 4588 701 4653 modum
733 4589 988 4676 archiepiscopis
1019 4596 1052 4654 ct
1079 4590 1240 4676 episcopis
1267 4597 1300 4654 ct
1329 4590 1523 4669 abbatibus,
1550 4591 1731 4676 prioribus,
1763 4593 1870 4658 orobi-

218 4687 378 4769 diaconis,
422 4689 733 4777 archipresbyteris,
775 4692 951 4777 prepositis
993 4700 1027 4756 ct
1064 4693 1138 4756 aliis
1182 4693 1396 4757 ecclesiarum
1440 4693 1597 4779 prelatisb
1635 4715 1696 4780 per
1739 4695 1871 4762 Italiam

217 4796 414 4860 constitutis.

793 4955 844 4961 -—
874 4956 959 4961 ——-
985 4956 1012 4964 .-
1027 4956 1043 4962 ..
1057 4957 1066 4961 .
1088 4956 1204 4962 .....--.
1224 4957 1254 4961 -.
1293 4957 1422 4963 .--.-.
1442 4956 1689 4963 -—-..-—-..—.-.-

317 5058 341 5118 ⁸)
361 5059 390 5108 ln
410 5085 443 5094 —-
461 5059 607 5110 constitutis
625 5058 775 5109 addidimrrs
797 5075 829 5109 ex
846 5058 878 5108 B.
984 5057 1008 5122 b)
1028 5059 1229 5110 Animadversa
1254 5059 1323 5110 lonc
1348 5059 1538 5125 inscriptionem
1562 5060 1596 5110 ab
1622 5076 1667 5122 ra,
1692 5077 1761 5126 qaue
1790 5079 1871 5129 supra

213 5141 277 5191 doto
299 5151 347 5207 ert,
373 5145 560 5211 discrepantem
587 5153 610 5196 ct
632 5146 717 5195 minas
734 5154 897 5210 concrctam,
922 5163 978 5196 nrm
996 5146 1155 5212 ‘praepositi'
1171 5155 1237 5197 certa
1253 5146 1498 5212 ‘arciprestyara'
1514 5146 1663 5198 aaaoedm
1682 5146 1819 5205 deberetur
1835 5150 1870 5210 ef.

212 5229 513 5282 ntbn.542et543et
532 5230 932 5298 MA.t.X,p.53ttetscqu.

318 5348 344 5411 1)
364 5346 425 5414 Ec,
452 5362 521 5414 pace
546 5353 709 5415 aquantur,
733 5347 831 5416 paucis
857 5347 939 5400 rerba
965 5349 1074 5401 nmmo
1096 5365 1129 5402 esc
1156 5366 1196 5418 ep.
1223 5350 1357 5404 Fts'dcrr'ct
1384 5355 1449 5404 aeta
1473 5349 1653 5420 dumdou'ou
1678 5352 1805 5409 declam
1827 5372 1871 5425 up.

213 5430 502 5500 HatlhrrdBrthollrs,
522 5434 538 5487 l.
556 5449 577 5487 c.
597 5439 614 5488 t.
634 5433 683 5501 VI,
700 5451 728 5502 p.
747 5441 808 5499 581,
828 5431 1058 5501 anna-Fater,
1078 5434 1094 5488 l.
1113 5451 1135 5489 c.
1153 5442 1228 5501 3657,
1246 5442 1353 5506 mmpra
1369 5441 1443 5491 aaut
1547 5439 1576 5505 2)
1595 5440 1639 5491 no
1656 5455 1734 5510 erpo,
1755 5458 1827 5509 qaue
1842 5442 1872 5494 ia

212 5516 455 5585 baccaulus.
475 5520 1463 5592 ornam.sooaaaasum,quaooueianaoean'qsarecaaapapc
1485 5522 1872 5597 anawanum

214 5603 404 5670 cornprotrrrit,
431 5605 500 5660 idern
523 5606 627 5660 dicebas
643 5605 733 5660 dicbus
754 5611 831 5672 arde,
854 5606 920 5672 sano
936 5622 1033 5661 consor
1056 5606 1184 5677 Domini,
1207 5610 1240 5663 tn
1261 5609 1396 5678 prsblicum
1421 5610 1548 5666 notium
1565 5610 1675 5681 poput',
1695 5613 1746 5683 qus·
1764 5618 1872 5685 propte
