4328 6232
204 356 266 422 130
752 346 800 402 EX
819 344 1037 402 innocuum
1054 343 1094 399 1v
1112 342 1295 400 andranno

199 527 327 614 prefato
349 545 451 612 regno
473 544 533 611 per
554 523 619 588 Dei
641 522 780 609 gratiam
803 521 837 586 in
860 526 947 585 statu
969 519 1146 605 tranquillo
1170 524 1205 583 et
1225 517 1329 583 libero
1353 514 1544 596 constituto,
1566 533 1607 580 ca
1629 514 1719 580 circa
1741 513 1850 601 ipsum

199 631 411 718 disponamus
439 629 480 695 de
510 629 645 693 fratrum
669 633 856 690 nostrorum
878 625 1030 705 consilio,
1061 643 1125 708 que
1149 621 1190 687 ad
1213 622 1315 687 decus
1337 621 1478 687 ecclesie
1502 626 1537 684 et
1558 619 1644 683 illius
1666 618 1852 704 protectum

199 735 399 799 viderimus*
424 732 592 819 expedire.
638 728 746 816 Super
769 729 831 793 hiis
853 735 964 794 autem
989 734 1022 792 et
1044 727 1118 791 aliis
1141 726 1253 791 taliter
1275 747 1311 790 se
1334 724 1457 790 habeat
1479 729 1589 788 restra
1611 723 1852 808 circumspecta

199 838 385 925 prudentia,
409 836 496 923 quod
520 827 563 900 ex
586 833 648 897 hoo
670 832 775 897 honor
798 832 886 897 sadis
909 830 1088 919 apostolice
1112 850 1184 894 cum
1207 828 1306 894 laude
1328 828 1429 894 rastri
1452 827 1592 892 nominis
1615 830 1789 912 augeatur.

921 1308 925 1317 ’
988 1302 1071 1377 lit.

307 1401 525 1494 Innocentius
539 1429 563 1493 Ι
567 1428 595 1493 V
601 1448 691 1511 papo
712 1427 824 1492 eisdem
848 1426 987 1504 madal,
1008 1428 1045 1490 ut
1065 1425 1095 1489 oi
1116 1423 1293 1506 oliqumsdo
1314 1426 1522 1505 mutuarum
1543 1421 1690 1500 viderint,
1711 1426 1749 1486 ut
1768 1421 1855 1485 bene·
1914 1446 1925 1483 a

200 1534 275 1616 ficio
297 1534 333 1597 in
355 1553 449 1616 regno
471 1532 602 1599 Siciliae
624 1531 785 1613 aliquibus
806 1528 1023 1616 conseruntur,
1045 1528 1100 1592 boc
1121 1528 1183 1592 sibi
1203 1528 1359 1592 intiment.
1416 1529 1510 1606 1246,
1533 1526 1613 1610 Aps.
1628 1528 1770 1590 mensu.

307 1654 370 1707 Iun
384 1653 432 1707 IV
445 1652 508 1721 Rec.
528 1652 619 1720 Voll,
637 1658 704 1719 302,-
722 1652 783 1707 Lib.
796 1652 854 1720 III,
872 1667 928 1706 nn.
942 1658 981 1707 10.

306 1739 406 1810 Beryae
424 1747 497 1797 1975.

932 1830 1130 1905 Eisdem.

310 1965 376 2031 Per
406 1964 569 2053 speciales
598 1965 748 2030 litteras¹
779 1964 836 2030 illa
865 1964 957 2029 vobis
988 1962 1030 2029 de
1063 1982 1163 2026 causa
1195 1960 1436 2041 mandavimus,
1475 1981 1516 2027 ne
1547 1960 1582 2025 in
1612 1980 1714 2046 regno
1744 1960 1856 2026 Sicilie
1906 1981 1929 2022 n

204 2068 389 2156 prebendas
424 2076 482 2134 aut
516 2069 744 2134 ecclesiastica
775 2067 937 2134 beneficia
970 2066 1179 2147 conferretis,
1214 2071 1250 2129 ut
1282 2063 1451 2131 decentius
1485 2064 1619 2130 defendi
1653 2064 1785 2152 possitis
1817 2063 1858 2127 ab

205 2172 388 2258 importuna
417 2173 574 2237 instantia
602 2173 789 2259 petitorum.
836 2171 919 2236 Cum
949 2173 1060 2256 itaque
1090 2169 1180 2235 cordi
1209 2169 1305 2234 nobis
1337 2170 1379 2234 sit
1407 2169 1440 2233 in
1470 2169 1634 2247 omnibus,
1666 2187 1730 2253 qne
1760 2167 1858 2253 digne

204 2297 395 2361 possumus,
429 2282 556 2341 vestras
589 2276 752 2341 honorare
787 2295 960 2362 personas,
995 2275 1160 2355 volumus,
1195 2279 1233 2338 ut
1266 2273 1293 2337 si
1326 2273 1502 2360 aliquando
1534 2272 1628 2338 robis
1660 2279 1858 2358 oportunum

206 2378 378 2460 videbitur,
402 2379 488 2465 quod
512 2380 674 2465 aliquibus
697 2379 860 2446 beneficia
883 2379 1071 2458 conferatis,
1096 2377 1176 2443 illud
1195 2377 1289 2442 nobis
1304 2379 1423 2442 vestris
1439 2376 1558 2442 litteris
1576 2376 1760 2462 explicetis,
1782 2376 1859 2461 quia

206 2490 391 2569 promptum
415 2482 477 2547 crit
498 2483 594 2547 nobis
618 2483 815 2565 concedere,
844 2482 929 2568 quod
954 2483 1046 2548 vobis
1071 2482 1112 2546 ad
1136 2482 1293 2569 honorem
1318 2480 1457 2547 ecclesie
1481 2500 1539 2546 seu
1561 2481 1744 2567 proiectum
1768 2499 1856 2544 com·
1906 2500 1927 2536 ιι

207 2586 299 2650 missi
321 2585 495 2673 prudentie
519 2594 626 2652 vostre
649 2588 774 2672 negotii
798 2586 963 2652 videbitur
985 2585 1156 2672 expedire.

827 2830 1238 2839 -—-—.-——-

998 3058 1081 3133 173.

313 3151 532 3247 Innocentius
546 3180 571 3245 Ι
574 3177 604 3243 V
616 3201 707 3264 popa
727 3180 841 3246 nedem
863 3180 1007 3259 concedit,
1029 3184 1066 3245 ut
1086 3181 1116 3246 a·
1137 3180 1243 3247 ambos
1257 3181 1306 3247 vel
1321 3180 1457 3246 aiterum
1469 3200 1576 3247 corum
1589 3199 1719 3263 repnum
1734 3178 1866 3246 Sicilire

208 3285 332 3349 intrare
353 3284 526 3368 contigerit,
556 3284 593 3348 in
613 3285 750 3368 ungulis
772 3285 906 3350 ecclesiis
925 3285 1070 3366 aaronis
1090 3284 1207 3349 deuotis
1234 3285 1363 3350 unicum
1384 3285 1552 3349 dannaba!
1572 3282 1717 3368 corsfm
1740 3282 1866 3364 possint

211 3385 390 3468 beneficium
411 3388 461 3453 vel
475 3388 700 3471 praebendam.
1417 3390 1510 3467 1246,
1532 3387 1615 3469 Apr.
1638 3390 1778 3454 eccum

315 3505 380 3560 Iun.
397 3505 446 3561 IV
465 3506 528 3576 lieu.
550 3507 606 3562 Vol.
622 3508 650 3576 I,
672 3513 735 3574 3⁰33
759 3507 820 3561 Lab.
838 3507 901 3576 III,
925 3521 983 3561 cur.
1002 3513 1043 3562 14.
1076 3505 1188 3561 Praeter
1206 3507 1348 3577 ammian,
1371 3506 1443 3577 meod
1460 3508 1558 3576 Berge·
1579 3505 1675 3574 edidit,
1697 3504 1866 3560 Minus
1913 3518 1937 3558 at

211 3591 394 3660 apofflayrlmm
410 3592 466 3648 cod.
487 3593 648 3662 ulutatu,
663 3602 708 3659 555
725 3594 759 3661 of.
776 3611 805 3648 n.
819 3601 873 3648 170.

316 3679 415 3746 Beroen
428 3687 498 3734 1979,

403 3840 439 3915 S.
468 3840 593 3915 tituli
620 3842 784 3916 Sancte
810 3839 949 3918 Mario
976 3841 1310 3917 Transtiberim
1338 3842 1611 3936 presbytero
1640 3845 1684 3917 et

342 3960 389 4035 R.
417 3961 589 4036 Sancte
624 3963 765 4037 Marie
802 3964 845 4036 in
881 3963 1120 4038 Cosmidin
1156 3963 1359 4039 diacono
1396 3964 1746 4056 cardinalibuS,

722 4085 988 4177 apostolice
1016 4086 1146 4159 sedis
1173 4085 1357 4178 legatis,
1916 4122 1939 4162 a

323 4212 357 4278 Si
370 4215 626 4302 circumspector
638 4216 807 4299 Dominus,
824 4219 965 4303 gemitus
979 4217 1173 4283 afflictorum
1185 4219 1277 4304 regni
1291 4219 1403 4286 Sicilie
1417 4242 1496 4286 aure
1511 4220 1657 4306 benigna
1673 4219 1870 4307 suscipiens,

214 4337 274 4381 sua
296 4318 420 4404 pietate
442 4319 653 4405 provideritb,
685 4329 721 4385 ut
747 4343 806 4407 pro
828 4323 976 4407 generali
999 4323 1201 4388 manentium
1224 4324 1258 4388 iu
1281 4322 1399 4390 eodem
1421 4324 1627 4411 procuranda
1648 4325 1757 4390 salute
1783 4324 1871 4389 illius

214 4440 408 4508 prosperum
430 4422 579 4488 habeatis
602 4424 801 4510 ingressum,
825 4432 958 4492 tenetur
979 4428 1246 4515 presumptione⁰
1268 4427 1448 4516 probabili,
1470 4429 1556 4515 quod
1579 4449 1639 4515 pro
1662 4426 1870 4494 conferendis

215 4524 449 4590 ecclesiasticis
471 4526 641 4592 beneficiis
664 4527 732 4615 pati
757 4529 855 4595 nimie
879 4530 1134 4618 importunitatis
1158 4531 1350 4597 instantiam
1372 4530 1532 4598 debeatis.
1569 4530 1616 4597 Ut
1630 4536 1741 4597 autem
1757 4531 1791 4596 in
1807 4530 1870 4596 hac

215 4634 309 4713 parte
339 4627 455 4694 honori
480 4632 620 4697 ecclesie
643 4632 856 4719 provideatur
878 4641 912 4700 et
934 4642 1059 4718 restro,
1088 4636 1292 4722 presentium
1315 4635 1409 4701 vobis
1430 4635 1625 4702 auctoritate
1647 4633 1870 4711 concedimus,
1920 4656 1944 4695 a

216 4731 303 4815 quod
327 4732 355 4796 si
378 4733 475 4797 ambo
499 4735 551 4798 vei
580 4736 664 4800 aiter
686 4744 831 4802 vestrum
862 4759 998 4824 regnum
1030 4740 1138 4827 ipsum
1165 4739 1353 4822 intraverit,
1385 4739 1484 4805 liceat
1505 4738 1599 4805 robis
1626 4746 1684 4804 aut
1710 4738 1809 4804 alteri
1836 4738 1870 4802 iu

215 4834 354 4918 singulis
378 4835 525 4901 eiusdem
550 4838 709 4920 ecclesiis,
733 4840 766 4904 in
790 4841 909 4926 quibus
932 4844 1037 4907 risum
1061 4843 1160 4909 fuerit
1183 4842 1352 4931 expedire,
1376 4844 1526 4931 personis
1548 4840 1677 4908 devotis
1699 4849 1734 4907 et
1755 4841 1870 4908 huius·

218 4937 306 5001 modi
337 4936 446 5024 dignis
476 4940 583 5025 gratia
606 4962 666 5007 seu
689 4944 885 5028 promotioni
908 4947 1032 5032 negotii
1055 4947 1224 5033 oportunis
1246 4949 1378 5013 unicum
1401 4946 1573 5013 dumtaxat
1595 4945 1745 5011 conferre
1767 4945 1870 5011 bene-

216 5041 327 5106 ficium
351 5043 404 5108 rel
426 5042 638 5130 prebendam,
661 5046 707 5110 ita
728 5053 839 5115 tamen
863 5048 949 5134 quod
972 5051 1124 5133 ecclesia,
1147 5051 1181 5115 in
1205 5071 1269 5136 qua
1291 5072 1375 5117 uuus
1403 5058 1550 5117 restrum
1578 5049 1769 5138 providerit,
1799 5050 1872 5114 sine

221 5145 360 5232 speciali
382 5146 537 5212 mandato
560 5155 673 5214 nostro
695 5171 756 5237 per
777 5152 917 5217 aiterum
940 5174 1005 5219 non
1027 5153 1213 5240 gravetur².
1763 5179 1769 5188 ·
1922 5174 1945 5215 ³⁵

321 5372 346 5439 ι)
365 5375 478 5427 vidimus
490 5375 522 5426 R.
591 5373 617 5440 b)
636 5378 747 5445 providit
759 5377 790 5429 R.
861 5379 884 5444 c)
904 5397 949 5447 pro
967 5381 1158 5447 presumptione
1171 5379 1203 5433 Β.

322 5492 460 5556 l)n.171.
536 5495 565 5561 2)
585 5493 670 5548 Sion
690 5494 763 5550 banc
785 5495 922 5563 minoium
943 5495 1013 5549 &aas
1034 5496 1210 5551 ammaus
1230 5496 1395 5566 ombaaar,
1417 5497 1609 5567 wpnoaciarue,
1633 5494 1876 5567 quondo*

216 5578 361 5647 npoetolioo
379 5579 472 5648 tepolis
488 5580 546 5634 aaa
560 5580 715 5648 [weitaim
729 5581 836 5651 dederit,
854 5587 886 5636 ut
897 5583 1053 5638 eunomus
1063 5583 1212 5639 littmnrm
1224 5584 1431 5655 arnstolioorunr
1439 5578 1877 5655 miundoemlm

214 5669 329 5734 pascu,
342 5671 425 5735 prout
441 5663 562 5735 andire
578 5668 629 5722 eibi
644 5667 784 5727 adunca
