4328 6232
329 118 392 179 480
884 112 931 166 EX
949 110 1169 168 ruuoeuuuu
1187 111 1226 166 [v
1244 110 1426 169 auersum)

325 285 505 352 rectoribus
529 293 562 351 et
586 286 713 352 clericis
737 288 951 352 ecelesiarum
975 295 1030 352 tue
1055 287 1196 352 diocesis
1220 288 1444 373 parrochianis
1469 289 1533 354 tuis
1551 296 1683 376 propter
1699 287 1846 374 ipsorum
1862 288 1987 354 delicta

324 391 377 455 vel
399 410 557 454 excessus
582 389 817 455 rationabiliter
839 389 1024 476 impositas,
1054 397 1149 476 prout
1172 413 1192 456 a
1214 398 1246 455 te
1269 412 1308 456 ac
1332 390 1416 457 bone
1440 392 1597 458 memorie
1620 388 1796 480 H[enrica]
1820 390 1986 457 muson-

323 492 420 557 tiensi
444 490 600 578 episcopo
624 492 859 578 predecessore
884 498 940 556 tuo
963 499 1120 581 percepta
1142 501 1333 574 noscuntur,
1363 494 1467 561 libere
1496 494 1666 582 percipere
1695 517 1734 561 ac
1763 496 1902 581 exigere
1928 495 1986 561 tibi

324 597 436 676 liceat,
474 599 669 663 anctoritate
704 598 906 684 presentium
937 598 1068 684 plenam
1102 598 1161 663 tibi
1192 599 1402 665 concedimus
1434 600 1635 666 facultatem.
1687 598 1778 665 Nulli
1812 620 1894 686 ergo
1923 607 1986 665 etc.

323 707 435 765 nostre
460 701 678 766 concessionis
702 709 764 768 etc.

432 822 509 886 Dat.
533 822 695 909 Lugduni,
725 823 773 888 Id.
797 824 917 903 Martii,
941 844 1026 888 anno
1040 823 1115 890 V10.

432 943 539 1009 Datus
563 951 614 1010 est
637 945 667 1008 ei
690 965 789 1032 super
810 944 872 1009 hoc
897 952 1107 1011 conservator
1130 995 1163 1011 ..
1188 946 1292 1011 abbas
1316 945 1357 1013 de
1374 947 1563 1013 Faucibus¹
1579 946 1803 1034 Augustensis
1827 946 1986 1013 diocesis.

1112 1484 1201 1559 671.

427 1599 645 1691 Irrnoccatias
660 1626 685 1690 1
689 1622 717 1686 V
723 1644 814 1706 papa
835 1624 933 1689 rideas
955 1625 999 1690 ad
1019 1626 1178 1708 querelam
1199 1626 1267 1691 cias
1288 1626 1452 1707 respondet
1473 1646 1505 1691 se
1520 1627 1645 1709 aliquos
1659 1627 1829 1693 diocesano
1843 1627 1911 1710 lege
1924 1627 1986 1694 sibi

323 1727 472 1792 subiectos
493 1747 591 1810 risque
613 1727 761 1792 erasmae
782 1748 814 1793 sc
833 1729 954 1794 credere
973 1725 1073 1811 neque
1092 1729 1226 1794 emanere
1241 1728 1294 1794 sai
1305 1729 1461 1814 propositi
1474 1749 1549 1797 csse,
1616 1732 1710 1810 1249,
1726 1729 1830 1796 Mart.
1846 1735 1898 1796 16.

428 1848 491 1900 loa.
506 1846 553 1901 IV
563 1846 627 1914 Itcp.
640 1845 700 1900 Iao.
716 1847 762 1914 VI,
778 1849 797 1913 s.
811 1856 851 1915 34,
868 1867 895 1904 a.
908 1856 966 1905 42⁰.
997 1849 1147 1918 Exemplar
1159 1849 1274 1918 Balasir',
1296 1850 1373 1905 Mica.
1387 1856 1405 1906 t.
1419 1850 1482 1918 VII,
1498 1867 1527 1919 p.
1540 1858 1589 1905 474
1606 1850 1766 1905 medioata
1783 1867 1846 1905 coar
1860 1850 1983 1920 Repertis.

427 1933 553 2000 Pedicat,
574 1932 743 2002 Re9.13252,·
762 1935 858 2003 Berper
876 1942 949 1989 4412.

1056 2063 1248 2138 Eideml.

431 2213 628 2279 Presentata
649 2213 743 2278 nobis
768 2220 823 2278 tue
846 2214 1060 2279 fraternitatis
1083 2213 1198 2299 petitio
1222 2213 1427 2294 continebat,
1460 2213 1547 2299 quod
1577 2212 1726 2278 nonnulli
1755 2219 1813 2278 tue
1842 2213 1983 2279 diocesis

324 2318 596 2383 monasteriorum
620 2323 654 2383 ct
669 2317 884 2383 ecclesiarum
900 2317 1020 2403 prelati
1037 2317 1187 2382 obtinere
1203 2315 1364 2395 laborant,
1387 2323 1425 2381 ut
1441 2339 1461 2382 a
1476 2314 1700 2382 iurisdictione
1717 2313 1983 2382 Constantiensis

324 2421 464 2486 ecclesie
496 2442 557 2506 per
585 2421 697 2486 sedem
729 2423 943 2509 apostolicam
977 2423 1165 2487 eximantur
1193 2423 1228 2486 in
1255 2429 1347 2487 tuum
1375 2429 1409 2486 et
1435 2421 1536 2509 ipsius
1566 2422 1707 2487 ecclesie
1738 2420 1983 2488 detrimentum.

325 2524 433 2599 Quare
458 2524 625 2590 humiliter
647 2526 821 2610 postulasti
845 2548 945 2612 super
968 2526 1028 2590 hoc
1052 2526 1113 2612 ipsi
1138 2526 1278 2590 ecclesie
1302 2524 1343 2590 de
1373 2524 1462 2591 sedis
1493 2524 1640 2590 eiusdem
1670 2523 1882 2612 providentia
1909 2545 1983 2611 prc-

325 2627 445 2692 caveri.
494 2627 562 2692 Nos
592 2629 692 2713 igitur
724 2637 757 2695 te
791 2652 829 2696 ac
864 2631 1002 2695 candem
1035 2630 1210 2695 ecclesiam
1244 2630 1278 2694 in
1312 2650 1371 2694 suo
1402 2650 1531 2716 semper
1559 2628 1631 2693 iure
1658 2629 1783 2694 serrari
1811 2629 1984 2716 cupientes

325 2733 469 2814 illesam,
504 2740 592 2796 tuam
620 2734 770 2799 volumus
802 2735 1040 2801 fraternitatem
1076 2733 1116 2799 de
1152 2734 1330 2818 apostolice
1366 2732 1454 2798 sedis
1487 2732 1693 2818 benignitate
1728 2737 1864 2812 tenere,
1899 2731 1984 2819 qnod

325 2836 453 2921 aliquos
477 2836 537 2901 tibi
559 2835 737 2902 diocesana
758 2838 834 2924 lege
858 2838 1025 2904 subiectos
1049 2837 1208 2902 hactenus
1232 2858 1293 2901 nos
1317 2836 1480 2902 excurisse
1504 2855 1570 2900 noa
1593 2834 1758 2900 credimus
1782 2838 1818 2900 et
1838 2835 1984 2902 eximere

326 2940 431 3004 nostri
454 2940 614 3026 propositi
638 2962 704 3005 non
727 2940 851 3006 existit.

433 3059 509 3126 Dat.
534 3060 697 3146 Lugduni,
720 3061 822 3126 XVII
845 3060 920 3128 Kal.
944 3060 1079 3147 Aprilis,
1103 3081 1188 3126 anno
1205 3059 1278 3125 vu.

1104 3601 1193 3676 672.

429 3715 648 3807 Irsacceotias
672 3741 730 3806 IV
740 3763 831 3824 papa
857 3742 1007 3829 [locabo]
1034 3743 1174 3825 aesopo
1199 3740 1399 3806 Baranteasi
1429 3738 1574 3816 osam,
1609 3742 1645 3803 ut
1670 3739 1802 3805 arcera
1836 3741 1984 3807 wimaro
2163 3801 2164 3806 ,

327 3847 463 3911 Sanctae
478 3844 680 3927 Margaritae
694 3844 901 3925 Mutinensis,
924 3847 980 3928 qai
1001 3846 1037 3910 in
1060 3846 1166 3911 eadem
1187 3844 1317 3910 eoelcsia
1335 3847 1465 3926 propter
1486 3845 1600 3907 erectam
1614 3841 1983 3929 Palaescamander·
2012 3870 2095 3912 «ι

322 3948 526 4037 ⁴imperatorie
547 3949 668 4014 morari
689 3968 753 4013 aare
775 3948 900 4027 audem,
924 3950 958 4014 ia
980 3950 1106 4015 civitate
1127 3950 1176 4015 vel
1197 3947 1311 4014 diocesi
1332 3966 1392 4013 sua
1414 3947 1452 4012 de
1472 3944 1669 4023 macariis,
1697 3965 1858 4029 quomque
1881 3947 2160 4019 radam>-

322 4053 469 4133 pofuerit,
488 4051 661 4133 maozileat.
1606 4048 1701 4126 1249,
1723 4047 1828 4118 Mart.
1845 4054 1897 4118 17.

430 4173 493 4226 Ian.
507 4171 556 4225 IV
569 4171 633 4241 Ray.
653 4172 711 4226 Iao.
731 4172 779 4239 VI,
797 4172 869 4240 ficte,
887 4189 916 4226 a.
929 4180 983 4226 431.

432 4257 564 4325 Pcttlrast
586 4257 648 4327 Rea.
663 4264 756 4321 13582,·
775 4258 874 4326 Bsrper
890 4264 966 4314 4423.

839 4493 877 4510 ..
907 4437 1132 4529 episcopo
1160 4433 1472 4509 Bononiensi.

435 4587 614 4653 Consuavit
637 4589 691 4674 pia
713 4594 820 4652 mater
843 4587 985 4652 ecclesia
1005 4586 1081 4651 liliis
1104 4585 1264 4672 gremium
1293 4585 1439 4671 aperire,
1468 4583 1533 4648 illis
1563 4583 1719 4670 precipue
1747 4584 1803 4669 qui
1831 4584 1924 4649 nobis
1946 4606 2058 4650 ε)
2142 4613 2157 4654 c

327 4692 505 4778 apostolice
529 4690 599 4755 sedi
622 4711 681 4777 per
703 4697 797 4775 grata
820 4690 954 4755 student
977 4688 1159 4755 devotionis
1176 4687 1354 4774 obsequiab
1371 4688 1587 4774 complacere.
1624 4685 1709 4753 Cum
1723 4686 1827 4773 igitur
1841 4687 2081 4753 dilectrtt
2104 4712 2164 4754 :u

327 4796 413 4861 tilius
429 4792 589 4860 Albertus
614 4794 791 4859 canonicus
815 4793 957 4860 ecclesie
981 4800 1093 4858 sancte
1110 4791 1288 4878 Margarita
1304 4790 1501 4857 Mutinensis
1525 4789 1649 4856 ordinis
1670 4789 1777 4856 sancti
1792 4789 2157 4878 Angustinni

327 4899 517 4986 capellanus
541 4897 740 4964 venerabilis
762 4898 872 4962 fratris
896 4898 999 4964 nostri
1023 4946 1056 4961 ..
1082 4897 1229 4983 episcopi
1253 4892 1473 4961 Sabinensis²
1495 4892 1537 4959 ob
1560 4893 1788 4973 devotionem,
1821 4914 1918 4981 quam
1938 4915 2066 4960 Β
2124 4894 2161 4959 ad

327 5025 387 5068 nos
415 5010 448 5067 et
475 5002 689 5089 apostolicam
719 5001 832 5068 sedem
860 5023 976 5087 gerere
1010 5002 1165 5077 noscitur,
1198 5004 1334 5086 propter
1362 5003 1486 5063 metum
1515 4996 1552 5063 F.
1581 4993 1745 5083 qnondam
1775 4995 2072 5082 imperator:
2112 4998 2155 5061 ris

430 5266 454 5329 ⁸)
472 5266 574 5317 Eisdem
594 5264 638 5316 It:
654 5265 683 5315 ia
699 5280 783 5330 marg.
800 5263 932 5331 trascriptio
950 5270 1065 5316 resecta
1083 5271 1127 5313 est.
1231 5258 1257 5325 b)
1276 5259 1407 5329 obsequiis
1425 5258 1457 5312 B.

431 5399 459 5469 1)
479 5397 586 5454 Fusae
605 5398 644 5453 ad
661 5399 688 5467 tl·
707 5397 787 5454 laeli.
873 5398 902 5467 2)
921 5396 1064 5465 muana,
1082 5394 1219 5466 gerontium
1239 5393 1404 5450 Meamne
1419 5391 1542 5465 atinati.
