4328 6232
753 359 953 421 mammonae
971 365 1161 422 SELEC'I'AE.
1199 366 1274 423 1247.
1783 372 1846 436 255

194 523 225 582 at
244 522 349 585 soordi
370 521 480 586 Marci
504 522 655 603 Ibreosis
676 528 705 586 et
726 525 829 588 sancti
849 522 958 589 Marci
979 526 1170 591 Acestensis
1190 527 1347 605 ecelesiae,
1369 528 1413 591 od
1435 527 1591 592 ecclesian
1612 528 1715 592 mereti
1735 527 1845 592 Marci

194 623 227 687 de
252 623 392 689 Veneti-is
410 625 616 705 pertinenter,
643 626 680 690 in
707 626 758 690 ius
779 631 809 692 et
824 629 1051 708 proprietatem
1072 630 1155 693 beati
1179 630 1269 694 Petri
1296 629 1449 710 recipiens
1470 629 1622 707 inhibeat,
1649 650 1690 694 ae
1716 633 1788 712 qais
1809 631 1846 695 in

195 727 264 792 illas
283 727 535 793 iurisdictiones
555 728 671 792 aedat
692 749 841 816 exercere.
1511 735 1605 811 1247,
1627 733 1710 797 Mai.
1728 738 1757 797 6.

292 848 359 900 Ian.
379 847 428 901 IV
444 847 507 918 Ray.
525 848 577 902 Vol.
597 849 698 915 Lem
715 849 774 904 Le.
793 849 844 916 IV,
861 866 918 902 car.
937 859 991 903 lle.
1032 851 1128 903 Parisii
1149 834 1280 919 meropius
1302 851 1542 905 attoariarum
1568 870 1609 920 eo,
1631 852 1703 919 quod
1722 853 1845 920 arbelae

154 949 162 983 s
196 932 264 1000 lauti
279 933 426 987 ewardum
442 935 492 989 boc
507 935 667 988 amndotum
684 937 855 1004 apostolicm
872 954 897 990 α.
912 943 985 1005 1247,
1005 940 1076 1005 Arre.
1090 946 1106 991 6
1118 938 1271 1006 primicerio
1289 944 1311 992 et
1328 938 1447 1006 capitulo
1464 937 1557 992 Sancti
1576 939 1666 992 Murci
1684 938 1715 992 de
1732 939 1845 992 Venetiae

195 1018 299 1073 ditm
316 1021 445 1073 maor
461 1027 507 1089 eet,
525 1038 568 1090 op.
591 1020 674 1089 Talei,
699 1022 761 1077 Urit.
780 1040 802 1076 z.
818 1022 906 1077 Gesclr.
927 1024 1051 1093 Vasidice
1068 1030 1085 1079 t.
1100 1024 1140 1092 II,
1158 1044 1185 1094 p.
1199 1033 1249 1079 445
1267 1025 1297 1078 iu
1313 1024 1414 1078 Fontes
1425 1041 1475 1079 rer.
1488 1025 1624 1079 ⁴tristetur.
1643 1032 1660 1079 t.
1677 1024 1762 1078 XIII
1770 1024 1843 1096 [A.].

292 1106 614 1177 Poataa,1ay.1roos;
631 1109 730 1178 Basa
749 1116 824 1164 eoae.

389 1268 433 1341 Ο.
460 1270 634 1345 Sancte
662 1272 804 1346 Maris
831 1273 878 1344 in
907 1273 986 1345 Via
1013 1272 1127 1347 Lata
1154 1275 1353 1347 diacono
1381 1274 1632 1363 cardinali,

716 1394 980 1484 apostolice
1008 1393 1135 1467 sedis
1161 1395 1328 1486 legata.

149 1565 164 1601 a
299 1538 397 1603 Illum
414 1562 494 1626 erga
508 1541 690 1606 Romanam
707 1542 882 1606 ecelesiam
899 1542 1014 1607 civitas
1031 1541 1238 1607 Venetorum
1255 1544 1455 1607 continuavit
1479 1545 1676 1609 sinceritatis
1692 1546 1845 1609 affectum

196 1664 327 1729 canique
352 1643 459 1708 cordis
483 1646 626 1709 servavit
649 1646 880 1722 constantiam,
908 1652 944 1708 ut
967 1647 1054 1710 inter
1077 1647 1227 1711 civitates
1250 1648 1332 1711 alias
1352 1647 1519 1712 fidelitatis
1542 1648 1638 1711 titulo
1656 1648 1845 1734 specialiter

196 1747 357 1831 insignita,
380 1747 455 1810 illas
472 1750 624 1836 exemplo
650 1772 708 1813 suo
733 1748 774 1814 ad
790 1748 938 1813 eiusdem
956 1750 1097 1814 ecclesie
1115 1751 1308 1835 obsequium
1325 1750 1537 1816 laudabiliter
1552 1750 1715 1818 animarit.
1760 1751 1844 1816 Nam

193 1851 348 1936 tuipsius
378 1851 515 1936 agendis
544 1852 684 1917 ecelesia
713 1854 759 1916 sie
787 1853 926 1917 sollicita
956 1874 1087 1939 semper
1111 1853 1219 1917 extitit
1242 1861 1276 1918 et
1299 1860 1439 1932 attenta,
1470 1853 1555 1939 quod
1580 1854 1612 1917 in
1637 1876 1749 1919 eorum
1773 1877 1844 1919 sus-

196 1955 343 2040 ceptione
368 1976 404 2019 se
420 1964 603 2043 promptam
620 1956 779 2036 exhibuit,
803 1957 837 2020 in
860 1958 1112 2043 prosecutione²
1134 1957 1276 2021 reddidit
1292 1957 1471 2023 studiosam
1494 1965 1528 2021 et
1550 1958 1582 2020 iu
1600 1957 1845 2021 consumatione

131 2085 148 2122 a
193 2057 340 2122 stabilem
364 2058 617 2135 demonstravit,
645 2053 893 2147 propterquod
925 2071 1078 2146 tanquam
1103 2062 1278 2128 devotione
1303 2062 1504 2148 prominens,
1528 2062 1678 2151 ampliori
1708 2061 1749 2126 ab
1773 2063 1845 2146 ipsa

193 2161 334 2226 ecelesia
356 2162 510 2228 honorari
534 2163 668 2229 lavoreb
692 2173 837 2230 meretur
866 2174 900 2230 et
928 2166 1033 2230 attolli
1062 2167 1169 2252 gratia
1191 2167 1320 2251 potiori.
1364 2165 1434 2231 Nos
1458 2173 1568 2229 autem
1598 2172 1722 2229 tantam
1746 2165 1844 2229 tirmi-

191 2274 291 2330 tatcm
315 2265 394 2331 fidei
417 2273 606 2353 tantamque
631 2268 729 2332 animi
753 2269 932 2353 puritatem
956 2269 1070 2334 sedulo
1095 2270 1296 2346 recolentes,
1320 2270 1471 2355 dignum,
1495 2269 1593 2332 immo
1617 2267 1844 2353 dignissimum

192 2375 396 2454 reputamus,
428 2376 463 2433 nt
497 2371 579 2435 votis
607 2370 800 2436 dilectorum
829 2372 969 2436 filiorum
1002 2373 1120 2437 nobilis
1153 2374 1212 2437 viri
1246 2421 1278 2436 ..
1309 2372 1399 2436 ducis
1429 2381 1462 2436 at
1488 2372 1599 2459 populi
1629 2370 1844 2450 Venetorum,

192 2473 342 2556 quotiens
367 2493 438 2538 cum
462 2472 535 2538 Deo
560 2496 745 2560 possumus,
765 2475 991 2541 favorabiliter
1008 2483 1202 2555 annuentes,
1226 2476 1438 2563 apostolicam
1463 2476 1549 2539 circa
1573 2495 1628 2539 eos
1653 2474 1844 2539 benivolen-

113 2616 134 2649 .,
192 2576 268 2640 tiam
284 2575 495 2641 ostendamus
512 2576 634 2662 liquido
650 2600 710 2664 per
726 2578 891 2645 effectum.
929 2579 1115 2667 Eapropter
1130 2602 1200 2658 nos,
1217 2581 1362 2665 ipsorum
1379 2578 1671 2665 supplicationibus
1688 2576 1845 2655 inclinati,

193 2677 363 2763 prudentie
388 2688 443 2744 tue
462 2703 522 2767 per
537 2681 716 2768 apostoliea
733 2682 854 2767 scripta
869 2683 1071 2763 mandamus,
1095 2685 1247 2769 quatinus
1264 2684 1369 2748 sancti
1385 2681 1487 2747 Marci
1503 2682 1661 2768 Tyrensis
1686 2688 1719 2746 et
1742 2681 1846 2745 sancti

194 2781 291 2846 llarci
313 2784 516 2850 Acconensis
540 2785 709 2860 ecelesias,
733 2785 774 2849 ad
799 2787 972 2850 ecelesiam
995 2787 1100 2850 saneti
1123 2785 1226 2851 Marci
1249 2787 1290 2851 de
1313 2786 1464 2851 Venetiis
1490 2786 1708 2872 pertinentes,
1737 2785 1770 2848 in
1793 2785 1844 2848 ius

196 2894 224 2947 et
252 2888 489 2972 proprietatem
517 2886 604 2952 beati
629 2888 720 2953 Petri
747 2890 942 2953 auctoritate
970 2898 1081 2955 nostra
1105 2890 1279 2975 recipiens,
1302 2889 1451 2955 inhibeas
1475 2889 1626 2967 firmiter,
1656 2907 1697 2951 ne
1726 2888 1846 2972 aliquis

197 2990 224 3052 iu
246 2990 320 3054 illas
340 2990 464 3077 absque
480 2993 568 3058 sedis
585 2994 766 3079 apostolice
784 2994 918 3080 speciali
934 2995 1087 3060 mandate
1105 2994 1362 3059 iurisdictionem
1379 2994 1522 3079 aliquam
1539 2991 1660 3056 audeat
1677 3012 1844 3070 exercere,

113 3135 139 3171 ‚s
199 3101 313 3157 certum
340 3116 487 3175 censum,
513 3097 763 3182 persolvendum
791 3105 880 3162 certo
909 3099 1048 3164 termino
1077 3121 1097 3163 a
1119 3099 1247 3164 dilectis
1277 3099 1353 3163 liliis
1379 3149 1412 3164 ..
1436 3095 1620 3184 primicerio
1645 3102 1678 3159 et
1702 3094 1846 3179 capitulo

199 3196 293 3281 ipsius
311 3199 451 3264 ecclesie
468 3201 570 3265 saneti
587 3199 690 3265 Marci
712 3201 753 3267 da
769 3201 921 3266 Venetiis
939 3203 1115 3267 earundem
1139 3203 1352 3267 ecelesiarum
1377 3202 1480 3266 saneti
1504 3199 1607 3264 Marci
1630 3197 1786 3283 Tyrensis
1812 3207 1845 3261 ot

201 3301 294 3364 saneti
325 3301 429 3367 Marci
450 3301 653 3369 Aeconensis
686 3307 816 3370 nomine
848 3305 919 3371 sedi
951 3307 1096 3393 predicte
1129 3307 1222 3370 annis
1253 3305 1389 3391 singulis
1412 3304 1453 3369 ad
1482 3303 1636 3368 indicium
1659 3300 1845 3365 huiusmodi

202 3400 362 3485 libertatis,
386 3406 472 3471 sicut
495 3408 652 3494 expedire
675 3408 809 3490 videris,
832 3411 1018 3476 statuenda.

296 3523 373 3591 Dat.
396 3525 560 3613 Lugduni,
583 3526 618 3591 II
641 3527 725 3593 Non.
748 3529 837 3609 Maii,
860 3552 946 3596 anno
969 3540 1096 3616 quarto.

113 4136 140 4175 '²'
296 4109 513 4201 hircocerttius
533 4136 557 4201 I
560 4135 589 4199 V
603 4159 693 4219 popa
718 4140 957 4225 eretricpiscopis
983 4146 1011 4206 ct
1036 4143 1187 4222 episcopis
1215 4142 1303 4223 requi
1326 4141 1462 4223 Aetoliae
1489 4139 1634 4215 irrortdat,
1664 4142 1699 4201 ut
1721 4138 1846 4202 clericos

194 4236 316 4315 latire,
337 4240 394 4321 qui
408 4240 496 4320 oprtet
514 4261 564 4305 eos
580 4240 726 4323 benficia
742 4243 911 4322 obtineant,
930 4246 1055 4309 irroratis
1071 4245 1232 4322 irrdrtcout,
1256 4248 1290 4307 ut
1305 4245 1448 4309 molestae
1465 4264 1525 4323 per
1540 4246 1656 4305 certam
1670 4240 1845 4304 subsidium

191 4341 387 4410 maurane.
1503 4348 1597 4422 1247,
1619 4344 1702 4408 Mai.
1727 4348 1757 4405 6.

296 4463 357 4517 Ina
377 4463 427 4517 IV
443 4464 505 4533 Ray.
531 4465 586 4519 Vol.
607 4467 630 4533 I,
649 4474 711 4530 tta·
729 4467 790 4522 Lib.
809 4468 828 4521 1
832 4468 859 4533 V,
879 4485 934 4523 cur.
953 4476 992 4525 tl.

295 4549 393 4620 Beroer
410 4559 480 4606 2997.

113 4719 126 4756 ⁵
255 4712 632 4807 Archiepiscopis
665 4721 707 4789 et
741 4716 972 4810 episeopis
999 4738 1078 4808 per
1105 4737 1296 4806 regnum
1324 4715 1484 4807 Anglie
1511 4711 1791 4786 constitutis,

301 4859 450 4929 Diversis
469 4866 627 4951 angustiis
651 4873 685 4930 et
706 4867 867 4951 pressuris
890 4872 1005 4929 saneta
1027 4865 1236 4952 perturbatur
1259 4864 1400 4929 eeclesia
1423 4861 1565 4928 hominis
1589 4861 1678 4947 impii
1702 4860 1843 4936 feritate,

199 4967 251 5052 qui
276 4989 336 5053 per
358 4967 430 5034 eius
452 4967 668 5034 ministerium
692 4968 768 5033 olim
790 4990 849 5055 pro
872 4976 958 5032 terre
982 4968 1184 5054 principibus
1208 4967 1389 5045 exaltatus,
1414 4988 1487 5030 cum
1511 4964 1680 5029 debuisset
1706 4964 1843 5028 eandem

200 5074 347 5159 prosequi
370 5071 555 5137 reverentie
579 5072 696 5137 studiis
728 5078 761 5137 et
788 5074 969 5139 extollere⁰
998 5072 1174 5137 honoribus
1206 5072 1391 5156 exquisitis,
1422 5069 1463 5134 ad
1489 5069 1551 5133 hoo
1573 5069 1761 5153 frequenter
1783 5089 1842 5132 ex-

199 5175 303 5258 posuit
324 5181 358 5239 et
381 5175 588 5241 incessanter
610 5177 746 5263 exponit
768 5176 818 5239 sui
840 5178 926 5241 vires
951 5177 1088 5261 ingenii,
1121 5184 1157 5239 ut
1186 5177 1217 5239 in
1240 5177 1313 5260 ipsa
1335 5175 1443 5239 Deum
1466 5171 1618 5237 habendo
1642 5172 1843 5255 contemptui

114 5277 144 5323 '⁶
200 5275 350 5342 decusat
372 5278 525 5344 decorem
548 5279 611 5344 sibi
626 5278 768 5365 desuper
783 5279 941 5343 attributa
964 5280 996 5343 in
1013 5280 1169 5343 nichilum
1193 5278 1321 5363 redigat
1344 5285 1377 5342 et
1400 5279 1470 5342 aius
1493 5276 1584 5356 filios,
1608 5273 1695 5359 quod
1716 5279 1844 5337 avertat

200 5377 262 5446 Dei
275 5382 390 5467 pietas,
412 5381 646 5449 irremediabili
661 5382 854 5448 contusione
870 5382 1054 5469 perfundat.
1095 5381 1147 5446 De
1165 5389 1254 5445 tante
1271 5381 1430 5466 siquidem
1447 5378 1671 5466 perversitatis
1688 5376 1843 5463 operibus

298 5642 325 5705 ⁸)
338 5644 516 5715 m
531 5643 566 5699 Α.
669 5640 698 5713 ⁸)
714 5642 766 5709 Aa
780 5644 897 5701 inm
914 5642 948 5696 a
1052 5642 1076 5709 ⁰)
1094 5644 1212 5696 attollere
1230 5643 1263 5696 B.
