4328 6232
65 1420 81 1455 5

681 361 882 424 balatonna
899 362 1090 424 SELEC'PAE.
1128 364 1202 424 1243.
1729 370 1764 436 21

225 541 263 607 In
286 542 427 607 eundem
444 542 576 608 modum
593 543 718 609 eisdem
731 542 1004 609 Oracoviensibus
1020 565 1079 630 per
1096 543 1349 609 Oracovionsem
1368 543 1535 609 civitatem
1552 551 1585 610 et
1600 544 1770 610 diocesim.

224 645 264 710 In
288 645 428 710 eundem
457 647 587 711 modum
618 647 742 712 eisdem
765 646 1097 712 Wratislaviensibus
1128 669 1189 733 per
1211 646 1518 713 wratislaviensem
1547 650 1714 715 ciuitatem
1737 656 1771 714 et

131 749 287 814 diocesim.
928 832 931 845 ἱ

223 849 262 915 In
286 852 426 916 eundem
450 853 581 918 modum
605 853 729 919 eisdem
753 854 794 919 de
817 852 936 918 Wisbu
961 855 1224 942 Lingacopensis
1248 854 1391 920 diocesis
1415 876 1475 940 per
1499 855 1721 921 Gotlcndiam.

916 1291 976 1364 25.

222 1384 441 1478 Innocentius
456 1410 513 1477 IV
526 1432 617 1492 papa
638 1411 785 1476 Athenion
811 1412 849 1475 de
871 1412 1016 1476 Romano
1044 1415 1073 1475 ct
1093 1411 1261 1494 Biaqnino
1287 1412 1324 1478 de
1354 1413 1486 1479 Caenina
1511 1414 1718 1495 potestatibus
1745 1419 1774 1480 et

129 1518 271 1580 manuni
296 1515 470 1580 Tarvisinis
497 1515 627 1578 nuntiat
655 1534 687 1578 se
709 1535 758 1592 ca,
788 1535 868 1596 qnae
890 1516 983 1580 Alea.
1006 1515 1044 1578 de
1066 1513 1162 1578 Rusio
1187 1515 1385 1580 ambassator
1406 1536 1512 1581 omnm
1538 1518 1600 1583 sibi
1621 1518 1772 1594 retulerit,

129 1619 248 1682 titerstcr
273 1619 446 1695 audivisse,
476 1638 584 1698 cosque
611 1617 765 1696 bortatur,
792 1623 828 1679 at
857 1618 891 1681 in
919 1618 1077 1683 (levatione
1098 1618 1182 1681 sedis
1203 1621 1390 1699 apostolicae
1409 1626 1631 1701 permaneant,
1661 1622 1773 1685 scitari

129 1725 274 1788 eclesiam
290 1743 402 1805 pacem
424 1743 494 1788 mm
511 1723 657 1804 panope
679 1723 834 1786 inituram
857 1743 920 1786 non
943 1742 1018 1800 csse,
1040 1723 1107 1786 nisi
1129 1742 1209 1802 qnae
1231 1722 1292 1786 sibi
1315 1727 1343 1785 ct
1365 1724 1445 1804 ipsis
1467 1725 1622 1805 expediat.

1415 1829 1509 1905 1243,
1533 1827 1618 1908 sas.
1633 1830 1687 1891 27.

223 1911 289 1965 ran.
303 1911 351 1965 ru
367 1910 428 1980 roy.
447 1909 538 1978 Vota
557 1917 603 1977 aa·
621 1909 681 1964 us.
695 1909 719 1976 1,
739 1915 791 1964 aa.

222 1999 388 2068 aspera.

127 2192 363 2271 Nobilibus
392 2193 528 2267 viris·
554 2193 763 2268 Alberico
798 2194 850 2267 de
876 2195 1101 2287 Romania
1125 2200 1170 2267 et
1195 2180 1431 2286 Bisquino'
1457 2194 1508 2267 de
1537 2188 1776 2267 Caminobl

479 2315 795 2406 potestatibus
822 2319 864 2387 et
892 2315 1115 2387 communi
1143 2314 1412 2388 tervisinis.

226 2465 361 2530 Sincere
379 2464 572 2543 devotionis,
596 2485 692 2548 quam
710 2484 841 2549 semper
856 2464 943 2528 circa
957 2462 1139 2528 Romanam
1155 2465 1304 2549 gessistis
1320 2463 1507 2546 ecclesiam,
1531 2469 1565 2528 ct
1580 2465 1776 2531 inconcusse

80 2614 83 2621 .
125 2558 312 2645 constantie,
335 2589 400 2654 qua
421 2567 469 2632 illi
492 2567 645 2632 continue
668 2568 829 2646 astitistis,
852 2587 916 2631 non
941 2587 1052 2630 sumus
1073 2567 1292 2643 immemores,
1315 2588 1376 2631 nec
1399 2566 1613 2653 dampnorum
1636 2569 1777 2655 pluriam

72 4663 89 4701 u

123 2674 320 2758 aliorumque
344 2673 583 2757 gravaminum,
604 2693 667 2758 que
691 2692 748 2757 pro
771 2671 844 2756 ipsa
867 2671 957 2756 passi
980 2670 1060 2734 estis
1084 2671 1236 2752 ecclesia,
1258 2691 1434 2758 possumus
1457 2671 1622 2748 oblivisci;
1646 2679 1696 2737 set
1716 2673 1778 2738 hcc

123 2778 226 2842 omnia
249 2777 359 2862 sepius
382 2776 578 2856 recolentes,
601 2782 635 2839 et
657 2775 836 2861 apostolice
861 2773 949 2838 sedis
974 2773 1085 2838 favore
1102 2795 1160 2837 vos
1183 2773 1300 2859 dignos
1317 2775 1524 2858 agnoscimus
1541 2781 1573 2839 ct
1589 2776 1658 2840 eius
1673 2775 1775 2841 bene-

123 2881 200 2946 ficiis
217 2901 275 2945 vos
292 2900 465 2944 censemus
481 2878 669 2965 specialiter
685 2877 899 2953 attollendam
915 2899 953 2942 ac
970 2878 1157 2943 dilectionis
1173 2880 1383 2964 prerogativa
1399 2880 1620 2944 sinceritatem
1636 2887 1778 2945 vestram

122 2989 354 3070 prosequentes
385 2988 419 3045 et
451 2984 572 3067 gratie,
607 2981 820 3068 petitionibus
854 2982 971 3045 vestris
1006 2981 1151 3045 auditum
1187 2980 1366 3068 benignum
1397 2982 1615 3068 impendimus
1642 2991 1676 3049 et
1703 3005 1776 3048 cnm

123 3086 254 3173 expedit
285 3085 490 3151 admissionis
523 3090 653 3150 ianuam
686 3084 866 3151 liberaliter
897 3086 1078 3172 aperimus,
1112 3085 1144 3150 id
1178 3086 1271 3151 firmo
1306 3086 1514 3151 intendentes
1544 3082 1711 3173 proposito
1744 3094 1778 3153 et

123 3191 300 3256 intentione
323 3189 433 3254 stabili
455 3196 693 3276 proponentes,
721 3191 765 3253 ut'
786 3190 873 3253 circa
900 3191 1001 3254 vestri
1031 3189 1159 3254 comodi
1191 3195 1224 3253 et
1248 3189 1380 3253 honoris
1407 3196 1618 3274 augmentum
1649 3191 1778 3254 solliciti

123 3306 154 3357 et
184 3293 303 3378 vigiles
343 3293 523 3357 existamus
558 3299 592 3357 et
626 3291 816 3357 studeamus
849 3292 943 3357 vobis
984 3313 1042 3377 pro
1076 3293 1201 3356 meritis
1241 3293 1313 3356 loeo
1346 3298 1379 3357 ct
1413 3298 1561 3378 temporo
1601 3292 1779 3357 honorilice

123 3394 350 3482 respondere².
405 3395 491 3461 Sane
521 3394 662 3460 dilectus
695 3396 781 3461 filius
813 3396 909 3461 Alex.
933 3396 975 3462 de
998 3397 1099 3461 Resio
1130 3397 1337 3461 ambassator
1365 3404 1474 3462 vester
1503 3418 1608 3483 nuper
1636 3396 1677 3461 ad
1704 3418 1779 3482 pre-

124 3500 257 3564 sentiam
278 3504 424 3563 nostram
439 3499 600 3564 accedens
620 3505 742 3563 statum
758 3505 914 3578 vestrum,
939 3505 972 3563 et
995 3519 1058 3585 que
1080 3498 1141 3564 sibi
1164 3521 1184 3564 c
1204 3501 1295 3564 robis
1318 3501 1491 3564 commissa
1513 3499 1616 3565 luisse
1639 3500 1779 3581 dicebat,

125 3600 262 3667 fideliter
284 3601 380 3666 nobis
404 3603 515 3667 retulit
538 3610 572 3668 et
595 3601 789 3689 prudenter,
813 3623 938 3688 nosque
962 3609 1090 3686 gratum
1114 3601 1276 3667 babentes
1300 3603 1371 3667 eius
1394 3601 1587 3683 adventum,
1616 3624 1679 3688 que
1703 3623 1778 3690 pro-

125 3706 229 3790 posuit
264 3727 306 3770 ex
338 3716 432 3792 parto
459 3711 569 3771 vestra
599 3706 742 3772 libenter
769 3705 966 3786 audivimus,
1001 3707 1102 3791 ipsius
1131 3705 1229 3772 fidem
1261 3712 1295 3770 ot
1322 3705 1527 3790 diligentiam
1555 3705 1780 3792 multipliciter

125 3809 398 3874 commendantes.
439 3808 563 3874 Verum
584 3811 661 3895 quia
681 3809 877 3895 prudentum
895 3814 944 3872 est
967 3808 1007 3873 dc
1024 3809 1144 3874 virtute
1167 3830 1317 3874 crescere
1340 3810 1374 3873 in
1389 3809 1552 3887 virtutem,
1575 3808 1780 3873 nobilitatem

125 3920 263 3977 vestram
280 3933 460 3992 monemus,
484 3933 636 3998 rogamus
661 3920 695 3978 et
710 3913 879 3977 hortamur
894 3917 1029 3990 attente,
1054 3934 1113 3997 per
1129 3913 1310 4000 apostolica
1325 3911 1420 3978 vobis
1436 3913 1558 3998 scripta
1573 3909 1780 3990 mandantes,

126 4017 274 4100 quatinus
297 4016 328 4080 in
354 4017 451 4081 solita
467 4016 615 4082 eiusdem
638 4016 725 4080 sedis
741 4016 916 4081 devotione
934 4015 1067 4078 firmiter
1082 4022 1324 4102 permanentes,
1348 4017 1450 4103 ipsius
1467 4015 1632 4102 obsequiis
1648 4013 1779 4078 assidue

128 4120 306 4205 promptius
335 4124 368 4184 et
396 4119 561 4184 efficacius
585 4120 761 4199 insistatis,
794 4127 829 4183 ut
853 4118 986 4182 uberius
1011 4118 1081 4182 eius
1104 4121 1261 4205 gratiam,
1293 4120 1370 4184 licet
1398 4119 1581 4184 adiectione
1611 4116 1779 4203 plenitudo

126 4243 186 4287 nou
210 4228 324 4307 egeat,
353 4223 546 4287 mereamini
575 4230 609 4286 et
636 4223 795 4295 savorem;
830 4221 943 4284 scituri
972 4221 1055 4306 quod
1086 4231 1382 4309 quantumcumque
1416 4244 1515 4308 super
1545 4220 1779 4285 reformatione

126 4327 211 4411 pacis
240 4326 328 4390 inter
350 4327 527 4391 ecclesiam
556 4332 589 4389 et
616 4325 795 4411 principem
829 4324 977 4388 videatur
1007 4323 1122 4389 haberi
1145 4333 1318 4406 tractatus,
1348 4347 1421 4391 eam
1445 4325 1614 4390 vobiscum
1646 4330 1679 4387 et
1708 4344 1780 4386 cum

126 4430 192 4494 aliis
222 4429 326 4515 ipsius
354 4428 495 4494 ecclesie
520 4428 665 4508 devotis,
699 4434 795 4514 prout
826 4427 932 4492 cidem
956 4428 1113 4508 ecclesie,
1141 4428 1235 4492 vobis
1259 4430 1379 4493 stillis
1403 4428 1561 4515 expedire
1587 4425 1776 4506 viderimus,

126 4542 155 4597 et
177 4554 241 4598 non
266 4533 372 4614 aliter,
396 4533 577 4596 inteream
602 4538 635 4596 et
657 4531 781 4595 dictum
805 4532 986 4618 prinoipem
1011 4531 1210 4596 intendimus
1235 4533 1424 4596 reformare.

231 4652 308 4718 Dat.
334 4654 495 4740 Anagnia,
522 4653 552 4718 V
575 4653 652 4718 Kal.
675 4652 838 4735 Octobris,
862 4675 947 4718 anno
970 4655 1086 4741 primo.

923 5071 983 5148 26.

223 5166 446 5264 Innocentius
468 5197 522 5264 IV
535 5220 626 5280 papa
646 5197 808 5279 potestati,
841 5199 970 5263 consitio
1000 5201 1030 5263 ct
1050 5195 1169 5280 populo
1191 5193 1403 5282 Radtcofanis
1431 5195 1597 5275 confirmat
1623 5214 1674 5271 ea,
1703 5214 1783 5275 perae

122 5302 270 5389 καρίδων
291 5301 554 5369 Bartholomaeus
582 5303 729 5366 noar-ars
756 5321 833 5367 sans
859 5303 983 5366 nomino
1008 5301 1173 5386 G[reporii
1188 5300 1259 5384 IX]
1276 5319 1381 5381 papae
1403 5303 1433 5362 et
1453 5297 1597 5362 adame
1619 5296 1783 5360 Ronmnm

233 5462 544 5472 „---.0--..--—--—
559 5464 590 5469 --
617 5464 667 5469 ..η
703 5464 750 5468 ---
855 5464 1023 5469 ..—-..
1104 5464 1147 5468 .-.

221 5562 248 5628 Ι)
268 5560 358 5615 ΝΜ
372 5562 432 5612 νὴ
441 5560 473 5617 P.
484 5570 510 5616 et
519 5561 568 5626 Β.)
585 5564 632 5615 No.
652 5564 686 5615 vi.
699 5562 731 5614 B.
746 5561 837 5613 ΜΛΝ.
926 5561 952 5628 b)
971 5565 1062 5615 (tamin
1074 5564 1106 5615 a.

223 5677 292 5753 1)]
520 5674 638 5737 amaa
708 5680 736 5748 2)
756 5678 798 5746 Os.
818 5679 1191 5749 memonasterium
1208 5677 1404 5734 Mammea.
