4328 6232
780 343 980 400 EPISTOLAE
998 345 1188 401 amacura.
1225 346 1299 401 124⁷.
1802 348 1864 410 30³

214 536 328 599 possm
364 516 563 581 scabinoram
601 517 832 583 Coloniensiom
867 519 1105 602 prmnohatas,
1140 540 1216 600 quos
1252 517 1473 603 Homericos]
1505 517 1662 599 quondam
1699 518 1867 600 inperator

213 640 236 684 o
256 620 383 686 deitate
408 619 585 686 Coloniensi
607 622 722 702 expetii
746 621 879 698 iusserit,
902 621 1063 687 obseraori
1079 623 1194 710 faciat.
1523 625 1615 703 1247,
1638 622 1703 687 Iol.
1726 625 1779 689 30.

318 741 382 795 aa
400 739 449 794 rv
464 739 526 809 aa.
545 741 601 798 vo.
620 741 724 810 rora·
744 741 804 798 raa.
831 741 912 810 aas.

317 829 413 899 aaa
428 835 498 886 aa.

681 1013 689 1031 .
719 1014 728 1032 .
757 957 1096 1049 archiepiscopo
1124 959 1391 1051 Magantino.

322 1106 473 1172 Dilectus
509 1108 592 1172 lilius
627 1105 850 1173 Theodericus
883 1105 924 1170 de
961 1106 1192 1192 Molengassen
1230 1108 1309 1172 civis
1343 1115 1376 1172 et
1410 1106 1562 1171 scabinus
1596 1107 1798 1171 Coloniensis
1832 1108 1863 1171 in

213 1217 327 1276 nostra
349 1213 517 1298 proposuit
540 1211 707 1298 presentia
730 1213 944 1291 constitutus,
975 1211 1074 1297 quod,
1093 1209 1131 1274 F.
1156 1209 1318 1297 quondam
1342 1211 1536 1296 imperator,
1559 1209 1732 1276 attendens
1756 1211 1862 1297 ipsum

213 1320 248 1381 et
282 1313 462 1380 Henricum
496 1316 630 1381 fratrem
666 1337 760 1380 suurn
795 1321 905 1380 contra
932 1337 1006 1379 eum
1037 1337 1094 1401 pro
1125 1313 1317 1379 defensione
1340 1313 1416 1379 fidei
1439 1336 1478 1378 ac
1502 1315 1641 1379 ecclesie
1664 1314 1734 1379 fore
1758 1314 1863 1378 crucis

215 1425 382 1484 caractere
406 1418 579 1507 insignitos
602 1427 635 1485 et
658 1422 800 1507 ipsorum
831 1441 910 1504 erga
931 1418 1112 1483 Romanam
1142 1418 1316 1482 ecclesiam
1339 1417 1546 1483 devotionem
1569 1419 1715 1490 fervere,
1744 1440 1782 1483 ac
1805 1440 1865 1504 per

214 1522 277 1588 hoc
308 1523 349 1588 ad
372 1524 587 1590 imitationem
616 1525 723 1607 illius,
758 1525 812 1611 qui
847 1525 964 1609 lugens
992 1522 1219 1587 miserabiliter
1243 1545 1352 1587 casum
1377 1545 1471 1588 suum
1495 1532 1528 1587 et
1556 1521 1705 1587 invidens
1732 1521 1864 1602 homini,

214 1648 311 1714 quern
334 1627 519 1693 considerat
542 1629 647 1693 locum
671 1651 691 1694 a
714 1650 776 1715 quo
800 1629 871 1714 ipsc
895 1627 1060 1693 ceciderat
1083 1628 1307 1707 obtenturum,
1337 1628 1474 1692 salutem
1500 1626 1673 1690 humanam
1697 1626 1863 1712 impedit⁸,

214 1730 409 1817 quandoque
437 1731 520 1796 sicut
554 1733 605 1798 leo
634 1731 831 1797 desevicndo
866 1738 978 1818 aperte
1014 1752 1053 1795 ac
1082 1731 1244 1796 interdum
1276 1739 1312 1795 ut
1339 1729 1436 1796 draco
1465 1753 1507 1796 cx
1533 1731 1658 1795 insidiis
1690 1730 1863 1809 moliendo,

216 1840 370 1920 satagens
398 1856 456 1899 eos
484 1835 526 1900 ab
559 1836 703 1922 ipsorum
734 1835 899 1923 proposito
934 1857 1105 1911 revocare,
1129 1834 1308 1916 iudicibus,
1332 1834 1474 1900 scabinis
1498 1841 1530 1899 et
1554 1835 1715 1898 universis
1739 1835 1864 1899 civibus

215 1935 467 2003 Coloniensibus
489 1960 566 2002 snas
589 1938 711 2005 direxit
733 1940 898 2020 litteras¹,
923 1941 1141 2017 continentes,
1169 1947 1206 2004 ut
1240 1940 1373 2006 eosdem
1397 1939 1433 2008 Τ.
1463 1962 1501 2004 ac
1528 1940 1661 2004 fratrem
1684 1938 1725 2004 ab
1753 1960 1864 2003 eorum

135 2080 137 2087 ,
217 2042 380 2106 consortio
415 2049 628 2128 segregantes
664 2043 705 2108 ad
739 2043 848 2129 aliqua
883 2044 991 2109 officia
1014 2044 1066 2108 vel
1095 2043 1137 2108 ad
1164 2042 1332 2108 dictandas
1360 2044 1540 2108 sententias
1564 2043 1770 2128 aliquatenus
1799 2064 1863 2106 non

213 2143 457 2225 admitterentb,
487 2153 521 2210 et
547 2147 689 2233 prolatas
723 2169 782 2232 per
817 2169 872 2211 eos
907 2147 1085 2213 sententias
1115 2146 1222 2211 nullas
1252 2154 1285 2211 et
1315 2146 1424 2212 irritas
1451 2147 1654 2228 nuntiantes,
1683 2168 1703 2210 a
1731 2147 1863 2213 civitate

215 2247 406 2313 Coloniensi
432 2248 470 2313 Τ.
502 2271 540 2314 ac
572 2251 706 2315 fratrem
741 2251 946 2337 expellerent
979 2249 1192 2336 supradictos.
1250 2248 1317 2315 Sed
1339 2249 1535 2315 venerabilis
1562 2249 1662 2315 irater
1690 2256 1802 2316 noster
1826 2302 1864 2318 ..

214 2351 476 2439 archiepiscopus
511 2351 731 2432 Coloniensis,
771 2359 893 2418 tactum
929 2353 1124 2418 contrarium
1161 2355 1195 2418 in
1229 2375 1303 2435 eos,
1339 2373 1420 2438 quos
1458 2353 1517 2417 sub
1561 2374 1620 2417 sua
1657 2355 1861 2440 protectione

215 2462 418 2543 susceperat,
452 2457 538 2524 ferre
572 2479 634 2522 non
662 2459 777 2523 valens
810 2479 849 2522 ac
876 2458 977 2544 ipsius
1006 2457 1225 2543 persecutoris
1252 2478 1369 2544 pravos
1398 2456 1522 2522 elidens
1558 2464 1708 2538 conatus,
1739 2454 1863 2524 eisdem

216 2558 386 2641 indicibus,
411 2561 551 2627 scabinis
575 2566 608 2626 et
630 2561 755 2625 civibus
780 2561 919 2625 inhibuit
942 2560 1001 2624 sub
1030 2582 1117 2647 pena
1140 2560 1486 2626 excommunicationis
1510 2561 1672 2627 sententie
1697 2562 1762 2626 iam
1786 2582 1862 2648 pro-

215 2661 295 2744 late,
331 2683 375 2728 ne
409 2661 451 2729 ad
484 2663 677 2728 electionem
712 2663 918 2728 scabinorum
954 2671 987 2729 et
1021 2665 1154 2728 aliorum
1183 2664 1364 2729 officiorum
1391 2663 1628 2730 ordinationem
1659 2665 1864 2750 aliquatenus

218 2764 442 2852 procederent,
476 2767 538 2831 nisi
570 2767 695 2832 vocatis
728 2767 875 2853 legitime
910 2766 1064 2853 predictis
1092 2767 1129 2832 Τ.
1164 2788 1203 2832 ae
1232 2767 1276 2832 H.
1303 2766 1480 2849 fratribus,
1512 2788 1647 2853 quorum
1683 2768 1865 2833 dinoscitur

217 2870 387 2953 interesse,
404 2869 609 2937 decernendo
631 2872 759 2937 irritum
783 2878 815 2936 et
838 2872 946 2951 inane,
971 2872 999 2935 si
1015 2893 1109 2937 secus
1126 2871 1265 2936 forsitan
1288 2877 1531 2959 attemptarent,
1555 2878 1589 2937 et
1612 2892 1723 2937 carere
1747 2871 1863 2936 robore

217 2973 393 3055 firmitatis,
423 2995 461 3040 ac
490 2996 551 3062 per
581 2994 783 3062 consequens
815 2977 865 3041 ius
895 2973 1038 3061 eligendi
1066 2975 1217 3041 scabinos
1245 2981 1278 3041 et
1305 2976 1370 3041 alia
1397 2975 1504 3040 officia
1537 2975 1708 3041 ordinandi
1730 2976 1798 3041 lore
1822 2977 1862 3042 ad

135 3093 160 3131 ⁵
219 3074 321 3144 dictos
345 3078 465 3144 fratres
488 3078 713 3145 tantummodo
737 3080 935 3147 devolutum.
981 3080 1089 3154 Quare
1113 3080 1207 3145 nobis
1231 3080 1316 3144 idem
1340 3079 1378 3147 Τ.
1402 3080 1569 3145 humiliter
1592 3080 1805 3166 supplicavit,
1828 3087 1864 3145 ut

216 3181 299 3267 qnod
332 3182 374 3247 ab
403 3181 520 3248 eodem
550 3183 796 3270 archiepiscopo
822 3182 944 3247 lactum
975 3188 1026 3247 est
1054 3184 1087 3247 in
1117 3182 1178 3247 hac
1201 3191 1309 3269 parte,
1341 3183 1520 3268 apostolico
1549 3204 1735 3249 curaremus
1757 3185 1863 3250 muni-

211 3286 298 3353 mine
321 3284 489 3354 roborare.
536 3287 620 3362 Quia
642 3309 720 3353 vero
743 3287 877 3372 dignum
900 3293 961 3367 est,
985 3293 1020 3350 ut
1042 3287 1153 3352 devoti
1177 3308 1220 3352 ex
1235 3286 1410 3353 devotione
1431 3287 1572 3352 fructum
1596 3294 1629 3352 et
1652 3287 1795 3352 indevoti
1820 3309 1863 3352 ex

208 3388 418 3457 indevotione
451 3391 608 3457 iacturam
631 3397 815 3478 reportent,
849 3412 927 3471 nos,
957 3412 1147 3478 processum
1175 3390 1252 3455 dicti
1275 3391 1529 3478 archiepiscopi,
1553 3393 1637 3457 sicut
1655 3398 1706 3457 est
1728 3392 1862 3478 provide

203 3514 312 3582 super
340 3492 403 3559 hoc
432 3493 577 3578 habitus,
609 3502 714 3562 ratum
743 3501 776 3561 et
804 3501 933 3581 gratum
963 3493 1137 3576 habentes,
1161 3493 1370 3576 mandamus,
1398 3497 1550 3582 quatinus
1580 3496 1681 3561 iacias
1706 3517 1779 3561 eum
1803 3515 1862 3584 per

135 3616 137 3632 ¹
205 3616 388 3665 censuram
411 3598 670 3667 ecclesiasticam
693 3599 912 3687 appellatione
935 3605 1063 3664 remota
1085 3599 1221 3665 firmiter
1243 3600 1420 3668 observari.

320 3714 399 3784 Dat.
422 3719 585 3806 Lugduni,
608 3720 662 3786 III
685 3719 760 3788 Kal.
783 3721 937 3806 Augusti,
960 3741 1045 3784 anno
1062 3720 1118 3787 V0.

834 3949 1244 3959 —m

996 4161 1083 4235 418.

320 4273 538 4369 Innocentius
562 4302 620 4367 IV
643 4323 731 4384 popa
765 4302 943 4367 consolidas
965 4307 994 4366 ct
1014 4304 1216 4368 universitati
1237 4301 1520 4386 Arpmtiaensibos
1541 4302 1705 4382 contiromt
1725 4298 1863 4379 diplorno

204 4405 352 4473 Batrioi
373 4406 440 4472 ΙΙΙ
457 4407 592 4490 episcopi
612 4410 642 4471 et
663 4406 795 4487 capitati
816 4407 1097 4489 Argentineosiom
1118 4429 1149 4472 a.
1174 4410 1267 4485 1247,
1289 4407 1373 4471 Mai.
1390 4410 1409 4469 1
1432 4405 1548 4482 dotem
1563 4424 1624 4486 quo
1639 4403 1732 4468 iidem
1747 4423 1810 4483 pro
1830 4423 1863 4467 ae

198 4514 245 4576 ct
262 4509 488 4576 summitas
508 4511 576 4574 sais
594 4510 822 4592 prandeant,
849 4530 881 4574 se
902 4509 1097 4575 advocatiam
1125 4510 1262 4575 civitatis
1284 4530 1449 4592 nunquam
1471 4509 1666 4590 imperatori,
1689 4507 1768 4590 rapi,
1791 4506 1864 4570 daci

204 4615 264 4680 vet
277 4614 366 4697 proli
387 4633 494 4678 mrum
515 4631 711 4678 moccsmros
732 4631 805 4678 csse.
1521 4615 1614 4691 124⁷,
1637 4613 1720 4694 Aua.
1744 4614 1773 4678 5.

318 4735 382 4789 Ina.
401 4732 453 4787 IV
467 4733 530 4802 Rq.
549 4733 604 4787 Vol.
624 4732 653 4799 Ι,
676 4739 740 4795 447;
762 4731 822 4785 Lab.
841 4732 870 4800 V,
889 4741 928 4787 66.
966 4733 1064 4786 Pertrii
1082 4734 1215 4802 mospius
1230 4735 1391 4790 malimus
1411 4751 1473 4790 cant
1495 4733 1600 4788 dnobus
1621 4732 1778 4787 anatomicis
1795 4732 1862 4805 [Ar

199 4819 371 4892 «AaJas
392 4818 1232 4888 tta.oasnorsoraobapt.1,p.aaa‚o.srraoo.

317 4906 418 4976 sape
427 4913 496 4962 3115.

439 5034 736 5109 Consulibus
764 5040 809 5108 et
837 5036 1157 5111 universitati
1183 5039 1641 5131 Argentinensibus

325 5189 407 5254 (lum
430 5186 487 5268 hii,
510 5187 564 5273 qui
588 5207 622 5250 se
645 5186 825 5273 apostolice
848 5184 917 5251 sedi
940 5193 1032 5271 grate
1056 5187 1235 5254 devotionis
1266 5188 1372 5255 studio
1395 5189 1552 5254 amabiles
1576 5188 1749 5266 exhibent,
1774 5187 1860 5253 sedis

221 5292 363 5359 eiusdem
391 5292 562 5357 obtinere⁰
583 5291 728 5357 levorem
761 5290 935 5377 specialius
968 5298 1177 5375 mereantur,
1200 5315 1280 5376 nos,
1308 5301 1416 5359 vestra
1446 5293 1593 5370 servitia,
1628 5311 1692 5377 que
1714 5290 1861 5355 Romane

1651 5432 1756 5441 —--·--=

319 5519 343 5585 Ι)
360 5519 485 5588 impendit
502 5517 535 5570 B.
638 5515 664 5584 b)
682 5518 818 5570 admittant
835 5515 868 5570 R.
972 5518 995 5583 ⁰)
1013 5521 1128 5586 optinere
1146 5520 1178 5571 A.

320 5639 346 5707 l)
365 5636 527 5693 θοῐωιίαιοίο
543 5634 634 5692 aeta
653 5636 805 5707 ιἰιψπαὲοή
823 5642 880 5693 torn
895 5637 1063 5708 sambahcs.
1082 5637 1308 5708 Rama-rusa,
1328 5638 1344 5692 t.
1362 5653 1382 5694 c.
1402 5647 1479 5696 4890.
