4784 6334
466 431 529 494 442
968 423 1017 480 ΕΧ
1037 424 1255 481 INNOCEN'I'II
1274 424 1312 480 IV
1332 423 1514 480 lchilS'lllO

465 602 594 665 votione
622 601 764 665 ecclesie
792 622 830 664 ac
858 602 970 665 t'avore
999 607 1032 664 et
1063 621 1123 686 per
1145 621 1203 664 voa
1226 599 1332 665 cidem
1356 607 1443 664 terre
1466 601 1662 664 auctoritate
1685 600 1866 685 apostolica
1888 601 2116 664 confirmamus

465 710 499 767 et
532 703 695 788 presentis
730 703 842 789 scripti
875 703 1056 790 patrocinio
1090 704 1339 769 communimus.
1396 700 1486 766 Nulli
1521 723 1599 788 ergo
1635 702 1765 768 omnino
1797 708 1858 768 etc.
1894 710 2004 768 nostre
2038 725 2115 768 con·

464 806 654 872 firmationis
678 813 740 873 etc.

571 928 648 994 Dat.
672 928 835 1014 Lugduni,
859 928 893 993 ΙΙ
916 927 966 996 Id.
987 928 1193 1008 Decembris,
1217 949 1302 993 anno
1318 928 1382 994 VI⁰
1396 930 1417 995 ².
2355 995 2357 1064 λ

571 1048 679 1113 Datus
708 1046 805 1137 [est]·
832 1050 881 1115 eis
912 1070 1010 1138 super
1040 1050 1102 1114 hoc
1130 1054 1340 1114 conservator
1369 1048 1513 1115 decanus
1542 1047 1683 1115 ecclesie
1712 1047 1901 1136 Aquensis²
1923 1049 2115 1116 Laodicnsis
2182 1081 2193 1118 e
2355 1069 2357 1152 1

465 1151 616 1218 diocesia.
2355 1157 2356 1178 *

1128 1313 1352 1320 .---.---—-..-
1391 1315 1427 1320 -.-.
1453 1315 1473 1320 --
1479 1315 1495 1322 -

1249 1536 1336 1612 681.

559 1651 786 1758 vInnocentius
816 1677 870 1742 IV
889 1699 979 1763 popo
1001 1677 1139 1765 [Leoni]
1166 1678 1395 1760 archiepiscopo
1421 1677 1657 1744 Mediolanensi
1679 1677 1868 1762 saenttotem
1895 1676 2044 1754 emnedit,
2084 1679 2118 1739 nt

459 1780 611 1863 woeedat
632 1784 742 1846 eorrtrc
762 1784 958 1865 meatuum,
987 1801 1158 1847 assessores
1185 1782 1253 1847 eins
1280 1787 1309 1846 et
1334 1783 1475 1847 mantes
1495 1781 1763 1860 Mediolanenses,
1790 1781 1848 1864 qni
1873 1781 2050 1858 inhibeant,
2078 1801 2117 1845 no

464 1889 574 1951 eontra
595 1885 699 1964 hunos,
728 1886 784 1968 qni
805 1885 926 1952 debitas
946 1885 1082 1952 desinens
1103 1890 1133 1951 ot
1151 1885 1315 1967 primitias
1336 1885 1471 1952 eaehnrs
1492 1886 1620 1952 reddere
1641 1885 1798 1970 dneoent,
1824 1883 1955 1972 infero
1975 1883 2118 1975 eatenus

458 1987 657 2070 procedatur.
723 1985 725 1988 ’
1770 1993 1864 2070 1248,
1886 1986 1962 2056 Dec.
1979 1994 2030 2056 17.
2171 2010 2197 2050 ro

568 2108 631 2164 Ina.
645 2108 696 2163 IV
711 2109 774 2178 Itey.
794 2110 852 2164 Iob.
872 2109 918 2178 VL
934 2109 955 2176 ι’.
969 2117 1008 2178 ru,
1026 2127 1054 2164 n
1066 2117 1121 2166 291.

568 2195 668 2265 Berper
685 2202 759 2252 4283.

903 2362 942 2382 ..
970 2308 1314 2402 archiepiscopo
1341 2309 1684 2384 Mediolanensi.

572 2455 646 2520 Non
669 2454 802 2540 indigne
826 2476 927 2541 super
955 2457 1017 2521 hiis
1046 2457 1216 2543 apostolici
1246 2457 1366 2522 favoris
1398 2457 1604 2545 impertimur
1633 2457 1829 2544 presidium,
1857 2479 1920 2543 que
1950 2459 1981 2522 in
2012 2456 2116 2521 muni-

466 2565 611 2626 mentum
635 2557 839 2624 redundantb
862 2560 1085 2627 ecclesiastice
1107 2560 1279 2640 libertatis,
1304 2561 1396 2628 cuius
1420 2562 1602 2648 profectum
1626 2561 1785 2626 sollicitus
1801 2582 1911 2626 amare
1927 2559 2117 2638 dinosceris,
2173 2582 2195 2619 n

465 2663 540 2730 duur
565 2662 721 2729 adversus
746 2681 785 2727 ea
807 2662 982 2748 diligenter
1005 2664 1166 2752 invigilas,
1191 2685 1254 2750 que
1278 2665 1381 2751 ipsius
1405 2665 1518 2751 gravia
1538 2671 1699 2750 generant
1714 2664 1920 2730 detrimenta.
1957 2663 2011 2728 Ex
2025 2669 2119 2751 parte

465 2766 625 2853 siquidem
649 2773 706 2830 tua
728 2767 847 2831 nostris
871 2773 922 2832 est
945 2768 1077 2832 auribus
1102 2767 1295 2849 intimatum,
1320 2767 1504 2854 quodcum
1528 2789 1607 2856 sepe
1631 2767 1799 2854 contingat
1820 2768 1964 2854 prelatos
1987 2774 2021 2832 et
2037 2766 2119 2832 alias

465 2869 708 2936 ecclesiasticas
747 2876 780 2933 ct
818 2870 991 2955 religiosas
1028 2891 1186 2957 personas
1225 2871 1266 2936 de
1303 2871 1394 2937 laicis
1428 2871 1569 2936 civitatis
1603 2878 1638 2936 et
1673 2870 1814 2936 diocesis
1851 2870 2118 2950 Mediolanensis,

465 2973 594 3039 debitas
618 2971 763 3037 decimes
793 2978 827 3037 et
854 2973 1015 3058 primitias
1045 2975 1159 3039 solitas
1191 2976 1340 3040 ecclesiis
1373 2981 1409 3040 ut
1439 2981 1593 3040 tenentur
1623 2972 1760 3040 reddere
1788 2974 2029 3060 denegantibus
2057 2995 2119 3038 nec

466 3077 538 3142 sinc
564 3096 646 3141 ausu
670 3075 832 3160 sacrilegii
856 3083 890 3140 et
905 3077 1045 3142 nominis
1062 3076 1162 3142 divini
1178 3079 1304 3143 offensa
1320 3078 1541 3144 detinentibus
1558 3077 1680 3166 ipsasl,
1703 3099 1788 3142 nunc
1803 3079 1863 3143 sub
1879 3083 1936 3142 tuo
1953 3077 2115 3158 examine,
2170 3101 2197 3139 so

468 3201 554 3246 nune
578 3181 677 3246 etiam
701 3201 809 3245 coram
833 3181 897 3245 tuis
921 3181 1050 3246 vicariis
1073 3181 1237 3269 deponere
1266 3183 1486 3268 questionem,
1517 3183 1636 3248 nobilis
1662 3182 1711 3247 vir
1740 3187 1904 3268 potestas,
1934 3201 2119 3247 assessores

466 3284 516 3348 sui
545 3291 579 3349 et
608 3283 760 3348 consules
791 3283 934 3348 ciuitatis
962 3283 1126 3364 eiusdem,
1158 3283 1358 3351 decimarum
1388 3296 1421 3351 et
1452 3285 1665 3373 primitiarum
1693 3283 2033 3372 ipsarum'vendicare
2057 3285 2120 3350 sibi

466 3388 620 3454 iudicium
653 3388 824 3454 molientes
859 3395 999 3470 temere,
1038 3411 1079 3454 ue
1115 3397 1228 3455 contra
1262 3391 1364 3456 laicos
1398 3391 1585 3457 detentores
1620 3391 1749 3456 illarum
1779 3411 1838 3476 per
1866 3396 1899 3454 te
1928 3397 1985 3454 aut
2013 3389 2119 3453 dictos

465 3492 604 3557 vicarios
628 3499 701 3556 tuos
725 3491 829 3557 libere
852 3493 885 3556 in
907 3491 976 3556 foro
1000 3492 1198 3578 procedatur
1221 3494 1379 3576 ecclesie,
1410 3496 1494 3559 sicut
1522 3494 1563 3560 ad
1587 3517 1660 3560 eam
1683 3492 1854 3558 dumtaxat
1877 3493 2021 3558 noscitur
2042 3514 2117 3579 per-

465 3597 589 3677 tinere,
613 3596 744 3683 publice
768 3595 892 3662 faciunt
914 3595 1067 3676 inhiberi,
1092 3597 1337 3679 nichilominus,
1367 3599 1421 3685 qui
1445 3605 1557 3663 contra
1580 3587 1808 3663 inhibitionem
1832 3597 1982 3662 venirent
2004 3595 2116 3660 huius·
2171 3625 2196 3662 es

468 3697 567 3779 modi,
596 3699 786 3764 forbannire
811 3699 973 3785 quoslibet
996 3708 1240 3787 presumentes;
1270 3702 1512 3789 propterquod
1536 3703 1712 3767 enormiter
1733 3701 1778 3766 ibi
1802 3701 2026 3767 ecclesiastica
2048 3699 2119 3763 iura

467 3802 599 3868 ledunt⁰
621 3824 660 3868 ac
683 3800 845 3868 ordinarie
869 3803 973 3890 ipsius
997 3803 1228 3869 iurisdictionis
1252 3805 1427 3870 auctoritas
1457 3828 1521 3871 non
1551 3806 1714 3872 modicum
1737 3805 1769 3869 in
1793 3823 1969 3890 gravamen
1992 3801 2115 3868 Medio-

465 3905 611 3970 lanensis
636 3905 775 3972 ecclesie
801 3913 984 3972 enervatur.
1022 3906 1091 3973 Nos
1114 3907 1224 3993 igitur,
1248 3909 1314 3973 tuis
1336 3909 1489 3996 precibus
1512 3909 1670 3990 inclinati,
1694 3915 1819 3972 uttam
1843 3905 2007 3972 ordinaria
2022 3928 2120 3993 quam

465 4009 646 4095 apostolica
668 4010 864 4076 auctoritate
886 4011 1030 4075 munitus
1054 4018 1167 4076 eontra
1190 4019 1257 4076 tarn
1281 4013 1460 4099 pernitiose
1484 4013 1679 4078 temeritatis
1702 4017 1854 4076 auctores
1878 4011 1963 4074 sicut
1986 4009 2120 4096 expedit

466 4112 689 4177 favorabiliter
720 4119 786 4177 tam
819 4135 879 4200 per
912 4119 944 4179 te
979 4135 1076 4200 quarn
1105 4137 1164 4202 per
1193 4117 1330 4181 vicarios
1359 4123 1433 4182 tuos
1463 4113 1593 4181 sublato
1624 4114 1855 4201 appellationis
1886 4112 2118 4198 impedimento
2173 4139 2198 4175 ss

464 4213 644 4300 procedere
678 4236 716 4280 ac
750 4216 1018 4300 contradictores,
1054 4219 1081 4283 si
1111 4220 1166 4303 qui
1198 4218 1321 4284 luerint
1351 4221 1404 4284 vel
1439 4219 1599 4297 rebelles,
1634 4217 1838 4282 districtione
1870 4236 1934 4301 qua
1967 4216 2119 4281 convenit

464 4319 685 4405 appellatione
709 4326 836 4385 remota
858 4342 1067 4407 compescere
1092 4322 1215 4404 valeas,
1237 4322 1433 4387 fraternitati
1457 4329 1512 4388 tue
1536 4322 1732 4387 auctoritate
1756 4319 1958 4408 presentium
1980 4318 2120 4385 liberam

465 4420 676 4486 concedimus
700 4422 900 4488 facultatem.

569 4541 646 4608 Dat.
670 4542 834 4628 Lugduni,
857 4542 940 4609 XVI
962 4543 1037 4609 Kal.
1060 4546 1216 4628 Ianuarii,
1240 4569 1324 4614 anno
1340 4547 1436 4614 vui

890 4703 1025 4710 m—
1056 4705 1151 4711 ..-ή-
1191 4707 1204 4712 -
1238 4707 1280 4712 --
1296 4706 2013 4714 ——--—-—--——--—-—-—-—.—.—

567 4805 592 4867 ⁸)
611 4811 651 4856 eat
668 4805 736 4856 deest
754 4804 786 4854 n.
891 4802 917 4869 b)
935 4806 1061 4858 redundat
1078 4807 1110 4858 B.
1215 4810 1237 4873 ο)
1257 4810 1378 4862 luduntur
1396 4811 1482 4876 aptius
1499 4810 1606 4862 ntemr.
2173 4819 2199 4858 ³⁵

571 4922 597 4984 1)
616 4920 672 4975 aa
682 4922 748 4976 Dee.
763 4929 780 4976 8
792 4939 869 4992 popo
886 4921 979 4976 iisdem
996 4924 1178 4993 mandaverat,
1196 4931 1226 4979 nt
1243 4927 1274 4980 in
1290 4927 1423 4982 devotione
1439 4927 1507 4982 eain
1523 4928 1680 4996 arnstoticrre
1694 4928 1870 4996 peristaem,
1888 4929 1928 4982 ito
1945 4933 1976 4982 nt
1994 4927 2056 4996 israe,
2075 4926 2123 4996 qni

464 5007 630 5062 ‘maium
647 5009 731 5062 totoni
748 5009 779 5062 in
796 5008 972 5078 andnnm
989 5011 1100 5066 cornito
1117 5018 1211 5066 cotnra
1229 5011 1401 5068 Friderieum
1418 5013 1552 5082 wacon
1570 5014 1750 5082 imperatorem
1767 5020 1790 5068 et
1810 5013 1837 5068 Ο.
1856 5020 1954 5068 mnne
1971 5013 2029 5069 ans
2044 5013 2121 5080 socie

463 5111 523 5148 snus
544 5094 733 5148 inviolabiliter
754 5095 900 5165 obsneun',
924 5097 962 5150 od
985 5113 1075 5152 worn
1096 5099 1232 5154 eornrnodo
1251 5101 1348 5166 fortius
1370 5100 1571 5170 adurimur,-
1594 5101 1642 5154 snb
1660 5101 1721 5154 Deo.
1735 5109 1750 5155 9
1766 5101 1840 5154 docto
1858 5099 1998 5154 Lcodieeai
2018 5099 2123 5168 saipsr’t

470 5179 636 5234 Withetrnnm
652 5197 736 5251 regem
753 5183 914 5251 godaim
940 5189 970 5236 nt
992 5199 1053 5237 carn
1074 5185 1221 5239 mnnolhn
1238 5186 1357 5241 embado
1375 5187 1509 5255 Aquensee
1524 5185 1654 5253 fonditus
1672 5191 1756 5240 maort
1773 5185 1930 5254 delardus,
1954 5185 2003 5240 nbi
2019 5184 2123 5240 licenda

463 5265 644 5332 triorsaferendi
659 5283 704 5320 eus
721 5266 758 5320 nd
775 5267 832 5322 ulra
849 5269 905 5322 loeo
922 5269 1013 5323 rr‘cinc
1029 5271 1222 5339 concederetur,
1246 5272 1319 5340 agree
1340 5273 1488 5342 ememor,
1512 5279 1545 5327 nt
1566 5289 1646 5342 super
1666 5273 1715 5328 hcc
1736 5274 1843 5342 seond,
1867 5273 1939 5342 qnod
1962 5271 2057 5328 erideet
2079 5288 2121 5327 ect-
2176 5291 2203 5330 eo

459 5350 563 5419 pedire,⁸
587 5352 722 5422 Potthcst,
748 5353 812 5422 Rep.
831 5361 922 5423 13108,
947 5363 1037 5424 18114,
1060 5357 1200 5425 es.13117,·
1222 5375 1289 5426 orme
1312 5376 1350 5427 ep.
1374 5359 1405 5414 in
1423 5360 1487 5428 Rey.
1511 5377 1566 5414 non
1590 5365 1688 5414 mont.
1794 5361 1822 5428 2)
1841 5359 1990 5428 Gnatiae,
2014 5359 2046 5414 de
2068 5375 2122 5428 nito

461 5436 497 5503 es.
510 5437 742 5507 emme-rrae,
755 5441 801 5494 tc.
815 5447 887 5494 4932.
915 5440 1106 5495 Artthentiernn
1123 5443 1246 5510 ephraim
1260 5445 1284 5496 ei
1296 5443 1409 5498 dira-tm
1419 5445 1475 5498 mm
1486 5447 1536 5498 auh
1548 5445 1617 5500 Noe.
1627 5453 1662 5501 30
1672 5445 1738 5499 doto
1749 5452 1799 5514 est,·
1821 5445 1945 5515 Potthost,
1959 5445 2023 5515 Rey.
2034 5451 2122 5501 13888.

462 5525 490 5590 3)
509 5522 547 5590 ΟΥ.
566 5521 803 5592 noem-ntae,
826 5526 842 5578 t.
858 5541 879 5579 c.
897 5525 998 5582 introd.
1018 5543 1048 5594 p.
1067 5527 1204 5581 XXXII.
1304 5530 1331 5597 4)
1349 5529 1404 5583 Sub
1426 5549 1452 5584 o.
1470 5537 1550 5597 ratu,
1574 5531 1636 5584 len.
1655 5537 1686 5587 18
1704 5547 1781 5601 popa
1804 5531 1928 5600 magistro
1950 5537 1974 5584 et
1994 5531 2124 5598 frchsbrta

462 5607 598 5676 hoepimlis
614 5609 646 5663 de
664 5610 757 5665 Brolio
775 5609 985 5666 Mediolorseneis
1007 5611 1046 5664 od
1059 5629 1150 5681 preces
1171 5613 1204 5669 G.
1224 5613 1256 5668 de
1274 5613 1448 5686 Morddonpo
1465 5615 1624 5670 srrbdicooni
1642 5623 1667 5671 et
1684 5618 1784 5672 notarii
1800 5617 1857 5686 arti,
1881 5617 2042 5686 enodatione
2056 5615 2123 5672 rete

463 5694 548 5762 iegati,
571 5695 756 5764 ordriepisoopi
775 5694 881 5750 Medici.
899 5701 922 5750 et
938 5698 1083 5752 wmnrrrnis
1103 5699 1207 5754 Medici.
1225 5699 1348 5771 mulsit,
1382 5719 1423 5772 rte,
1443 5719 1504 5758 curn
1523 5703 1592 5758 borio
1611 5719 1701 5760 worn
1713 5720 1766 5774 pro
1784 5721 1881 5773 myrto
1894 5707 1973 5773 pane
1990 5703 2124 5763 tetrum
2176 5721 2203 5759 ss
