4328 6232
725 368 925 423 EPISTOLAE
943 367 1139 424 SELECTAE.
1177 372 1252 426 1247.

948 653 1034 725 386.

265 745 483 839 Innocentius
506 772 563 838 IV
575 793 664 857 papa
687 773 864 837 abbatissae
886 781 915 839 et
947 778 1110 839 conventui
1133 776 1268 840 Sanctae
1291 777 1417 840 itariae
1439 777 1653 859 Maqdatenae
1681 779 1719 842 dc
1740 779 1816 842 Alc·

147 878 302 943 oeandrio
324 876 469 953 coneedit,
493 880 529 938 ut
543 876 722 958 prumiam,
746 898 840 957 quam
855 879 1048 942 universitas
1062 880 1282 943 Alexandriae
1304 881 1447 945 ecelesiae
1462 880 1626 945 Romanae
1646 882 1815 944 annuatim

149 985 276 1048 sunem
299 984 441 1045 tencatur
462 984 492 1043 et
511 981 700 1063 perplures
721 1000 823 1045 annos
844 1002 909 1046 uon
939 983 1078 1059 solverit,
1097 1004 1159 1062 pro
1184 984 1321 1064 qeeinquo
1343 985 1441 1048 annis
1457 985 1605 1064 proruno
1627 983 1813 1063 praeteritis

145 1092 263 1170 pctore
284 1106 321 1150 ae
345 1087 463 1167 intmre
485 1083 622 1163 compote
638 1085 773 1166 possint.
1482 1090 1576 1165 1247,
1598 1087 1672 1152 Iun.
1696 1089 1726 1151 8.

79 1233 89 1270 5
264 1205 331 1259 Inoa
344 1202 392 1258 IV
407 1203 469 1271 Rq.
485 1201 540 1256 Vol.
558 1202 583 1270 1,
595 1209 659 1265 4065
682 1202 742 1256 rut.
756 1202 809 1270 IV,
824 1208 883 1257 848.
920 1204 1068 1272 Emetotam
1085 1221 1118 1259 coo
1137 1206 1254 1274 Rreestis
1273 1205 1408 1275 descripsit
1431 1208 1460 1262 V.
1481 1207 1519 1260 01.
1539 1207 1573 1260 A.
1592 1207 1672 1260 Mare.

264 1290 396 1358 Pectus,
417 1288 480 1357 aa.
500 1289 809 1358 126553130rqer2846.

528 1523 567 1541 ..
596 1467 822 1542 abbatisse
850 1472 893 1540 et
919 1467 1164 1540 conventui
1191 1447 1451 1542 monasterii

435 1594 600 1663 sancte
635 1589 782 1662 Mario
820 1588 1099 1679 Magdalene
1136 1591 1189 1663 de
1223 1590 1537 1664 Alexandria.

268 1740 388 1805 Vestro
404 1738 586 1803 devotionis
602 1738 788 1822 precamina
804 1745 979 1822 vestroque
996 1739 1164 1823 religionis
1180 1739 1298 1821 fervor,
1316 1762 1379 1825 que
1395 1741 1521 1805 incluse
1539 1761 1685 1826 corpore,
1709 1742 1813 1807 libera

38 1884 76 1921 ,ο
153 1853 270 1911 tamen
293 1850 414 1923 mente,
437 1843 593 1906 virtutum
616 1841 748 1905 domino
771 1849 944 1927 acceptum
967 1841 1156 1927 impenditis
1180 1843 1386 1923 famulatum,
1411 1865 1470 1907 nos
1494 1850 1682 1909 ammonent
1705 1852 1738 1906 et
1762 1845 1811 1908 in-

152 1949 297 2029 ducunt,
327 1953 365 2010 ut
400 1952 507 2010 vestre
542 1945 652 2030 inopie
685 1946 906 2011 consulamus.
961 1944 1044 2010 Cum
1078 1946 1179 2031 igitur
1205 1948 1402 2011 universitas
1431 1947 1633 2013 Alexandrie
1669 1949 1810 2012 ecclesie

153 2053 305 2118 Romane
329 2050 497 2117 annuatim
515 2050 644 2114 solvere
661 2055 813 2114 teneatur
827 2049 991 2134 quandam
1006 2052 1146 2136 peeunie
1164 2052 1379 2135 quantitatem
1395 2053 1564 2138 ipsamque
1589 2073 1653 2114 non
1678 2051 1810 2115 solverit

154 2158 249 2222 annis
277 2154 425 2242 pluribus
442 2155 513 2218 -iarn
538 2154 675 2239 elapsis,
705 2155 862 2240 temporis
888 2155 1013 2219 malitia
1037 2155 1270 2240 prohibente¹z
1295 2178 1370 2237 nos,
1400 2157 1517 2220 vestris
1539 2157 1693 2242 precibus
1717 2157 1810 2219 ineli-

154 2263 241 2341 nati,
273 2258 409 2348 petendi
436 2278 474 2322 ao
497 2258 625 2344 integre
649 2257 828 2344 reeipiendi
859 2279 918 2343 pro
942 2260 1085 2343 quinque
1118 2259 1212 2323 annis
1236 2261 1384 2344 proximo
1408 2260 1573 2345 preteritis
1597 2268 1809 2324 memoratam

156 2365 328 2453 pecuniam
352 2364 386 2427 iu
408 2382 488 2426 usus
510 2362 658 2447 proprios
682 2360 937 2426 convertendam
958 2362 1094 2426 liberam
1125 2363 1218 2427 vobis
1243 2365 1440 2429 auctoritate
1463 2364 1666 2449 presentium
1691 2385 1808 2428 eonce-

157 2468 262 2533 dimus
284 2467 486 2532 facultatem.

262 2590 340 2656 Dat.
362 2588 526 2674 Lugduni,
549 2585 599 2650 VI
622 2586 701 2652 Idus
725 2585 822 2666 Iunii,
846 2605 932 2650 anno
955 2584 1036 2650 IIII.

775 2847 837 2854 —--.

938 3074 1024 3147 387.

256 3175 475 3269 Innocentius
490 3197 545 3265 IV
565 3220 655 3283 popa
677 3195 809 3282 P[etro]
832 3196 943 3264 Sancti
965 3197 1094 3279 Georgii
1115 3195 1159 3261 od
1184 3194 1292 3261 Votum
1313 3199 1456 3263 Aureum
1483 3198 1613 3263 diacono
1636 3198 1807 3275 cardinali,

155 3304 442 3386 apostolicaesedis
464 3304 571 3386 togata
594 3301 734 3379 mandat,
758 3307 793 3365 nt
817 3301 1003 3385 [Conrado]
1025 3301 1141 3366 decom
1155 3301 1358 3385 Mapuntino,
1381 3303 1544 3383 aspectione
1566 3323 1630 3380 sno,
1653 3302 1709 3383 poci
1725 3321 1807 3384 pon-

156 3408 264 3490 tificati
285 3407 439 3491 dignitate
460 3406 591 3490 dignum
613 3427 645 3472 se
666 3405 846 3482 reddiderit,
869 3405 906 3468 de
928 3406 1039 3486 almiro
1062 3406 1189 3469 ccclesia
1211 3406 1376 3487 topationis
1397 3426 1473 3471 suae
1491 3407 1664 3487 provideat.

1485 3512 1579 3587 1247,
1595 3509 1671 3572 Iun.
1688 3509 1719 3575 9.

253 3597 317 3651 nn.
335 3595 384 3649 rr
399 3593 461 3662 aa.
480 3593 536 3648 ru.
556 3593 661 3661 aroa-
678 3593 739 3648 ms.
759 3592 811 3661 rr,
824 3599 875 3647 reo.

253 3682 353 3751 Bauer
370 3685 443 3735 2787.

284 3863 327 3937 P.
355 3859 504 3936 Sancti
531 3858 710 3953 Georgii
737 3861 788 3933 ad
815 3859 962 3934 Velum
989 3859 1184 3933 Aureum
1212 3859 1400 3933 diacono
1429 3858 1665 3948 cardinali,

689 3981 934 4073 apostolice
962 3982 1085 4055 sedis
1112 3983 1270 4073 legate.

256 4132 311 4198 Ex
339 4154 416 4199 vere
444 4130 519 4197 fidei
548 4131 689 4218 puritate
720 4152 758 4195 ae
787 4131 975 4216 integritate
1005 4131 1190 4195 devotionis
1221 4139 1254 4195 et
1282 4131 1479 4196 sinceritatis
1512 4130 1658 4216 experti,
1687 4127 1803 4213 quibus

155 4234 290 4304 dilectus
319 4237 405 4301 filius
434 4283 468 4300 ..
497 4234 641 4300 decanus
675 4234 902 4320 Maguntinus,
932 4237 1122 4320 capellanus
1161 4242 1287 4311 noster,
1317 4234 1484 4299 studiosus
1513 4237 1600 4298 eirea
1629 4239 1741 4296 nostra
1769 4237 1803 4296 et

154 4344 289 4409 ecclesie
311 4340 460 4407 Romane
483 4340 649 4426 obsequia,
673 4362 709 4404 se
729 4339 801 4404 Deo
825 4339 965 4404 reddidit
988 4341 1167 4425 placitum*
1191 4347 1224 4403 et
1246 4339 1340 4402 nohis
1365 4338 1539 4402 amabilem
1563 4344 1595 4399 et
1618 4343 1800 4422 acceptum,

154 4455 236 4512 reete
259 4466 443 4527 moremur,
475 4449 508 4508 et
530 4444 657 4528 agimus
680 4465 746 4508 non
772 4443 922 4528 indigne,
952 4443 979 4506 si
1003 4444 1105 4529 ipsius
1129 4442 1324 4529 promotioni
1353 4447 1386 4506 et
1416 4441 1662 4505 honorificentie
1690 4441 1798 4503 inten-

153 4547 271 4616 damus.
317 4547 398 4614 Oum
422 4549 521 4635 igitur
544 4549 609 4612 sint
631 4548 732 4628 tales,
757 4554 791 4613 et
812 4549 967 4633 precipue
992 4548 1053 4612 hiis
1079 4546 1299 4633 temporibus,
1324 4544 1364 4608 ad
1392 4544 1533 4609 honores
1566 4550 1599 4607 et
1622 4542 1799 4627 dignitates

156 4653 393 4720 ecclesiasticas
416 4651 646 4738 promovendi,
675 4651 730 4736 qui
753 4651 861 4715 Deum
890 4652 1027 4715 timeant
1056 4659 1089 4715 et
1119 4651 1258 4716 ecclesie
1282 4649 1431 4713 Romane
1460 4648 1609 4711 zelentur
1632 4646 1799 4725 honorem,

155 4777 284 4843 quorum
314 4757 414 4823 etiarn
444 4777 506 4843 ope
536 4762 569 4820 et
599 4755 734 4819 consilio
766 4753 858 4818 nobis
888 4755 921 4817 in
945 4755 1101 4831 ecclesie,
1124 4755 1222 4818 immo
1252 4753 1362 4816 verius
1390 4751 1468 4816 Iesu
1492 4750 1626 4828 Christi,
1660 4750 1800 4834 negotiis

154 4862 270 4928 utilit-er
293 4882 332 4927 ac
355 4860 495 4925 fideliter
517 4859 720 4923 consuletur:
744 4859 947 4944 presentium
971 4859 1032 4922 tibi
1054 4858 1248 4922 auctoritate
1271 4854 1474 4934 mandamus,
1496 4855 1649 4939 quatinus
1672 4853 1799 4938 pretato

154 4962 286 5044 decano,
315 4985 412 5049 quem
441 4962 571 5050 proprie
601 4963 729 5026 virtutis
757 4964 874 5026 merita
901 4968 934 5026 et
957 4963 1153 5047 obsequiosa
1183 4961 1329 5041 devotio,
1358 4981 1422 5044 qua
1445 4957 1579 5022 sedulus
1602 4958 1634 5019 in
1659 4957 1799 5039 negotiis

155 5068 287 5133 ecclesie
317 5088 377 5154 per
406 5088 441 5132 se
464 5087 503 5130 ae
525 5087 600 5130 suos
624 5068 749 5131 utiliter
771 5066 1003 5152 promovendis
1026 5067 1162 5145 insistit,
1186 5064 1327 5129 reddunt
1350 5063 1483 5147 dignum
1508 5060 1702 5147 pontificalis
1726 5059 1797 5144 dig-

56 5184 98 5230 us.
154 5172 260 5237 nitatis
282 5171 425 5252 honore,
456 5169 497 5234 de
521 5171 631 5254 aliqua
654 5171 869 5237 eeclesiarum
893 5178 948 5235 tue
973 5171 1162 5255 legationis,
1187 5169 1239 5233 eui
1262 5167 1303 5231 de
1325 5168 1428 5252 ipsius
1451 5185 1590 5251 persona
1614 5170 1648 5227 et
1672 5160 1734 5225 sibi
1757 5162 1798 5226 de

248 5433 273 5500 ·)
291 5432 421 5503 phuam
438 5430 471 5484 a

247 5589 274 5656 l)
294 5586 440 5657 Postquam
455 5586 548 5643 dodae
564 5603 590 5642 o.
609 5593 686 5655 1240,
707 5583 777 5641 Mai.
795 5593 827 5642 18
849 5585 1003 5656 imperatori
1020 5603 1048 5641 se
1065 5584 1172 5641 aaut
1188 5578 1443 5657 [memo-maer,
1462 5578 1479 5633 t.
1497 5593 1519 5635 e.
1538 5576 1648 5650 3107u],
1665 5591 1764 5648 moer
1781 5595 1800 5634 a

148 5673 266 5745 putidus
282 5673 342 5729 ciue
358 5679 472 5730 maan

1535 5755 1591 5809 36·
