4328 6232
722 329 924 387 EPISTOLAE
942 331 1133 389 sciherus.
1169 333 1246 389 1244.

957 633 1017 707 54.

263 740 483 834 Innocentius
497 767 554 835 IV
572 790 662 855 papa
682 771 863 857 [Sipcfrido
881 772 962 859 ΙΙΙ]
988 773 1218 858 archiepiscopo
1240 774 1435 858 Mapuntino
1465 774 1608 855 rodomi,
1636 780 1671 838 nt
1698 795 1815 841 creone

159 871 383 936 manicationis
403 876 432 936 et
453 872 614 939 interdicti
634 875 814 953 contendes,
836 896 917 958 qnos
938 881 1048 942 contra
1070 878 1214 942 inimicos
1235 877 1378 943 ecclcsiae
1393 879 1651 961 promolpaocrit
1679 879 1815 962 sicopolis

159 971 268 1037 debus
289 972 455 1040 dominicis
475 980 505 1040 ct
523 977 647 1058 festivis
662 999 723 1059 per
739 984 850 1060 portes
871 981 994 1046 meinos
1015 981 1164 1045 innovari
1182 979 1297 1066 faciat.
1338 981 1386 1062 Of.
1403 1002 1436 1047 n.
1452 985 1504 1047 49.

1460 1088 1554 1166 1244,
1576 1086 1658 1171 Apr.
1676 1087 1727 1151 11.

264 1162 329 1216 rus.
342 1162 391 1216 rr
404 1163 469 1234 aq.
489 1165 583 1235 νου,
602 1174 647 1234 ec·
664 1166 761 1236 ner
779 1174 837 1256 cao.

264 1247 432 1318 mooe.

611 1438 650 1456 ..
679 1383 1041 1477 archiepiscopo
1074 1385 1364 1478 Maguntinn

267 1524 436 1592 Succensa
458 1530 548 1594 velut
576 1531 660 1616 ignis
692 1534 895 1618 quorundam
917 1536 1101 1622 iniquorum
1125 1536 1280 1622 iniquitas
1304 1557 1408 1623 usque
1433 1536 1515 1602 adeo
1539 1556 1653 1601 eorum
1677 1540 1813 1600 excecat
1827 1549 1865 1592 Es.
1879 1555 1901 1602 s.
1917 1554 1949 1594 u.

159 1629 311 1710 consilia,
339 1631 425 1715 qnod
453 1634 557 1698 solem
585 1635 709 1701 iustitie
738 1637 899 1723 inspicere
931 1647 1151 1724 nequeuntes,
1179 1640 1319 1705 necdum
1343 1640 1429 1726 quod
1452 1640 1555 1704 velint
1577 1639 1618 1704 ab
1642 1638 1718 1717 hiis,
1749 1657 1811 1722 que

160 1740 236 1798 sunt
253 1733 377 1800 Christi
400 1757 520 1823 sponse
539 1740 679 1805 ecclesie
696 1742 835 1823 inimica,
860 1765 1001 1825 cessare,
1025 1765 1137 1809 verum
1156 1746 1255 1810 etiam
1271 1751 1384 1810 contra
1399 1746 1501 1831 ipsam
1518 1744 1664 1828 linguam
1680 1745 1812 1819 acuunt,
1825 1757 1863 1799 rs.
1875 1761 1920 1809 ns,
1933 1761 1955 1800 r.

157 1856 272 1901 manus
297 1847 425 1904 armant
447 1848 480 1905 et
502 1842 589 1908 vires
619 1844 827 1931 impudenter
850 1847 1031 1928 effundunt,
1055 1847 1131 1913 fidei
1162 1847 1391 1913 defensoribus
1415 1847 1573 1911 hostiliter
1595 1842 1813 1917 occurrendo;

157 1947 293 2026 propter
315 1941 403 2027 quod
425 1944 458 2007 in
480 1945 581 2030 ipsos,
613 1968 678 2011 non
701 1947 853 2014 deferens
877 1949 998 2014 homini
1021 1952 1094 2036 plus
1118 1972 1215 2037 quarn
1237 1949 1328 2033 Deo,
1356 1947 1701 2014 excommunicationis
1725 1952 1757 2010 et
1780 1945 1813 2009 in

157 2049 262 2108 terras
292 2045 436 2130 ipsorum
469 2048 634 2114 interdicti
667 2053 848 2116 sententias
877 2054 1111 2139 promulgasti,
1149 2053 1306 2119 adversus
1336 2054 1463 2138 aliquos
1493 2045 1705 2139 depositionis
1737 2070 1812 2115 sen·

159 2148 296 2212 tentiam
323 2148 529 2235 proferendo.
574 2151 625 2217 Ne
652 2153 752 2237 igitur
779 2175 892 2219 eorum
921 2157 1081 2221 immensa
1108 2158 1276 2222 temeritas
1308 2157 1390 2221 alios
1420 2156 1564 2241 exempli
1593 2153 1753 2240 pernicie,
1785 2152 1812 2215 si

159 2251 320 2337 impunita
334 2263 514 2336 remaneat,
538 2263 693 2341 provocet
710 2257 750 2321 ad
767 2259 979 2344 peccandum,
1004 2281 1074 2340 nos,
1099 2260 1204 2324 dictas
1222 2260 1402 2326 sententias
1418 2260 1611 2324 auctoritate
1629 2256 1812 2342 apostolica

159 2356 399 2437 confirmantes,
422 2359 626 2441 mandamus,
650 2363 802 2446 quatinus
827 2362 915 2449 ipsas
939 2365 1076 2449 singulis
1101 2364 1217 2430 diebus
1240 2364 1410 2429 dominicis
1435 2369 1469 2427 et
1491 2362 1616 2426 festivis
1631 2361 1735 2424 facias
1753 2380 1813 2445 per

159 2459 279 2524 vicium
306 2467 418 2546 partes
451 2463 589 2547 pulsatis
619 2466 786 2550 campanis
817 2474 850 2531 et
876 2468 1023 2532 accensis
1054 2468 1199 2534 candelis
1230 2468 1457 2556 sollempniter
1488 2463 1649 2540 innovari3
1682 2469 1811 2527 contra-

159 2559 301 2627 dictores
324 2564 415 2630 atc.¹.

264 2681 341 2749 Dat.
364 2685 519 2753 Lateran.
543 2687 597 2752 111
619 2688 699 2753 Idus
721 2689 826 2777 April.
850 2712 935 2755 anno
959 2692 1075 2779 primo.

779 2949 1191 2960 ———-.——

953 3197 1014 3271 55.

259 3302 546 3397 Isamnion
554 3353 646 3416 papa
661 3353 730 3397 am
741 3334 917 3421 [enea]
935 3337 1111 3419 suprave
1124 3336 1321 3418 resumas
1337 3336 1506 3420 comsit,
1523 3338 1559 3398 n
1575 3355 1644 3399 am
1654 3335 1810 3411 noceo

156 3450 218 3495 non
239 3429 379 3499 meane
402 3440 518 3517 quarto
540 3438 827 3520 consaopuinitotis
849 3439 942 3518 linco,
971 3441 1007 3504 in
1028 3440 1228 3505 matrimonio
1251 3443 1405 3505 contracto
1422 3458 1610 3520 permonere
1627 3438 1738 3521 possit.

1455 3545 1548 3620 1244,
1570 3541 1652 3622 Aps.
1670 3544 1722 3605 12.

256 3622 322 3677 nu.
335 3622 386 3677 rr
401 3623 464 3694 no.
482 3625 575 3695 rar,
593 3633 641 3694 os·
658 3625 757 3697 nur,
775 3634 829 3682 soc.

258 3708 432 3778 Berosrooo.

532 3857 690 3932 Nobili
715 3859 815 3932 viro
843 3915 882 3933 ..
909 3857 1186 3933 lenthravio
1214 3856 1438 3949 Turigie⁸.

263 4005 329 4081 Qui
358 4008 494 4072 celestia
525 4008 624 4073 simul
654 4016 688 4074 et
717 4016 849 4075 terrena
877 4009 1074 4089 moderatur,
1108 4007 1149 4071 ad
1180 4006 1241 4070 hoc
1265 4006 1362 4070 beato
1386 4007 1485 4071 Petro
1508 4014 1661 4092 tanquam
1687 4008 1807 4072 vicario

157 4132 214 4175 suo
245 4117 279 4175 et
309 4112 556 4178 successoribus
586 4113 657 4178 eius
690 4120 765 4199 post
792 4115 899 4199 ipsum
931 4113 1104 4178 conferens
1132 4110 1244 4174 claves
1274 4110 1368 4194 regni
1391 4112 1523 4175 celestis
1553 4110 1676 4194 ligandi
1697 4110 1807 4196 ponti·

156 4214 263 4279 ficium
286 4214 421 4281 tradidit
443 4222 477 4281 et
499 4216 662 4296 solvendi,
692 4224 728 4281 ut
751 4239 897 4282 summus
921 4216 1073 4303 pontifex
1096 4236 1162 4279 non
1186 4214 1328 4278 humane
1351 4213 1592 4280 adinventionis
1617 4214 1724 4279 studio
1749 4213 1807 4278 sed
1848 4212 1850 4217 ’

157 4317 265 4385 divine
288 4321 397 4406 potius
420 4322 628 4407 aspirationis
652 4321 809 4387 instinctu
824 4323 917 4406 legas
935 4327 1083 4386 statuens
1100 4320 1271 4398 salutares,
1296 4316 1437 4403 quodam
1454 4319 1662 4383 necessitatis
1677 4316 1806 4382 vinculo

158 4420 238 4506 liget
270 4422 419 4488 homines
451 4423 494 4488 ad
527 4424 770 4490 observantiam
805 4424 997 4498 earundem;
1032 4422 1119 4508 quod
1151 4422 1265 4506 utique
1295 4441 1544 4506 nonnunquam,
1583 4442 1655 4485 curn
1685 4441 1807 4505 urgens

158 4526 337 4591 necessitas
365 4527 473 4613 exigit
498 4530 552 4593 vel
582 4528 715 4594 evidens
742 4529 885 4609 utilitas,
915 4527 1059 4593 maxime
1091 4526 1237 4612 pubhca,
1266 4522 1457 4611 persuadet,
1488 4525 1535 4590 sic
1559 4526 1651 4588 laxat
1672 4524 1806 4610 provide

159 4627 243 4693 circa
271 4629 431 4715 quosdam
453 4631 496 4697 de
519 4654 578 4700 sue
601 4632 805 4720 planitudine
830 4633 1016 4719 potestatis,
1046 4637 1082 4694 ut
1105 4630 1209 4695 ceteri
1231 4628 1460 4693 nichilominus
1484 4628 1610 4693 astricti
1633 4634 1808 4693 teneantur

161 4731 288 4816 codem,
329 4736 420 4800 nulla
459 4744 570 4802 tamen
606 4737 845 4803 interveniente
879 4739 1071 4821 acceptione
1107 4732 1254 4798 indebita
1287 4753 1519 4819 personarum,
1560 4754 1634 4797 cum
1668 4754 1731 4797 non
1766 4734 1807 4797 sit

161 4838 374 4923 reputandum
401 4838 522 4906 deferri
544 4862 699 4927 persone,
730 4863 803 4907 cum
827 4862 885 4928 pro
910 4861 1025 4921 causa,
1053 4839 1127 4904 loco
1151 4845 1184 4903 et
1207 4845 1356 4923 tempore
1379 4858 1445 4901 non
1468 4837 1587 4923 privati
1612 4843 1662 4901 set
1685 4836 1807 4924 publici

102 4945 121 4986 ⁸⁸
161 4941 283 5008 comedi
298 4944 414 5029 gratia,
436 4951 470 5010 et
485 4945 628 5010 maxime
645 4945 905 5011 consideratione
921 4944 1022 5009 divini
1039 4942 1176 5021 servitii,
1201 4941 1375 5026 quiequam
1392 4941 1490 5006 alicui
1507 4941 1577 5006 sine
1594 4942 1673 5006 iuris
1689 4941 1806 5005 iniuria

160 5042 350 5130 indulgetur.
397 5046 480 5112 (lum
505 5049 606 5135 igitur
637 5050 708 5114 nelo
739 5049 814 5114 fidei
844 5047 1031 5113 Christiane
1062 5067 1240 5111 succensus
1275 5045 1456 5132 inspirante
1483 5045 1625 5109 Domino
1654 5045 1806 5109 ardenter

162 5152 280 5237 aspires
303 5151 347 5216 ad
368 5151 596 5218 defensionem
619 5152 779 5219 catholice
802 5153 879 5219 fidei
903 5160 936 5218 et
959 5151 1182 5218 ecclesiastice
1205 5150 1375 5231 hbertatis,
1398 5156 1434 5213 ut
1457 5148 1498 5212 ad
1519 5147 1805 5234 prosecutionemb

257 5410 338 5478 ⁸)·ito
348 5411 381 5463 B.
468 5410 493 5479 ¹³)
512 5415 715 5482 persecutionem
726 5414 760 5466 B.

255 5547 285 5616 1)
301 5545 359 5603 eso
377 5544 455 5601 Fer.
469 5554 503 5602 10
514 5565 591 5617 papa
611 5548 693 5604 auem
714 5549 874 5617 emoneo,
898 5555 931 5604 o
948 5549 1045 5617 osso
1061 5546 1169 5615 poert
1186 5544 1313 5599 nonam
1329 5562 1378 5599 so
1395 5504 1432 5599 ei
1444 5562 1504 5600 am
1521 5545 1805 5614 meministisne,

106 5632 131 5677 e
166 5631 1381 5706 mommsmmmmmpamlmmramcccae

256 5726 465 5787 naemu
1582 5727 1599 5779 6
