4328 6232
202 256 265 326 444
758 247 805 309 EX
824 245 1042 309 Innooaurn
1061 245 1100 307 m
1118 244 1300 310 nnolsnao

198 434 345 520 partibus
369 433 435 498 illis
460 430 641 518 apostolice
664 429 750 495 sedis
772 430 893 515 legato,
916 430 1035 495 nostris
1059 429 1246 495 dederimus
1262 429 1402 494 litteris·
1417 429 1451 494 in
1466 426 1628 493 mandatis
1638 428 1660 508 ¹,
1683 434 1721 493 ut
1736 425 1859 494 dilecto

198 540 264 604 filio
293 538 439 604 Henrico
473 536 512 600 de
541 534 813 601 (ieroldosekeb2
843 534 1055 612 Basiliensis,
1090 534 1347 620 Argentinensis
1378 542 1411 599 et
1440 533 1605 620 Spirensis
1639 533 1859 598 ecclesiarum

199 641 371 720 canonico,
402 641 511 726 nepoti
536 638 648 704 dilecti
670 640 728 702 lilii
751 687 786 704 ..
810 639 908 703 electi
933 639 1113 724 Spirensis,
1145 638 1347 724 inpartibus
1371 638 1575 704 Theutoni00
1597 638 1639 703 (le
1662 639 1858 724 episcopatu

199 746 307 830 aliquo
330 743 525 829 provideret,
550 742 665 807 eodem
687 743 809 827 legato,
833 750 1007 827 antequam
1032 742 1064 806 id
1086 743 1190 821 lieret,
1214 741 1255 806 ad
1277 749 1425 806 nostram
1446 742 1646 828 presentiam
1662 741 1826 808 redeunte
1835 741 1858 819 ⁸,

199 848 286 914 idern
310 847 486 912 canonicus
510 847 635 910 nullum
660 852 711 910 est
734 845 774 911 de
797 853 912 910 nostra
929 847 1037 930 gratia
1052 847 1222 911 comodum
1241 852 1424 911 assecutus.
1459 846 1619 912 Volentes
1635 848 1748 933 igitur,
1769 848 1858 933 quod

200 973 300 1038 super
322 951 383 1015 hoc
408 951 496 1015 circa
518 951 623 1035 ipsum
649 951 840 1035 incepimus,
864 949 1045 1035 perducere
1068 948 1110 1013 ad
1134 950 1295 1029 effectum,
1325 949 1526 1030 mandamus,
1553 950 1708 1035 quatinus
1731 950 1858 1017 dictum

200 1056 392 1119 canonicum
419 1055 451 1117 in
475 1053 585 1138 aliqua
606 1053 749 1118 ecclesia
773 1051 953 1117 cathedrali
977 1051 1018 1116 de
1042 1053 1189 1138 partibus
1212 1053 1292 1129 illis,
1321 1052 1498 1117 Basiliensi
1528 1056 1703 1141 excepta⁴,
1735 1055 1764 1118 si
1794 1076 1860 1141 qua

200 1157 246 1221 ibi
273 1164 369 1222 vacat
396 1156 436 1221 ad
467 1178 603 1243 presens
633 1157 685 1220 vol
718 1178 814 1241 quarn
843 1157 983 1242 primum
1016 1156 1057 1221 ad
1092 1157 1123 1220 id
1157 1156 1314 1222 obtulerit
1348 1178 1384 1221 se
1417 1156 1571 1236 facultas,
1607 1156 1663 1221 ubi
1697 1158 1860 1245 expedire

200 1260 362 1339 videritis,
391 1260 568 1346 proficiatis
596 1261 793 1325 auctoritate
821 1267 934 1325 nostra
962 1261 993 1324 in
1023 1261 1213 1347 episcopum
1245 1266 1279 1324 et
1305 1266 1471 1345 pastorem
1493 1261 1586 1324 iuxta
1607 1261 1753 1346 priorum
1778 1283 1859 1326 eou-

200 1365 371 1430 tinentiam
395 1366 591 1445 litterarum,
622 1364 783 1428 facientes
807 1365 838 1429 ei
861 1386 881 1428 a
902 1364 1041 1430 subditis
1065 1365 1167 1450 ipsius
1191 1364 1349 1444 ecclesie,
1379 1363 1421 1428 de
1445 1384 1508 1449 qua
1532 1363 1594 1427 sibi
1616 1363 1858 1449 providendum

201 1467 377 1547 duxeritis,
406 1467 628 1533 obedientiam
653 1473 687 1530 et
710 1469 926 1533 reverentiam
949 1466 1094 1532 debitam
1118 1467 1285 1546 exhiberi,
1308 1504 1348 1514 —
1373 1466 1668 1532 nonobstantibus
1692 1468 1860 1553 aliquibus

201 1572 412 1655 indulgentiis
441 1573 494 1636 vel
521 1571 594 1635 aliis
624 1570 904 1657 quibuscumque‘l
933 1572 1051 1637 litteris
1084 1593 1144 1658 per
1171 1592 1392 1656 quoscumque
1423 1571 1464 1634 ab
1495 1570 1676 1656 apostolica
1700 1571 1782 1637 sede
1806 1573 1859 1637 vel

200 1675 319 1760 legatis
342 1674 444 1760 ipsius
468 1674 611 1740 obtentis
635 1681 692 1739 aut
715 1676 816 1740 etiam
839 1676 1038 1757 obtinendis,
1063 1698 1121 1763 per
1143 1697 1225 1761 quas
1248 1676 1351 1761 ipsius
1375 1675 1522 1739 canonici
1545 1677 1690 1760 provisio
1705 1675 1860 1762 impediri

201 1778 310 1842 valeat
338 1779 390 1842 vel
420 1778 557 1858 differri,
579 1803 637 1854 -3
665 1777 920 1844 contradictores
944 1785 1006 1843 etc.
1053 1777 1199 1850 Quodsi
1223 1799 1288 1842 non
1312 1777 1407 1841 ambo
1430 1786 1494 1841 etc.
1517 1779 1601 1842 alter
1623 1786 1772 1844 vestrum
1795 1786 1859 1847 etc.

309 1898 386 1964 Dat.
409 1897 573 1981 Lugduni,
599 1898 664 1963 XV
686 1897 761 1964 Kal.
786 1899 942 1978 Ianuarii,
966 1918 1051 1963 anno
1067 1898 1141 1962 VI⁰.

985 2423 1072 2497 aaa.

307 2533 527 2628 [naamatites
549 2561 605 2627 IV
620 2583 709 2644 popu
730 2561 889 2647 [Haurico
910 2562 993 2647 III]
1013 2564 1105 2628 alecto
1125 2563 1293 2629 &munci
1315 2562 1470 2645 indulget,
1500 2567 1536 2628 ut
1556 2584 1626 2628 curra
1641 2585 1706 2646 pro
1728 2565 1861 2647 negotiis

200 2666 343 2731 ccclesiae
370 2667 470 2731 multa
497 2668 652 2732 sustineat
677 2686 774 2732 onuu
805 2686 1027 2747 capesserent,
1056 2670 1228 2748 proumtus
1257 2668 1395 2732 omnium
1428 2667 1645 2748 baudolenum
1675 2667 1861 2732 manasti-

201 2790 320 2846 corum,
350 2789 430 2850 qliae
456 2770 551 2855 infru
576 2771 828 2853 quinquennium
853 2772 889 2834 in
912 2771 1078 2835 Laudibus-i
1107 2771 1231 2835 ciuitate
1258 2771 1306 2835 ccl
1328 2771 1441 2834 diuma
1461 2791 1574 2834 uocare
1596 2771 1775 2853 contigerit,
1802 2790 1860 2850 per

202 2873 365 2937 &ennium
386 2873 520 2938 retinere
540 2873 649 2956 possit.
1511 2875 1604 2952 1248,
1627 2871 1702 2938 Dcc.
1717 2875 1773 2937 22.

306 2992 371 3052 Iun.
386 2991 437 3047 IV
446 2993 510 3062 Ray.
524 2993 584 3047 Lu.
600 2994 648 3063 VI,
660 2993 731 3062 416,
744 2999 838 3049 3362.
869 2992 1017 3061 Euunplor
1030 2992 1149 3059 Boiu-aii,
1170 2993 1245 3047 Mac.
1259 2999 1276 3046 t.
1292 2993 1356 3057 VII,
1371 3009 1399 3060 p.
1412 3001 1465 3048 440
1481 2993 1643 3048 contrdanru
1659 3008 1720 3045 curn
1734 2991 1858 3060 Repestie

307 3076 438 3147 Pontou,
458 3078 628 3147 ch.1313l,·
647 3081 745 3147 Berper
761 3085 834 3134 4254.

773 3298 812 3316 ..
842 3242 988 3316 electo
1016 3240 1289 3315 Leodiensi⁵.

301 3391 515 3458 Promerente
528 3399 614 3456 tam⁰
627 3399 682 3458 tue
696 3393 878 3458 devotionis
891 3392 1078 3457 constantia
1089 3412 1186 3477 quam
1198 3391 1274 3455 fidei
1288 3392 1430 3478 puritate
1443 3392 1624 3456 constantis
1636 3398 1670 3457 te
1682 3393 1861 3479 specialem

200 3495 286 3558 inter
307 3494 445 3561 devotos
470 3497 609 3561 ecclesie
631 3498 787 3582 reputari,
811 3496 946 3581 dignum
969 3495 1039 3560 fore
1063 3494 1275 3580 providimus,
1299 3500 1336 3557 ut
1358 3501 1391 3558 te
1414 3495 1447 3559 in
1470 3494 1622 3559 omnibus
1637 3496 1753 3561 farore
1768 3496 1860 3562 beni·

202 3599 276 3662 volo
301 3606 548 3684 prosequentes,
572 3601 786 3685 petitionibus
808 3601 885 3681 tuis,
908 3608 1064 3686 quantum
1083 3621 1155 3663 cum
1173 3597 1246 3662 Deo
1261 3620 1448 3685 possumus,
1471 3599 1651 3664 liberaliter
1665 3621 1861 3666 annuamus.

201 3700 250 3765 Te
274 3700 405 3786 quidem
428 3703 614 3768 insinuante
642 3702 830 3784 didicimus,
859 3711 893 3769 et
921 3704 1035 3790 utique
1062 3704 1139 3768 lidei
1168 3708 1224 3767 tue
1252 3724 1353 3788 opera
1382 3703 1470 3767 clara
1499 3703 1653 3789 probant,
1685 3703 1773 3789 quod
1804 3725 1863 3791 pro

202 3804 344 3889 negotiis
380 3804 520 3870 ecclesie
554 3807 719 3891 generalis
754 3813 910 3893 tanquam
944 3806 1053 3872 nobile
1088 3806 1272 3872 membrum
1312 3808 1415 3893 ipsius
1453 3806 1596 3873 fideliter
1633 3815 1669 3872 et
1707 3814 1865 3894 potenter

201 3906 371 3986 laborans,
405 3908 509 3972 multa
542 3910 686 3975 sustines
715 3932 816 3975 onera
845 3932 1076 3998 expensarum.
1125 3909 1170 3974 Et
1197 3911 1275 3996 quia
1304 3910 1452 3975 redditus
1482 3912 1693 3998 episcopatus
1725 3912 1774 3976 tui
1807 3913 1864 3976 vix

203 4009 371 4074 sufficiunt
396 4009 438 4074 ad
467 4010 654 4077 huiusmodi
685 4015 819 4100 negotia
846 4014 1056 4100 exequenda,
1088 4015 1261 4100 postulasti
1285 4036 1304 4079 a
1327 4014 1424 4079 nobis
1453 4014 1513 4078 tibi
1543 4015 1681 4079 alicuius
1704 4015 1863 4100 specialis

203 4116 310 4200 gretie
333 4115 479 4180 remedio
501 4116 680 4185 subveniri.
719 4119 764 4183 Ut
787 4121 886 4205 igitur
908 4120 971 4186 hec
994 4142 1057 4206 que
1081 4119 1272 4184 incumbunt
1295 4120 1429 4206 negotia
1458 4120 1556 4183 finem
1586 4117 1753 4203 accipiant
1782 4138 1862 4183 eou-

203 4218 397 4283 sumationis
420 4218 557 4304 optate‘,
581 4242 660 4303 nos,
689 4227 756 4286 tam
777 4242 917 4307 persone
940 4230 997 4288 tue
1021 4245 1117 4309 quarn
1141 4224 1220 4309 ipsis
1244 4223 1385 4308 negotiis
1409 4221 1583 4308 providere
1606 4223 1773 4303 volentes,
1804 4221 1863 4286 tibi

203 4321 397 4386 auctoritate
420 4324 601 4408 apostolica
622 4325 843 4411 indulgemus,
866 4333 903 4391 ut
927 4327 1070 4391 omnium
1095 4328 1396 4392 ecclesiasticorum
1417 4325 1652 4392 beneficiorum
1668 4332 1863 4410 proventus,

204 4426 304 4489 etiam
329 4445 439 4490 curam
463 4427 645 4491 animarum
668 4428 870 4510 habentium,
894 4450 957 4516 que
981 4430 1065 4495 inira
1089 4430 1346 4515 quinquennium
1368 4431 1401 4494 in
1425 4436 1482 4493 tua
1505 4427 1637 4493 ciuitate
1661 4426 1714 4491 vel
1737 4425 1862 4492 diocesi

203 4547 322 4593 vacare
346 4528 531 4614 eontigerit,
555 4532 659 4618 possis
682 4553 742 4618 per
763 4533 931 4598 biennium
955 4555 1014 4620 pro
1037 4533 1102 4596 tuis
1118 4533 1369 4599 necessitatibus
1386 4518 1551 4597 retinere‘
1566 4567 1608 4578 —
1624 4530 1861 4595 nonobstante

204 4631 316 4717 aliquo
340 4632 515 4715 contrario,
539 4654 597 4720 per
619 4634 706 4721 quod
729 4643 841 4723 posset
863 4636 1051 4701 huiusmodi
1074 4637 1183 4722 gratia
1205 4636 1366 4724 impediri,
1389 4660 1445 4712 -;
1468 4635 1599 4722 proviso
1621 4633 1710 4719 quod
1733 4641 1858 4700 mamm

205 4755 249 4798 ex
271 4735 351 4820 ipsis
374 4736 588 4821 proventibus
612 4745 806 4820 reservetur,
830 4738 916 4826 quod
939 4741 1044 4827 possit
1066 4740 1198 4804 interim
1219 4761 1280 4827 per
1302 4759 1462 4826 personas
1485 4737 1622 4803 idoneas
1645 4739 1679 4802 in
1701 4738 1858 4815 ecclesiis,

204 4838 236 4900 in
254 4836 372 4921 quibus
388 4838 549 4904 habentur
560 4839 747 4906 huiusmodi
759 4841 930 4923 beneficia,
947 4841 1119 4909 deserviri.
1154 4843 1245 4908 Nulli
1263 4864 1342 4928 ergo
1355 4849 1419 4908 etc.
1431 4848 1543 4907 nostre
1562 4843 1787 4907 concessionis
1797 4847 1856 4906 etc.

312 4957 389 5024 Dat.
412 4958 578 5045 Lugduni,
600 4960 651 5025 XI
673 4961 750 5027 Kal.
774 4962 926 5045 Ianuarii,
950 4963 1126 5030 annoV10.

1178 5121 1340 5130 —-—---—-
1352 5123 1432 5129 ——-
1653 5121 1757 5130 ..m-...-

307 5216 333 5282 ⁸)
351 5219 443 5271 litteris
455 5247 488 5258 -
501 5230 531 5273 nt
548 5222 576 5273 in
593 5223 649 5274 loeo
665 5238 736 5273 ruso.
828 5221 854 5288 b)
872 5224 910 5275 ita
922 5224 955 5277 R.
1052 5224 1076 5290 ⁰)
1095 5226 1140 5277 ltu
1158 5243 1177 5278 u
1195 5232 1309 5277 correcta
1327 5232 1351 5275 et
1367 5224 1452 5275 numu
1468 5225 1615 5292 perspicuo.
1711 5220 1737 5287 θ)
1754 5223 1854 5290 quibu*

203 5320 254 5369 que
274 5302 305 5357 R.
410 5305 434 5374 ο)
451 5313 506 5360 tam
524 5307 593 5360 dem
610 5308 656 5370 B.,·
673 5310 708 5377 cs.
725 5313 805 5362 utu.
909 5308 1036 5379 ooptute
1055 5311 1088 5363 R.

308 5439 333 5506 1)
352 5438 408 5492 Surb
425 5441 479 5497 lul.
494 5449 540 5510 ro;
557 5442 653 5512 Bauer
664 5451 743 5511 41183
760 5443 887 5513 mou,
906 5446 971 5516 1309.
984 5452 1075 5502 13433.
1161 5448 1190 5516 3)
1205 5446 1246 5514 Os.
1258 5463 1287 5516 p.
1299 5453 1358 5516 343,
1377 5451 1431 5502 not.
1444 5457 1466 5502 1.
1556 5448 1586 5517 3)
1599 5446 1682 5518 cap.
1694 5453 1752 5515 433,
1767 5450 1852 5503 που.

200 5525 230 5591 4)
251 5523 409 5591 (urcem
496 5529 1208 5602 oJDeuocefip.ua,aor.ruRotua-Fteter,
1228 5535 1497 5589 lassescamus.
1584 5532 1795 5603 emtum
