4328 6232
201 320 263 384 548
759 316 807 370 EX
826 315 1044 371 INNOCENTII
1063 315 1101 370 1v
1119 314 1301 371 andranno

200 491 293 555 varia
315 489 480 575 explenda
503 491 644 576 negotia,
668 495 767 577 prout
786 491 971 555 necessitas
988 491 1092 575 exigit
1109 496 1143 555 et
1159 489 1335 576 persuadet
1350 489 1487 569 utilitas,
1510 489 1723 555 destinemus.
1762 489 1860 555 Ideo·

198 616 261 680 que
290 597 459 677 timentes,
487 617 530 660 ne
559 594 694 660 hnmani
717 594 846 679 generis
869 595 1036 674 inimicus,
1067 595 1123 679 qui
1145 599 1300 679 tanquam
1323 594 1378 657 lec
1401 595 1534 678 rugiens
1558 594 1686 674 circuit,
1717 615 1861 680 querens

200 719 298 784 quem
314 698 459 781 devoret,
483 704 595 785 partes
611 704 751 779 vestras,
775 718 838 784 que
854 719 874 762 a
889 698 985 762 nobis
1008 699 1106 782 longo
1130 704 1236 762 tractu
1260 699 1359 762 maris
1383 704 1446 763 etc.
1471 704 1628 785 utsupra
1651 699 1684 762 in
1708 700 1862 785 proxima

199 810 340 885 usquc·:
363 801 604 888 impendamus,
628 800 785 866 dilectum
807 801 910 865 filium
933 851 962 867 ..
987 801 1129 865 electum
1146 801 1366 878 Turritanum,
1390 802 1567 887 apostolice
1591 802 1680 867 sedis
1703 802 1861 887 legatum,

200 903 304 968 rhum
326 905 440 991 utique
462 905 632 991 providum
656 911 690 970 et
717 904 912 985 discretum,
941 926 1067 969 morum
1096 905 1271 970 honestate
1294 905 1478 990 preclarum
1501 911 1533 969 et
1557 906 1624 970 suis
1647 905 1862 991 exigentibus
1925 924 1930 959 ε

201 1008 326 1071 meritis
350 1009 444 1073 uobis
469 1016 502 1074 et
525 1008 679 1073 iratribus
703 1009 824 1073 nostris
849 1030 959 1073 carum
984 1007 1160 1073 admodum
1184 1014 1218 1072 et
1241 1014 1424 1094 acceptum,
1448 1029 1607 1073 concessa
1630 1009 1694 1073 sibi
1709 1008 1862 1095 plenaria

200 1114 365 1196 potestate
388 1117 424 1175 ut
448 1112 570 1178 evellat
593 1117 627 1176 et
649 1110 811 1190 destruat,
841 1112 974 1176 edificet
997 1117 1030 1176 et
1052 1112 1194 1198 plantet,
1224 1133 1287 1196 qne
1319 1113 1352 1175 in
1376 1112 1518 1176 ecclesia
1541 1110 1605 1175 Dei
1628 1112 1803 1177 evellenda
1827 1119 1862 1177 et

201 1213 411 1292 destruenda,
437 1213 621 1279 edificanda
638 1215 834 1298 'cognoverit
858 1221 890 1278 et
914 1213 1102 1301 plantanda,
1126 1213 1167 1278 de
1183 1214 1320 1277 fratrum
1336 1220 1519 1277 nostrorum
1535 1213 1672 1278 consilio
1688 1215 1732 1279 ad
1748 1223 1862 1300 partes

200 1324 326 1382 vestras
343 1317 541 1404 providimus
558 1317 799 1381 destinandum.
837 1315 998 1390 Quocirca
1020 1318 1268 1382 universitatem
1285 1322 1429 1381 vestram
1451 1336 1606 1402 rogamus
1629 1324 1663 1381 et
1686 1339 1861 1383 monemus

202 1426 344 1500 attente,
375 1421 522 1485 districte
550 1419 759 1507 precipiendo
782 1419 976 1485 mandantes
1000 1420 1153 1506 quatinus
1177 1419 1341 1505 prelatum
1365 1421 1507 1485 electum
1531 1427 1689 1506 tanquam
1711 1421 1860 1506 legatum

202 1524 381 1609 apostolice
404 1523 501 1605 sedis,
525 1524 623 1587 immo
647 1544 822 1610 personam
845 1531 991 1588 nostram
1015 1524 1212 1609 recipientes
1236 1524 1269 1587 in
1293 1544 1332 1588 eo
1356 1529 1388 1587 et
1410 1523 1587 1588 honorifice
1605 1531 1861 1611 pertractantes,

203 1625 310 1691 eidem
339 1629 558 1693 reverentiam
587 1626 740 1692 devotam
771 1633 805 1691 et
835 1625 980 1691 debitam
1012 1625 1266 1713 impendendol',
1297 1627 1401 1712 ipsius
1432 1628 1633 1693 salutaribus
1660 1629 1796 1693 monitis
1828 1637 1862 1692 st

202 1732 366 1817 preceptis
401 1733 512 1818 pronis
546 1730 713 1796 mentibus
748 1729 923 1793 intendatis
960 1737 993 1794 et
1027 1751 1090 1815 que
1124 1731 1210 1794 inter
1243 1750 1301 1794 vos
1333 1730 1508 1795 statuenda
1539 1730 1671 1797 duxerit
1701 1739 1861 1817 tanquam

203 1833 384 1899 deuotionis
419 1836 474 1899 filii
509 1835 649 1900 teneatis
683 1833 819 1898 firmiter
853 1841 886 1897 et
921 1835 1073 1913 servetis,
1108 1832 1286 1918 prestando
1322 1833 1383 1898 sibi
1416 1835 1588 1913 auxilium,
1623 1836 1798 1900 consilium
1828 1844 1861 1901 et

202 1937 365 2020 savorem,
399 1950 524 2024 quem0,
558 1939 722 2023 dirigente
749 1937 890 2001 Domino
917 1960 1052 2021 gressus
1082 1940 1167 2018 eius,
1197 1938 1245 2002 ita
1273 1938 1425 2003 incedere
1452 1940 1506 2003 via
1536 1940 1629 2024 regia
1659 1941 1860 2026 procurabit,
1923 1955 1930 1991 ὲ

202 2040 286 2125 quod
303 2042 388 2106 sicut
404 2042 435 2106 ei
452 2042 528 2106 viva
543 2062 624 2107 voce
642 2040 790 2107 dedimus
806 2042 838 2105 in
856 2040 1030 2119 mandatis,
1054 2063 1119 2106 non
1143 2041 1322 2107 declinabit
1344 2041 1385 2107 ad
1408 2042 1579 2107 dexteram
1603 2044 1656 2107 uel
1681 2044 1859 2109 sinistram.

202 2142 355 2231 Alioquin
379 2146 587 2227 sententiam,
611 2166 707 2230 quam
731 2144 818 2209 idem
841 2146 904 2209 rite
929 2151 990 2212 etc.

311 2265 387 2330 Dat.
411 2273 449 2331 ut
472 2287 580 2353 supra.

310 2385 350 2450 In
372 2386 512 2452 eundem
536 2385 668 2451 modum
692 2385 970 2473 archiepiscopis¹
994 2394 1056 2454 etc.
1080 2409 1139 2473 per
1162 2387 1331 2454 Corsicam
1354 2388 1550 2452 constitutis.

310 2488 349 2554 I'n
373 2490 513 2555 eundem
529 2490 662 2556 modum
680 2490 852 2571 iudicibus,
876 2491 1058 2571 comitibus,
1082 2493 1282 2571 castellanis,
1306 2491 1444 2576 aliisque
1460 2490 1635 2570 nobilibus,
1660 2493 1859 2569 rectoribus,

202 2593 321 2658 balivis
345 2599 379 2658 st
402 2594 520 2658 ceteris
545 2593 668 2659 Christi
690 2593 841 2659 fidelibus
865 2615 923 2679 per
947 2594 1132 2660 Sardiniam
1156 2596 1353 2660 constitutis.

288 2696 351 2760 ·In
373 2697 512 2761 eundem
537 2696 667 2762 modum
691 2697 855 2761 nobilibus
879 2697 956 2762 viris
980 2698 1140 2763 iudicibns
1163 2705 1227 2764 etc.
1250 2719 1310 2783 per
1333 2695 1499 2761 Corsicam
1524 2699 1721 2764 constitutis.

990 3254 1076 3328 743.

309 3364 527 3458 Inonem
549 3392 608 3457 ιι
621 3413 709 3474 papa
732 3392 846 3456 asam
876 3393 1021 3471 mancat,
1050 3399 1085 3457 n
1107 3393 1210 3479 fenea
1240 3398 1269 3457 a
1295 3394 1444 3476 conca
1472 3394 1681 3459 ecccaasaca
1708 3393 1864 3457 amana

203 3494 357 3580 auferant
378 3500 407 3559 ct
428 3496 468 3561 dc
489 3497 619 3561 consilio
641 3497 729 3561 electi
754 3496 932 3572 Turritam',
956 3496 1249 3577 apostolicaesedis
1271 3498 1375 3580 legati,
1397 3498 1513 3562 devotis
1535 3498 1713 3584 conferant.

1511 3601 1604 3677 1249,
1627 3598 1705 3666 Iun.
1723 3604 1773 3664 10.

308 3684 372 3739 Ion.
385 3683 434 3738 IV
449 3683 513 3753 Ray.
533 3684 592 3740 Iob.
608 3683 657 3752 VI,
673 3684 693 3749 s.
708 3692 746 3751 74,
764 3699 820 3737 car.
837 3700 866 3737 a.
881 3691 918 3737 70.

310 3769 441 3836 Pastas,
459 3769 522 3838 Ray.
536 3777 625 3834 raram
644 3769 740 3838 Barce
758 3775 829 3823 4731.

325 3961 732 4053 Archiepiscopis
759 3966 803 4034 et
830 3962 1093 4054 episcopia,
1120 3963 1376 4037 abbatibus
1404 3967 1485 4035 etc.
1515 3969 1742 4053 utsupra

678 4101 760 4172 per
787 4082 1061 4157 Sardiniam
1089 4084 1384 4157 constitutis,

311 4229 439 4294 Recte‘1
472 4229 743 4295 considerationis
775 4230 927 4295 examine
959 4229 1044 4295 libra
1078 4229 1276 4317 presidentis
1307 4228 1514 4316 appenditur,
1549 4251 1622 4295 cum
1655 4229 1863 4296 subditorum

206 4333 322 4398 merita
359 4335 405 4398 sic
444 4334 532 4399 iusta
571 4335 784 4399 extimatione
817 4340 1008 4420 pensantur,
1048 4342 1085 4398 nt
1123 4333 1315 4398 devotorum
1352 4334 1520 4417 obsequiis
1555 4332 1729 4398 retributio
1764 4333 1867 4420 digna

206 4436 406 4523 respondeat
429 4445 464 4502 et
487 4438 650 4524 obprobrii
674 4459 760 4524 pena
781 4438 932 4524 perpetui
955 4435 1133 4501 infidelium
1157 4438 1242 4502 colla
1264 4444 1403 4523 premat.
1449 4435 1505 4500 Sic
1528 4438 1614 4501 enirn
1638 4437 1670 4500 in
1700 4436 1865 4502 bonorum

205 4539 374 4605 beneficiis
397 4541 507 4627 plures
530 4541 572 4605 ad
588 4541 742 4606 virtutum
767 4541 885 4604 merita
907 4541 1097 4624 eriguntur⁰
1114 4547 1147 4605 et
1162 4541 1195 4603 in
1211 4560 1387 4626 pravorum
1403 4540 1498 4626 penis
1515 4541 1632 4605 ceteris
1651 4540 1865 4626 delinquendi

204 4641 339 4707 audatia
361 4644 564 4729 prohibetur.
610 4643 692 4708 Cum
715 4645 841 4728 itaque,
866 4644 952 4707 sicut
975 4644 1178 4730 accepimus,
1210 4643 1358 4707 nonnulli
1381 4643 1490 4707 clerici
1513 4649 1546 4708 et
1569 4643 1645 4707 laici
1668 4664 1689 4707 a
1712 4645 1808 4709 vobis
1831 4652 1867 4710 et

205 4749 324 4812 vestris
348 4748 497 4813 ecclesiis
521 4748 620 4813 leuda
642 4756 676 4813 et
699 4748 927 4813 ecclesiastica
943 4749 1104 4812 beneficia
1119 4749 1305 4812 obtinentes
1322 4747 1514 4812 adhcserint
1530 4754 1564 4811 et
1579 4747 1685 4812 adhuc
1701 4748 1865 4815 adherere

204 4857 396 4936 presumant
424 4851 462 4915 ll.
485 4851 650 4936 qnondam
679 4851 867 4937 imperatori
896 4859 930 4916 et
962 4853 1032 4916 eins
1066 4852 1155 4929 filiis,
1193 4851 1461 4937 persecutoribus
1495 4851 1633 4916 ecclesie
1667 4851 1865 4933 manifestis,

309 5112 334 5176 ⁸)
352 5113 438 5163 minus
455 5089 537 5173 recte,-¹
554 5113 633 5164 cerba
650 5129 689 5177 ep.
707 5110 877 5162 concederetis
894 5111 954 5162 hade
971 5113 1027 5164 loco
1045 5130 1097 5163 mar
1116 5113 1274 5164 ammentant.
1379 5110 1403 5174 1’)
1423 5112 1575 5180 impcdanda
1587 5112 1634 5174 ln,-
1656 5114 1758 5178 ripnuar
1777 5124 1792 5132 ·
1811 5113 1868 5163 alic

205 5197 325 5249 tiochcrc.
431 5199 453 5262 ο)
471 5206 596 5266 quantum
608 5197 641 5249 B.
746 5194 772 5262 ὖ)
791 5197 842 5263 ΕΡ.
861 5215 918 5249 cum
935 5217 962 5250 n.
974 5202 1022 5250 681
1035 5198 1119 5248 XXX
1132 5207 1154 5250 et
1172 5199 1319 5250 acerranos
1336 5216 1393 5249 cum
1412 5197 1666 5251 acascomarcos.
1774 5198 1798 5263 ⁸)
1817 5200 1865 5250 sri-

204 5288 240 5350 ga
254 5281 259 5348 l
274 5291 318 5335 tur
335 5283 368 5335 B.

310 5420 335 5483 1)
354 5416 445 5472 Error
461 5418 647 5487 repratratorr'a,
672 5421 720 5488 qur·
736 5437 793 5474 aon
810 5437 849 5489 ep.
866 5421 995 5491 intepram
1008 5438 1077 5491 prae
1093 5438 1121 5475 sc
1138 5420 1247 5484 lrobrcit,
1271 5421 1315 5474 aad
1332 5421 1464 5489 prumam
1480 5420 1558 5474 acrba
1575 5361 1684 5474 tardum
1701 5422 1794 5489 aliquo
1810 5422 1864 5475 locu
1912 5436 1930 5474 ι

204 5507 350 5571 ammata,
374 5517 408 5556 aa
428 5503 525 5570 quobus
545 5503 616 5557 basse
638 5504 849 5574 immaniores,
876 5506 1068 5562 ammedcntaa
1088 5507 1242 5576 acylipmtcr
1262 5506 1394 5575 amcam,
1417 5506 1584 5575 comminuit·
1609 5507 1641 5560 iss
1664 5505 1772 5560 welca
1794 5508 1862 5560 enirn

204 5587 465 5657 archiepiscopium
482 5589 691 5655 atheum
708 5596 797 5647 ator
815 5597 841 5646 et
858 5592 943 5648 NA
962 5599 981 5649 t.
997 5594 1271 5663 X,p.638dscqu.
