4784 6332
1011 425 1057 486 EX
1076 423 1295 486 mnoonurn
1314 421 1353 480 tv
1371 419 1551 482 santerna

709 758 748 776 ..
776 699 1071 776 thesaurario
1099 700 1257 773 Sancti
1285 699 1454 772 Thome
1481 696 1842 790 Argentinensis

558 851 649 930 Cum,
667 852 750 915 sicut
766 851 962 934 accepimus,
985 848 1124 913 dilectus
1141 847 1228 911 lilius
1244 847 1409 913 Henrious
1427 847 1466 912 de
1484 845 1742 912 Gerolrlisecke¹
1767 848 1942 911 canonicus
1959 847 2097 912 ecclesio

449 955 630 1042 Spirensis,
663 977 704 1019 ex
737 975 775 1018 eo
802 954 887 1039 quod
916 975 951 1018 se
979 959 1133 1040 patenter
1161 952 1314 1038 opposuit
1337 951 1520 1015 fautoribus
1543 951 1581 1017 F.
1604 950 1765 1034 quondam
1790 950 2011 1036 imperatoris,
2033 973 2097 1015 non

447 1058 569 1125 audeat
597 1060 632 1123 in
664 1060 796 1124 civitate
821 1057 968 1144 Spirensi
1002 1077 1117 1121 secure
1147 1055 1265 1119 morari
1276 1055 1298 1134 ²,
1322 1054 1534 1131 mandamus,
1567 1055 1736 1139 quatinus,
1769 1054 1796 1116 si
1828 1062 1879 1118 est
1902 1055 1962 1134 ita,
1995 1054 2098 1120 eidem

403 1194 404 1197 ¹
447 1161 592 1227 Henrico
616 1169 793 1248 proventus
817 1161 986 1248 prebende
1011 1183 1069 1226 sue
1093 1161 1198 1246 ipsius
1221 1159 1362 1224 ecclesie
1386 1181 1490 1244 usque
1514 1158 1554 1224 ad
1570 1159 1756 1230 triennium,
1778 1159 1974 1244 ubicumque.
1991 1161 2098 1238 luerit,

447 1267 549 1330 facias
572 1267 699 1352 integre
721 1265 957 1330 ministrari-
974 1287 1039 1329 non
1062 1264 1212 1329 obstante
1236 1264 1399 1327 contraria
1415 1262 1650 1328 consuetudine
1674 1263 1726 1327 vel
1751 1268 1872 1325 statuto
1893 1289 1947 1330 -:
1971 1271 2097 1327 contra-

447 1369 589 1434 diotorcs
613 1376 673 1434 etc.

554 1491 632 1556 Dat.
654 1490 817 1576 Lugduni,
841 1489 907 1554 XII
930 1489 1005 1554 Kal.
1029 1489 1117 1570 Maii,
1141 1511 1227 1554 anno
1251 1490 1395 1575 quartol.

1111 2123 1115 2136 ¹
1229 2097 1315 2170 328.

548 2193 766 2286 Innocentius
782 2220 836 2286 IV
859 2242 949 2305 popo
970 2221 1151 2285 scholastico
1179 2225 1208 2284 et
1234 2219 1432 2284 thesaurario
1462 2217 1670 2283 l’nalcnsibas
1698 2219 1742 2283 ad
1765 2239 1874 2301 proces
1899 2221 2098 2307 [erdowics‘]

444 2324 564 2390 comitis
590 2325 626 2388 (lc
648 2325 846 2389 Raocnsberc
872 2329 900 2388 rt
927 2326 1098 2389 comnmnis
1119 2325 1320 2403 arroensis,
1351 2322 1527 2387 decolorant
1549 2322 1706 2398 ecolesma,
1733 2323 1879 2401 mandat,
1901 2329 1937 2387 nt
1958 2325 2097 2388 chn'm

444 2427 569 2504 clerico,
600 2431 676 2491 noto
705 2426 871 2510 Volopordt
899 2428 1036 2492 consulis
1062 2427 1200 2492 civitatis
1221 2426 1418 2504 Bremenaia
1446 2427 1481 2488 in
1510 2425 1634 2489 ciuitate
1663 2427 1709 2489 ool
1737 2426 1850 2491 diocesi
1872 2427 2039 2492 Bremensi
2061 2428 2098 2490 dc

437 2529 622 2609 praebenda
640 2530 835 2610 provideant.
1714 2532 1807 2606 1247,
1829 2531 1936 2614 Apin.
1958 2533 2010 2595 20.

547 2649 610 2702 Inn.
624 2648 645 2701 I
648 2648 674 2701 V
684 2649 747 2719 aa).
766 2649 820 2703 Vol.
834 2650 857 2717 I,
869 2655 939 2715 3805
956 2648 1017 2702 Ia'lr.
1031 2649 1051 2702 I
1054 2649 1082 2716 V,
1100 2657 1153 2703 661.
1196 2649 1351 2714 Eremploa
1370 2647 1441 2714 qnod
1460 2649 1557 2715 Rapo·
1574 2647 1665 2714 crlirlit,
1684 2665 1744 2702 crem
1763 2649 1880 2716 Regae-stra
1897 2652 2008 2703 corstulr't
2026 2656 2048 2702 et
2066 2666 2098 2702 er

443 2735 482 2788 er's
499 2735 628 2804 atpplera't
652 2735 682 2789 V.
697 2735 736 2789 01.
755 2735 789 2790 A.
809 2736 889 2788 Man.

548 2823 645 2890 Beryrr
659 2829 735 2877 2588.

610 3073 649 3092 ..
678 3018 935 3093 scolastico
963 3023 1005 3091 et
1034 3016 1404 3091 ..thesaurario
1431 3015 1690 3090 Verdensis
1717 3018 1940 3092 ecclesie.

552 3167 617 3231 Per
633 3168 741 3233 studia
756 3169 932 3235 laudabilis
949 3169 1208 3234 conversationis
1232 3175 1266 3232 et
1287 3168 1355 3231 vite
1380 3166 1520 3232 dilectus
1543 3167 1629 3231 lilius
1646 3167 1810 3234 llenrious
1827 3171 1976 3252 clericus,
2000 3175 2096 3234 natus

444 3267 554 3334 dilecti
582 3271 640 3336 filii
664 3273 843 3360 Vologardi
872 3273 1017 3337 consulis
1048 3273 1192 3337 civitatis
1215 3271 1423 3349 Bremensis,
1451 3293 1487 3335 se
1511 3271 1644 3356 dignum
1668 3271 1804 3336 reddere
1828 3272 1959 3348 dicitur,
1991 3280 2027 3337 ut
2054 3272 2094 3337 de

443 3374 647 3459 benignitate
672 3376 758 3441 sedis
782 3377 980 3465 apostolice,
1004 3375 1122 3441 adesso
1146 3376 1358 3440 benemeritis
1381 3374 1589 3454 delectante,
1615 3376 1792 3462 specialem
1816 3378 1954 3461 gratiam
1979 3399 2095 3441 conso·
2129 3381 2132 3386 '

443 3485 571 3560 quatur.
617 3477 703 3543 Hinc
720 3487 780 3556 est,
803 3479 889 3566 quod
905 3502 964 3545 nos
979 3481 1099 3544 intuitu
1116 3481 1304 3544 meritorum
1328 3478 1514 3543 huiusmodi
1539 3484 1572 3542 et
1592 3479 1729 3543 obtentu
1746 3479 1940 3543 dilectorum
1956 3480 2096 3545 liliorum

443 3581 562 3645 nobilis
601 3584 660 3647 viri
691 3633 724 3649 ..
754 3585 878 3649 comitis
905 3582 947 3648 de
975 3582 1228 3648 fflvenesbert⁴
1252 3589 1284 3646 et
1315 3582 1497 3646 eommunis
1527 3582 1732 3661 Bremensis,
1763 3582 1858 3646 nobis
1889 3590 1922 3647 et
1949 3583 2096 3648 Romane

445 3685 585 3748 ecclesio
620 3685 826 3768 devotorum,
860 3687 913 3773 qui
941 3687 1037 3751 nobis
1067 3692 1202 3772 propter
1231 3685 1293 3750 hoo
1322 3685 1514 3749 direxerunt
1544 3705 1660 3770 preces
1696 3692 1730 3750 et
1762 3687 1889 3750 litteras
1924 3687 2094 3772 speciales,

444 3787 653 3866 mandamus,
685 3793 836 3874 quatinus
870 3789 977 3855 eidem
1000 3790 1162 3867 Henrioo,
1194 3789 1319 3853 nullum
1350 3796 1446 3875 prout
1470 3789 1589 3853 asserit
1613 3788 1874 3854 ecclesiasticum
1898 3791 2094 3855 beneficium

443 3899 611 3972 assecuto,
639 3895 672 3958 in
695 3895 804 3980 aliqua
826 3895 1039 3959 ecclesiarum
1069 3895 1211 3958 civitatis
1241 3893 1293 3958 vel
1322 3891 1463 3956 diocesis
1487 3892 1694 3974 Bremensis‚
1718 3893 1898 3958 cathedrali
1923 3893 2094 3958 dumtaxat

2151 2338 2175 2376 lo

2150 2847 2174 2885 ¹5

2149 3509 2175 3548 20

444 4005 593 4082 excepta,
616 3997 657 4063 de
675 3998 853 4085 prebenda,
878 3999 905 4062 si
928 4006 1023 4062 vacat
1045 3998 1086 4063 ad
1109 4020 1244 4084 presens
1266 3999 1319 4063 vel
1343 4017 1438 4081 quam
1464 3998 1526 4060 cito
1550 4019 1667 4062 vacare
1690 3998 1875 4082 contigerit,
1899 3998 2093 4062 auctoritate
2161 4027 2172 4064 r.

444 4107 556 4164 nostra
578 4100 752 4187 providere
776 4104 896 4168 curetis
913 4124 1034 4167 -non
1058 4104 1235 4168 obstante·
1257 4103 1285 4166 si
1308 4101 1480 4180 ecclesian,
1505 4102 1538 4165 in
1563 4123 1627 4187 qua
1651 4102 1713 4166 sibi
1737 4101 1898 4167 duxeritis
1923 4100 2094 4190 providen-

444 4201 531 4279 dum,
555 4210 680 4269 certum
697 4205 820 4270 habeat
836 4207 1064 4271 canonicorum
1081 4227 1251 4272 numerum
1267 4207 1450 4271 iuramento
1469 4226 1526 4269 sou
1543 4226 1746 4291 quacumque
1760 4207 1911 4271 firmitate
1929 4207 2095 4284 vallatum,

443 4306 496 4370 vel
520 4307 548 4369 si
571 4327 629 4392 pro
653 4308 717 4372 alio
749 4309 780 4372 in
804 4311 877 4398 ipsa
899 4312 1021 4399 scripto
1044 4317 1156 4375 nostra
1179 4310 1376 4388 direximus,
1408 4309 1460 4374 cui
1489 4310 1638 4373 nolumus
1666 4310 1861 4374 auctoritate
1893 4309 2095 4395 presentium

443 4403 657 4493 preiudioiurn
680 4413 843 4496 generari,
868 4419 925 4477 aut
948 4415 1057 4500 aliqua
1081 4414 1295 4500 indulgentia,
1320 4413 1361 4478 de
1385 4435 1449 4498 qua
1465 4412 1643 4498 specialem
1667 4414 1700 4477 in
1717 4413 1836 4477 litteris
1853 4414 1973 4477 nostris
1998 4434 2093 4497 opor·

442 4517 511 4576 teat
533 4512 604 4578 lieri
628 4515 826 4580 mentionem
851 4543 908 4593 -;
933 4517 1188 4583 contradictores
1211 4524 1273 4584 eto.

551 4633 618 4698 Dat
639 4633 802 4721 Lugduni,
823 4635 892 4701 ΧΠ
915 4637 989 4703 Kal.
1015 4637 1105 4721 Maii,
1130 4659 1215 4704 anno
1239 4640 1383 4724 quarto⁵.

546 4929 570 4994 ⁸)
588 4946 625 4980 en
641 4948 693 4982 non
712 4932 777 4982 obst.
797 4951 829 4974 =
848 4931 1097 4984 nonobstantibus?
1192 4931 1218 4997 b)
1236 4934 1258 4984 si
1275 4934 1302 4983 in
1319 4933 1428 4986 aedesio
1446 4934 1479 4987 R.

547 5099 572 5166 l)
592 5099 629 5152 In
648 5099 753 5168 Badra,
772 5117 804 5153 ex
821 5117 859 5157 or.
877 5102 923 5155 cia.
943 5101 1026 5154 Loltr.
1126 5102 1154 5170 2)
1174 5101 1217 5155 ‘A.
1237 5109 1302 5155 1247
1316 5101 1455 5155 inondant
1472 5102 1583 5158 domnia
1601 5103 1755 5159 blidericus
1772 5103 1914 5173 irnpnator
1931 5103 1978 5157 eici
1995 5103 2093 5156 clenna

443 5187 593 5254 Spirrrncm
613 5203 632 5238 o
655 5187 757 5240 mortale
778 5187 898 5256 Spirensi
921 5205 970 5256 per
994 5187 1164 5242 Fridnr'cum
1190 5188 1304 5241 comites
1326 5189 1357 5242 dc
1379 5188 1531 5256 biningen,
1555 5193 1629 5246 Ann.
1650 5191 1756 5260 Spiren.
1775 5189 1822 5246 SS.
1839 5195 1857 5244 t.
1879 5189 1909 5243 X
1916 5189 1983 5256 VII,
2001 5207 2032 5258 p.
2050 5197 2091 5243 84.

441 5273 468 5338 3)
488 5273 540 5341 Ap.
561 5272 661 5341 Brrper
678 5279 749 5343 2495,
770 5279 845 5341 2636,
863 5279 930 5328 2686
946 5273 1080 5328 Henaton
1101 5272 1132 5326 de
1151 5273 1183 5326 G.
1202 5289 1282 5341 nepos
1299 5273 1443 5343 [Henrr'm']
1462 5275 1530 5328 dccli
1547 5275 1679 5343 Sperante
1697 5281 1817 5343 martura·
1834 5275 1881 5343 qni
1897 5275 1993 5330 electen
2007 5276 2091 5340 frater
2156 5301 2167 5336 ς,

441 5358 514 5411 illius
534 5357 668 5412 Fridnrci
686 5359 786 5412 maritis
802 5357 835 5412 rte
852 5358 988 5427 lanima
1002 5360 1070 5426 fnit,
1088 5359 1121 5413 de
1137 5375 1189 5426 qno
1205 5359 1238 5426 cs.
1257 5359 1334 5412 ctiam
1354 5360 1586 5428 Belsinon-Fr'clm3
1606 5363 1622 5417 l.
1640 5379 1662 5416 c.
1682 5367 1878 5430 4616664626,
1897 5367 1919 5415 et
1938 5361 2093 5415 Emldrom'a

440 5443 589 5496 comitissis
607 5445 750 5512 narsem,
765 5445 813 5512 qni
830 5462 857 5500 a.
876 5451 940 5498 1246
953 5451 1044 5513 portes
1061 5446 1176 5500 Heni-ici
1194 5445 1284 5515 Ruspe
1299 5448 1366 5516 repis
1383 5454 1487 5502 asculan
1504 5454 1553 5509 est,-
1571 5449 1804 5514 Rblrmer-Fictm
1822 5451 1838 5502 l.
1853 5467 1874 5502 c.
1892 5457 1959 5504 4667
1974 5455 1998 5502 et
2015 5455 2091 5502 4868.

441 5559 474 5570 -
493 5529 531 5596 ilfi
556 5529 633 5583 otiam
652 5531 750 5599 Berper
768 5539 846 5599 2496,
871 5537 1075 5585 assectator.
1179 5533 1207 5598 l)
1227 5531 1270 5586 Dr
1290 5534 1338 5588 lroc
1354 5535 1384 5600 cf.
1402 5553 1430 5588 n.
1449 5543 1505 5591 287.
1609 5539 1635 5603 6)
1656 5537 1715 5590 ,tub
1735 5537 1803 5590 Μαί.
1821 5545 1852 5591 16
1865 5553 1940 5604 pons
1957 5535 2092 5589 melanico

443 5615 592 5669 Suaotr'oan'
614 5615 714 5685 [rnen]
736 5617 840 5670 666666
863 5616 1005 5670 eorundem
1028 5617 1174 5686 imminuit,
1199 5625 1230 5672 nt
1254 5621 1401 5674 Hrnricnm
1425 5623 1456 5674 ln
1477 5622 1571 5690 aliqua
1595 5623 1764 5676 ecclesiarum
1787 5623 1899 5676 catana
1924 5621 1961 5674 rel
1983 5621 2090 5674 dianna

442 5701 593 5756 Bremnsn'a
609 5701 690 5768 reensi
704 5701 800 5768 faceret
818 5704 848 5756 in
865 5703 1039 5772 mnostrum
1058 5705 1154 5774 Rupes·
1171 5712 1241 5762 2681.

2142 5737 2169 5776 40
