4328 6232
823 339 1023 394 amsromn
1043 338 1231 394 sanamus.
1269 341 1343 395 aas.
1872 349 1912 409 57

261 526 291 577 ct
314 512 360 576 sio
383 513 545 597 insignem
569 513 712 578 reddidit
736 515 909 599 singularis
932 514 1103 599 privilegio
1127 515 1313 599 potcstatis,
1343 523 1379 580 ut
1403 538 1461 602 per
1485 517 1556 581 eius
1581 519 1795 582 ministerium
1821 541 1914 584 suum

260 616 381 679 iustitia
410 626 631 703 consequatur
658 619 812 684 effectum
841 625 873 683 et
904 617 1018 681 sedato
1049 640 1243 702 guerrarum
1268 618 1399 683 turbine
1422 619 1544 684 mundo
1568 622 1670 707 possit
1694 624 1914 708 tranquillitos

261 721 439 804 provenire.
484 720 592 785 Huius
623 723 708 786 enim
737 722 986 807 prominentiam
1018 721 1186 805 dignitatis
1215 722 1291 786 dum
1317 744 1375 788 nos
1400 730 1592 790 reverenter
1614 726 1829 805 attendimus,
1860 729 1914 812 qui

262 825 409 909 regimini
433 827 596 911 generalis
621 829 760 891 ecclesie
784 828 861 892 licet
884 828 1024 891 inmeriti
1049 826 1158 890 divina
1174 827 1378 911 providentia
1396 829 1610 913 presidemus,
1634 828 1801 903 reddimur
1816 829 1914 893 corde

212 952 220 985 ε.
261 926 400 1001 solliciti,
425 929 510 1014 quod
533 932 740 1016 tempestatis
766 931 889 1008 horror,
913 952 977 1016 qua
1001 931 1073 1015 ipsa
1095 930 1247 993 turbatur
1270 932 1411 995 ecelesia
1436 939 1468 994 et
1492 932 1608 1016 religio
1626 931 1813 996 Christiana
1836 954 1914 997 con·

261 1033 389 1101 entitur.
414 1055 473 1119 per
496 1043 607 1098 nostre
630 1036 824 1119 provisionis
847 1036 1007 1098 auxilium
1031 1036 1147 1099 celesti
1172 1036 1295 1120 pietate
1312 1035 1454 1120 propitia
1475 1036 1694 1120 propulsetur.
1731 1036 1817 1101 Hine
1836 1042 1914 1113 est⁸,

261 1135 345 1220 quod
367 1158 437 1215 nos,
460 1146 496 1202 ut
518 1139 589 1223 ipsa
613 1139 756 1203 ecclesia
779 1160 836 1224 por
858 1138 1003 1203 fidelium
1027 1138 1160 1202 salubre
1178 1139 1350 1202 eonsilium
1368 1145 1401 1203 et
1417 1140 1575 1202 auxilium
1592 1138 1792 1203 fructuosum
1811 1146 1914 1204 status

260 1238 358 1304 debiti
375 1242 480 1326 possit
495 1240 619 1307 habere
636 1240 798 1318 decorem,
823 1248 856 1306 et
872 1241 1073 1326 deplorando
1089 1241 1190 1306 Terre
1209 1240 1328 1305 Sancte
1352 1241 1529 1305 discrimini
1542 1250 1581 1306 et
1597 1241 1718 1306 afflicto
1735 1241 1914 1307 Romaniab

261 1344 397 1429 imperio
428 1366 568 1431 propere
592 1346 701 1411 valeat
731 1345 897 1410 subveniri
928 1367 965 1409 ac
996 1347 1132 1410 inveniri
1157 1346 1336 1410 remedium
1361 1352 1475 1410 contra
1497 1345 1651 1411 Tartarus
1675 1354 1708 1411 et
1731 1347 1812 1411 alios
1837 1369 1914 1411 con-

260 1453 439 1533 temptores
468 1447 544 1514 iidci
573 1469 611 1513 ac
644 1455 877 1534 persecutores
911 1449 1019 1534 populi
1050 1448 1242 1524 Christiani,
1277 1470 1405 1514 necnon
1436 1470 1495 1534 pro
1530 1449 1678 1534 negotio,
1714 1450 1801 1535 quod
1831 1450 1916 1515 inter

260 1551 433 1615 ecclesiam
464 1560 497 1615 et
526 1553 707 1639 principem
736 1553 882 1632 vertitur,
919 1572 1015 1636 reges
1048 1560 1151 1629 terro,
1190 1553 1335 1636 prelatos
1371 1553 1585 1617 ecclesiarum
1623 1561 1657 1617 et
1689 1554 1771 1617 alios
1803 1553 1915 1617 mundi

260 1654 422 1741 principes
438 1654 592 1720 duximus
608 1654 826 1720 advocandos.
863 1655 1029 1740 Rogamus
1047 1655 1156 1741 itaque
1173 1655 1412 1720 fraternitatem
1428 1663 1516 1720 tuam
1533 1665 1566 1720 et
1581 1657 1750 1721 hortamur
1767 1663 1915 1722 attente⁰

260 1757 467 1844 precipiendo
491 1757 696 1837 mandantes,
724 1761 876 1844 quatinus
901 1759 941 1823 ad
966 1760 1165 1845 presentiam
1190 1765 1332 1823 nostram
1357 1760 1445 1823 omni
1469 1781 1602 1846 prorsus
1626 1762 1801 1826 occasione
1823 1769 1914 1846 post-

260 1862 364 1946 posita
388 1881 492 1946 usque
516 1861 558 1926 ad
580 1864 763 1949 proximum
784 1863 904 1928 festum
921 1864 1026 1927 sancti
1042 1863 1198 1928 Iohannis
1217 1863 1367 1948 Baptista
1385 1865 1602 1949 personaliter
1618 1865 1730 1930 venire
1747 1885 1915 1950 procures,

262 1971 296 2027 ut
323 1964 397 2050 ipss
431 1967 573 2032 ccclesia
603 1988 646 2031 ex
677 1974 732 2031 tue
761 1967 960 2031 visitationis
992 1966 1114 2031 honore
1146 1966 1317 2051 spirituale
1347 1967 1503 2052 gaudium
1532 1973 1566 2031 et
1595 1990 1638 2032 ex
1669 1977 1726 2032 tua
1756 1967 1916 2032 industria

261 2070 430 2134 consilium
459 2072 619 2159 pereipiat
649 2072 868 2159 profuturum3
900 2072 1042 2137 sciturus
1071 2070 1156 2156 quod
1186 2092 1245 2135 nos
1275 2070 1398 2135 dictum
1429 2073 1611 2158 principem
1635 2072 1668 2135 in
1691 2070 1914 2157 predicatione

262 2182 369 2237 nostra
401 2174 573 2239 citavimus
586 2176 608 2254 ¹,
646 2182 683 2239 ut
717 2197 776 2260 par
810 2197 845 2240 se
875 2175 926 2239 vel
961 2196 1037 2239 suos
1073 2175 1204 2239 nuntios
1239 2176 1270 2238 in
1305 2175 1443 2239 concilio
1479 2174 1679 2239 celebrando
1716 2180 1915 2260 compareat,

263 2295 477 2361 responsurus
501 2277 593 2342 nobis
617 2287 651 2342 et
674 2278 756 2349 aliis,
781 2279 835 2362 qui
859 2276 980 2363 aliquid
1005 2284 1117 2341 contra
1141 2278 1248 2362 ipsum
1272 2276 1520 2363 proponendum
1545 2277 1714 2355 duxerint,
1737 2278 1792 2341 et‘l
1820 2279 1916 2342 satis-

262 2379 433 2444 factionem
479 2380 628 2445 idoneam
672 2381 879 2466 prestiturus.
936 2379 987 2444 De
1027 2401 1240 2466 personarum
1281 2387 1390 2445 autem
1429 2388 1462 2445 et
1496 2382 1701 2447 evectionum
1748 2381 1915 2446 moderato

207 2498 218 2533 ι
264 2504 396 2547 numero
426 2484 531 2562 illam,
564 2505 636 2548 cum
661 2483 806 2561 veneris,
838 2484 1076 2569 providentiam
1100 2483 1254 2559 habebis,
1287 2484 1371 2569 quod
1396 2490 1451 2548 tue
1476 2485 1571 2549 nimis
1595 2506 1752 2548 onerosus
1776 2485 1914 2549 ecclesio

263 2607 322 2650 uon
346 2587 483 2652 existas.
522 2585 677 2653 Ceterum
694 2587 843 2651 volumus
868 2595 901 2651 et
925 2587 1127 2668 mandamus,
1152 2595 1186 2651 ut
1210 2589 1427 2673 suffragancis
1443 2589 1518 2667 tuis,
1542 2587 1626 2674 quod
1643 2588 1760 2653 codem
1776 2589 1914 2653 termino

262 2711 314 2775 pro
338 2690 400 2754 hiis
425 2689 466 2755 ad
489 2690 689 2777 presentiam
713 2697 858 2754 nostram
881 2681 1050 2771 accedant,
1075 2713 1188 2756 corum
1215 2713 1290 2755 vcro
1314 2692 1476 2778 capitulis,
1500 2690 1585 2776 quod
1609 2692 1739 2756 mittant
1762 2690 1914 2779 providos

262 2795 387 2857 nuntios
411 2803 444 2858 ct
467 2793 592 2875 fideles,
617 2795 672 2880 qui
689 2794 760 2858 vice
786 2794 927 2879 ipsorum
951 2795 1030 2858 utile
1054 2793 1150 2858 nobis
1175 2794 1348 2859 consilium
1372 2796 1563 2880 largiantur,
1587 2796 1780 2859 auctoritate
1804 2801 1916 2859 nostra

263 2899 428 2984 precipere
452 2920 516 2963 non
540 2908 729 2985 postponas.

368 3017 443 3083 Dat.
466 3018 630 3104 Lugduni,
653 3018 706 3083 III
728 3019 812 3084 Non.
837 3018 966 3084 ianuar.
990 3041 1075 3085 anno
1098 3021 1253 3086 seeundo.

1069 3227 1113 3292 Il.

828 3355 1042 3447 Cupitulo
1071 3355 1346 3429 Senoncnsi.

369 3505 430 3568 Ilei
455 3508 558 3569 virtus
582 3514 642 3569 etc.
668 3514 787 3590 usquo:
812 3505 932 3570 festum
955 3507 1060 3570 sancti
1079 3506 1232 3569 Iohannis
1251 3505 1399 3591 Baptista
1423 3505 1572 3590 providos
1597 3510 1629 3568 ct
1650 3502 1764 3567 fideles
1783 3502 1914 3565 nuutios

262 3606 448 3679 destinetis,
479 3616 514 3671 ut
537 3609 609 3694 ipsa
632 3610 773 3674 ccclesia
796 3632 838 3674 ox
862 3610 1047 3674 huiusmodi
1072 3610 1265 3674 visitationis
1290 3609 1414 3674 honoro
1439 3609 1607 3694 spirituale
1631 3606 1785 3691 gaudium
1810 3626 1848 3667 aa
1873 3626 1915 3668 cx

263 3710 387 3775 illorum
410 3710 570 3775 industria
593 3720 654 3778 etc.
680 3720 715 3775 ut
738 3712 770 3776 in
794 3713 858 3777 alia
881 3735 1000 3798 usque:
1024 3714 1230 3798 prestiturus.

370 3829 447 3896 Dat.
470 3831 562 3895 utin
585 3833 745 3918 proxima.

1057 3918 1120 3982 ΙΙΙ.

784 4047 1032 4121 ..illustri
1064 4046 1161 4138 regi
1193 4044 1392 4119 Francia.

369 4194 433 4258 llci
451 4197 551 4259 virtus
568 4202 629 4260 etc.
646 4217 763 4281 usquc:
788 4196 1005 4261 advocandos.
1048 4195 1216 4281 Rogamus
1240 4194 1349 4278 itaquo
1367 4194 1575 4257 serenitatem
1595 4199 1681 4256 tuum
1700 4202 1732 4255 ct
1749 4192 1916 4255 hortamur

263 4306 402 4365 attento.
443 4299 595 4383 quatinus
625 4300 667 4364 ad
704 4301 901 4386 presentiam
939 4304 1081 4363 nostram
1111 4303 1173 4362 otc.
1205 4317 1323 4380 usque:
1367 4294 1407 4359 ad
1440 4297 1622 4380 proximum
1659 4296 1779 4359 foetum
1813 4295 1915 4358 sancti

266 4401 419 4466 Iohannis
436 4400 588 4488 Baptista
612 4405 722 4468 mlttas
746 4403 895 4491 providos
920 4405 1051 4467 nuntios
1068 4409 1101 4467 ct
1119 4401 1234 4466 fidelos
1250 4408 1312 4464 etc.
1330 4419 1448 4483 usque:
1473 4401 1679 4486 prestiturus.
1719 4397 1914 4462 Huiusmodi

479 4562 565 4567 ——-
585 4563 642 4568 --
689 4564 718 4568 -.
743 4563 830 4568 -——..
864 4563 872 4568 .
897 4564 905 4568 ,Α
1101 4557 1443 4567 -....----..-
1558 4557 1612 4562 .—

366 4670 391 4725 ⁸l
410 4665 480 4715 Hinc
497 4672 536 4716 est
554 4692 586 4700 -
604 4666 758 4732 prestiturus
775 4681 805 4716 aa
820 4663 903 4731 Rapa.
1002 4661 1026 4726 b)
1045 4663 1075 4714 It.
1090 4662 1182 4724 alno,
1202 4663 1225 4711 A
1237 4668 1262 4721 1;
1285 4663 1399 4711 ltomauo
1412 4659 1496 4726 Baga.
1515 4659 1538 4708 sl
1549 4663 1573 4709 2.
1669 4659 1693 4722 ⁰)
1712 4676 1758 4726 per
1775 4661 1915 4727 apostolica

263 4750 334 4800 vohis
351 4751 448 4817 scripta
464 4750 527 4801 odd.
541 4751 565 4800 A
581 4758 605 4811 1,·
622 4768 668 4818 per
684 4769 724 4818 sp.
743 4768 792 4802 ser,
810 4752 893 4802 mand
907 4750 931 4800 Α
944 4755 966 4800 2.
1055 4746 1080 4806 d)
1101 4749 1162 4808 Ar,-
1179 4756 1204 4799 et
1222 4747 1290 4798 (least
1308 4746 1392 4812 Baga.
1411 4745 1469 4796 112.

366 4869 391 4934 1)
410 4867 476 4922 Deo.
493 4877 538 4934 ²75
561 4870 594 4934 ιγ’.
613 4869 724 4923 Nioolai
747 4869 780 4923 de
804 4868 900 4922 Gurbio
921 4868 949 4921 V.
968 4865 1130 4921 Inn.1Vc.
1150 4872 1191 4930 18,
1216 4864 1332 4930 Baliare,
1359 4861 1435 4915 lllisc.
1458 4863 1523 4929 VH,
1543 4881 1570 4929 p.
1589 4869 1642 4916 371.
1686 4863 1777 4930 Ilum,
1806 4871 1835 4917 ut
1864 4864 1916 4931 ipsc

263 4958 370 5006 rorum
387 4960 437 5020 est,
463 4954 643 5021 imperatorne
659 4955 713 5009 ulio
730 4954 808 5009 numo
826 4971 881 5008 sion
897 4954 1001 5020 cimam
1023 4952 1131 5018 deler,
1151 4951 1209 5004 Alo.
1229 4967 1249 5002 r.
1269 4949 1368 5002 Belmnr
1381 4965 1409 5016 p.
1426 4956 1471 5016 893
1492 4950 1526 5014 ef.
1544 4948 1839 5015 rivallono-Brasos,
1863 4952 1879 5003 l.
1893 4966 1914 5003 c.

265 5047 283 5093 l.
302 5039 348 5106 VI,
363 5056 390 5107 p.
402 5045 452 5094 333
469 5047 493 5093 et
509 5046 566 5107 318,
584 5040 669 5096 Nacol.
687 5041 721 5094 ue
739 5040 818 5095 Crob.
838 5042 854 5094 l.
868 5058 889 5095 e.
926 5041 1002 5108 Erpa
1019 5039 1135 5107 epistola,
1153 5037 1231 5090 errius
1249 5035 1357 5104 aputeum
1374 5053 1393 5087 u
1407 5036 1509 5088 l'ertrr'o
1528 5052 1560 5088 er:
1577 5036 1695 5104 prodant
1712 5036 1800 5089 italice
1817 5036 1916 5089 orituri

263 5126 423 5194 imminentis
442 5127 523 5181 ,lrcla
538 5128 603 5194 VII,
616 5146 646 5196 p.
657 5136 692 5183 30
708 5128 746 5182 sic
762 5127 833 5181 edita
850 5132 899 5180 est:
918 5128 985 5181 1245
1003 5127 1068 5195 Apr.
1083 5126 1122 5178 18.
1160 5121 1339 5177 Innocentius
1353 5121 1391 5175 IV
1410 5121 1581 5175 Fridericum
1600 5123 1626 5175 11
1645 5123 1680 5174 ud
1699 5121 1912 5192 comparendum

267 5211 394 5284 Lugduni
413 5214 492 5268 citat.
510 5232 584 5269 anno
601 5215 636 5268 4⁰
654 5216 717 5282 (2⁰),
736 5232 761 5268 α.
776 5222 840 5268 reto
859 5214 939 5267 irrisas
956 5229 1008 5266 esse
1026 5230 1082 5265 rma
1097 5215 1187 5279 protest.
1219 5209 1310 5276 Neque
1321 5225 1379 5261 acin
1394 5227 1419 5261 a.
1436 5216 1541 5262 1247-
1554 5225 1606 5275 prio
1624 5214 1741 5275 ternpore,
1759 5208 1783 5259 si
1800 5225 1831 5261 eo
1848 5226 1915 5275 orum

266 5305 320 5352 tum
337 5307 399 5356 actu
415 5307 480 5354 sitiit
496 5300 690 5356 walderamus
706 5300 958 5372 [wlstan-Fictor,
975 5302 990 5353 l.
1004 5317 1024 5353 c.
1040 5307 1130 5354 3626u
1148 5304 1170 5350 et
1187 5298 1271 5366 3617J,
1290 5297 1349 5361 ficri
1363 5295 1480 5363 putruisse
1497 5295 1649 5362 opimiano,
1670 5300 1697 5345 nt
1711 5311 1787 5361 papo
1806 5295 1914 5361 inspueru-

268 5391 343 5440 tonsm
361 5389 399 5441 od
415 5406 444 5442 sc
461 5389 544 5442 citare
560 5389 661 5442 instratu
678 5389 746 5457 sepis
760 5387 897 5442 Frrsvsciue
910 5387 1050 5455 portlssyiar
1066 5384 1209 5439 transierit
1229 5413 1260 5422 -
1279 5383 1386 5436 uicissem
1403 5399 1454 5435 asse
1473 5387 1610 5449 patuinus,
1635 5397 1697 5434 crim
1714 5381 1745 5433 irs
1762 5387 1797 5435 tol
1815 5382 1915 5436 utrius·

268 5490 315 5538 oue
327 5476 414 5541 partis
431 5474 534 5542 mimis
557 5474 630 5528 smus
650 5475 746 5528 ramis
762 5474 852 5528 citats'o
869 5480 925 5527 tum
941 5474 1016 5540 faeta
1037 5490 1171 5540 utinquam
1194 5475 1417 5535 eorivovcororctur;
1442 5485 1461 5520 r.
1481 5466 1604 5535 inprimis
1623 5466 1914 5536 Huillord-Brtlmlles,

210 5576 220 5609 s
270 5558 286 5610 l.
297 5575 316 5611 c.
331 5566 348 5613 t.
365 5560 410 5625 VI,
424 5577 453 5628 11·
465 5566 514 5614 528
531 5564 556 5613 rt
571 5565 630 5614 536.
660 5560 785 5628 Insuper,
801 5576 855 5627 qao
871 5560 949 5614 viredo
967 5559 1146 5613 authenticum
1164 5558 1247 5610 huius
1264 5556 1394 5625 aristoles,
1414 5570 1483 5621 gaure
1496 5552 1612 5622 Repertis
1629 5553 1731 5606 inserta
1747 5569 1803 5606 rima
1821 5560 1866 5622 est,
1885 5572 1917 5609 uc
1946 5620 1949 5625 Ι

270 5644 370 5698 atatim
387 5643 521 5698 Frideriai
533 5642 572 5698 II
583 5643 614 5698 in
631 5647 736 5700 curium
749 5646 875 5715 papalem
891 5644 974 5700 redire
989 5646 1113 5715 putauit,
1129 5643 1237 5711 difficile
1254 5647 1291 5695 est
1308 5640 1445 5694 nummo.

367 5740 433 5794 Rea.
444 5738 528 5794 Pon.
539 5738 575 5794 11.
1692 5735 1710 5785 ὅ
