4328 6232
728 358 929 415 urrsromu
946 333 1137 417 sarreria.
1173 362 1249 417 1247.
1752 369 1815 431 aaa

154 538 356 604 Rsanmmrn
381 536 418 600 in
446 535 569 600 civitate
590 534 766 599 Aooonensi
792 535 1046 599 commorantium
1068 535 1315 616 parrochialem,
1343 537 1378 599 in
1400 537 1565 617 capellam,
1590 541 1689 617 proiit
1719 542 1816 603 antea

146 643 274 724 faerit,
304 639 472 717 reducant,
499 638 574 720 qnia
598 637 715 702 Pisani
734 637 900 703 Frriterieo
923 639 1079 718 qrrondnm
1101 640 1285 722 imperatori
1311 639 1514 704 adhaerentes
1537 643 1623 705 aneni
1646 642 1816 725 privilepr'o

149 744 366 811 ecclesiastico
384 742 513 824 privari
533 741 673 807 ditmar.
1464 748 1558 823 1247,
1581 746 1658 810 Irin.
1676 749 1726 812 10.

267 865 331 918 nr.
344 862 395 917 IV
409 861 474 930 Rea.
492 860 546 915 Vel.
560 860 659 929 I,401;
677 860 738 914 lab.
751 859 804 927 IV,
822 866 880 915 803.

86 966 94 1002 s
266 951 365 1018 Βῆριν
376 954 451 1004 2801.

293 1125 619 1221 ..patriarche
652 1125 1036 1214 ierosolimitana,
1064 1127 1328 1216 apostolice
1356 1128 1482 1201 sedis
1509 1129 1677 1222 legate,

345 1303 381 1322 ..
409 1245 760 1338 archiepiscopo
779 1245 972 1337 Tyrensi
1000 1253 1042 1320 et
1062 1303 1095 1320 ..
1117 1248 1330 1340 episcopo
1350 1249 1634 1341 sydoniensi.

272 1397 340 1462 Sua
362 1395 458 1460 nobis
478 1392 676 1459 venerabilis
695 1391 798 1455 irater
819 1401 931 1456 uester
953 1442 986 1458 ..
1011 1396 1180 1480 episcopus
1204 1397 1406 1461 Acccueusis
1429 1399 1587 1483 petitione
1611 1403 1814 1482 monstravit,

162 1501 249 1590 quod
284 1502 369 1566 bone
396 1498 552 1564 memorie
576 1494 766 1561 Tcobaldus
796 1494 999 1560 Acconensis
1029 1498 1220 1584 episcopus,
1254 1500 1470 1585 predecessor
1502 1504 1619 1588 ipsius,
1654 1507 1814 1590 capellam

164 1606 269 1671 sancti
285 1604 375 1669 Petri
391 1601 504 1666 Pisani
518 1599 765 1664 Acconensem⁸
787 1598 828 1662 ad
845 1600 1033 1663 instantiam
1050 1601 1255 1683 Pisanorum,
1276 1605 1331 1688 qui
1353 1613 1430 1669 tunc
1447 1609 1604 1693 temporis
1628 1609 1658 1671 in
1682 1610 1814 1673 civitate

161 1707 349 1774 Acconeusi
364 1704 584 1783 morabantur,
602 1703 635 1767 in
652 1701 888 1788 parrochialem
906 1704 1079 1766 ecclesiam
1097 1706 1237 1790 erigens,
1254 1727 1368 1772 omues
1380 1708 1528 1789 Pisanos,
1552 1712 1606 1796 qui
1631 1713 1814 1777 incivitate

160 1812 311 1900 predicta
327 1811 544 1885 morarentur,
560 1804 793 1890 parrochianos
818 1805 920 1889 ipsius
937 1806 1077 1870 ecclesie
1102 1809 1227 1887 statuit,
1251 1810 1284 1872 iu
1300 1832 1434 1895 gravem
1451 1811 1654 1878 Accouensis
1672 1816 1813 1880 ecclesie

161 1918 328 1982 lesionem.
375 1910 458 1976 Onm
482 1910 583 1996 igitur
597 1909 721 1990 Pisani,
744 1930 802 1995 pro
826 1930 866 1973 eo
890 1909 975 1993 quod
999 1909 1165 1974 Fridcrico
1190 1912 1352 1996 quondam
1370 1915 1556 2000 imperatori
1577 1925 1691 1983 contra
1706 1920 1812 1983 eccle·

161 2020 242 2084 siam
259 2016 462 2083 adheserunt
473 2014 493 2095 ¹,
518 2012 639 2100 privari
662 2011 806 2077 debcant
829 2014 915 2076 omui
933 2013 1159 2078 ecclesiastico
1180 2016 1361 2100 privilegio,
1384 2021 1491 2103 gratia
1514 2022 1697 2104 ethonore,
1721 2045 1812 2087 man·

161 2124 287 2201 damus,
309 2120 462 2207 quatinus
478 2153 520 2165 -
536 2116 691 2204 predictis
716 2138 775 2181 seu
790 2117 1049 2202 quibuscumque
1073 2121 1360 2204 compositionibus
1385 2124 1437 2186 vel
1461 2125 1565 2209 pactis
1590 2127 1675 2190 inter
1698 2147 1754 2190 eos
1779 2133 1813 2191 et

162 2228 337 2314 episcopos
361 2219 607 2299 Acconeusesl,
632 2221 686 2305 qui
710 2241 767 2306 pro
790 2227 939 2306 tempore
962 2222 1107 2298 fuerunt,
1132 2223 1221 2287 initis
1245 2245 1283 2288 ae
1306 2225 1606 2293 confirmationibus
1631 2229 1813 2315 superbiis

161 2331 214 2395 vel
241 2326 388 2415 qualibet
415 2324 622 2410 indulgentia
649 2345 708 2389 seu
735 2324 908 2410 privilegio
939 2325 980 2389 ab
1010 2328 1190 2411 apostolica
1221 2328 1300 2393 sede
1332 2329 1474 2393 obtentis
1505 2345 1732 2418 nequaquam⁰
1754 2333 1812 2397 ob·

161 2431 323 2499 stantibus
350 2467 393 2478 -
422 2428 544 2493 dictam
573 2427 744 2492 ecclesiam
775 2429 807 2490 iu
838 2429 1015 2513 capellam,
1052 2436 1149 2514 prout
1183 2438 1254 2494 eret
1284 2439 1399 2513 antea,
1432 2432 1646 2517 reducentes,
1676 2437 1813 2502 Pisanos

162 2536 311 2615 eosdem,
339 2554 421 2619 quos
449 2533 595 2619 privatos
618 2529 775 2616 predictis
800 2531 951 2594 omuibus
975 2533 1147 2611 nuntietis,
1177 2533 1264 2618 quod
1287 2535 1328 2598 ab
1353 2536 1539 2602 Acconensi
1565 2541 1704 2605 ecclesia
1728 2541 1810 2605 reci-

163 2642 252 2727 piant
274 2637 499 2704 eeclesiastica
527 2640 735 2698 sacramenta
758 2634 978 2719 obediautque
1003 2635 1064 2721 ipsi
1089 2638 1246 2722 episcopo
1270 2645 1436 2723 tamquam
1461 2662 1573 2705 eorum
1591 2643 1756 2709 ordinario
1780 2652 1814 2708 ct

164 2741 350 2822 intendant,
386 2739 566 2804 monitione
595 2739 757 2826 premissa
789 2759 848 2823 per
871 2760 1042 2803 censuram
1077 2742 1336 2806 ecclesiasticam
1368 2746 1592 2829 appellatione
1629 2750 1814 2836 postposita

164 2846 377 2934 compellatis.
422 2842 520 2917 Quod
542 2845 569 2907 si
593 2865 656 2908 uon
680 2865 792 2909 omnes
814 2848 876 2908 etc.
901 2842 965 2908 duo
989 2852 1132 2910 vestrum
1158 2854 1221 2914 cto.

268 2966 346 3033 Dat.
368 2967 534 3054 Lugduni,
557 2967 627 3031 IIII
650 2967 728 3032 Idus
751 2967 848 3049 Iunii,
873 2988 958 3032 anno
981 2967 1060 3034 IIII.

946 3562 1030 3637 390.

262 3658 482 3753 Irrnoeentima
496 3683 555 3752 IV
567 3707 657 3771 papa
678 3684 903 3772 [Hermanno]
924 3687 1032 3751 albati
1054 3689 1083 3751 et
1105 3689 1268 3752 corrocntni
1287 3685 1523 3753 Orrrbeiensihns
1539 3686 1814 3756 Padcrbnrncnsis

58 3804 101 3844 ει
168 3787 289 3857 diocesis
321 3792 506 3858 transcribit
532 3793 737 3875 pricilepinm
763 3793 922 3872 spnrriarn,
958 3793 1040 3873 qnod
1066 3792 1130 3855 Leo
1152 3792 1218 3857 III
1237 3815 1326 3875 papa
1358 3794 1472 3859 Coreto
1499 3795 1622 3878 Magno
1648 3793 1685 3857 de
1713 3799 1814 3858 rnonte

168 3891 320 3978 Ereslmp
342 3897 532 3962 concesserit.
1200 3952 1211 3973 ,
1459 3901 1552 3976 1247,
1575 3898 1650 3962 Ian.
1675 3901 1726 3965 11.

261 4014 324 4069 rsa
338 4015 387 4071 rr
400 4016 466 4087 aa.
484 4015 577 4084 rar,
596 4023 666 4084 roa·
684 4015 744 4070 cn.
760 4015 813 4083 rr,
835 4023 889 4070 rer.

260 4101 444 4170 mares.

161 4333 197 4354 ..
235 4281 390 4355 abbati
423 4286 465 4354 et
499 4283 745 4355 conventui
779 4281 1144 4374 Corhegensihus
1180 4281 1358 4353 ordinis
1393 4281 1540 4353 sancti
1573 4281 1812 4354 Benedicti

73 4411 99 4450 ³⁰
681 4403 1050 4476 Padeburnensis
1084 4402 1292 4474 diocesia.

264 4550 477 4631 Pririlegium
509 4551 614 4615 felicis
646 4550 884 4616 recordationis
907 4552 1028 4617 Leonis
1052 4573 1136 4637 pape
1160 4550 1404 4636 predecessoris
1430 4551 1528 4613 nostri
1552 4551 1753 4636 perlegimus
1778 4557 1811 4616 ct

148 4648 361 4741 inspeximus
385 4654 563 4740 diligenter
583 4655 749 4742 ipsiusque
773 4660 919 4719 tenorem
944 4656 1116 4720 transcribi
1141 4664 1174 4719 ct
1197 4655 1315 4718 bullari
1338 4654 1486 4732 fecimus,
1510 4656 1565 4739 qui
1589 4662 1639 4718 cst
1663 4655 1751 4719 talis:

264 4757 357 4825 Ιιθο2
393 4780 507 4824 servus
537 4779 704 4823 servorum
741 4757 805 4823 Dei
841 4758 965 4824 Karolo
998 4759 1118 4843 Magno
1151 4758 1373 4821 Romanorum
1409 4758 1609 4842 imperatori.
1661 4758 1722 4823 Pie
1755 4763 1810 4822 tue

146 4862 306 4947 petitioni
335 4884 397 4949 per
423 4862 531 4928 omnia
554 4861 816 4947 congaudentes,
846 4862 930 4948 quod
959 4863 1063 4935 iubes,
1093 4882 1239 4925 annuere
1267 4882 1333 4925 uon
1363 4860 1541 4925 tardamus.
1592 4861 1697 4945 igitur
1724 4862 1811 4926 hunc

147 4972 301 5030 montem
327 4965 533 5052 Eresburg³,
564 4986 661 5050 quem
692 4972 914 5052 expugnatum
950 4987 1022 5029 cum
1053 4972 1122 5030 tota
1152 4965 1297 5030 Saxonis
1325 4964 1398 5031 Deo
1427 4966 1576 5029 obtulisti
1605 4973 1638 5029 et
1665 4986 1723 5050 per
1750 4988 1810 5031 nos

143 5063 252 5135 beato
281 5070 380 5135 Petro
409 5071 625 5151 consecrasti,
654 5070 792 5134 liberum
823 5070 864 5134 ab
899 5072 985 5135 omni
1017 5072 1159 5134 humana
1192 5076 1358 5156 potestate
1393 5091 1467 5134 csse
1501 5076 1534 5133 ct
1566 5069 1702 5133 fratrum
1731 5070 1809 5134 inibi

144 5173 198 5237 ad
214 5173 335 5239 Christi
359 5175 530 5239 servitium
547 5173 763 5239 adunatorum
781 5174 895 5239 ditioni
912 5173 1136 5238 tantummodo
1160 5195 1278 5259 parere
1303 5195 1487 5238 censemus.
1533 5169 1660 5244 Quinc
1685 5173 1809 5258 aliquid

262 5332 484 5342 --—-—-
501 5334 751 5340 -—-—...—.
846 5336 850 5340 .
874 5336 890 5340 ..
913 5337 918 5341 .
949 5336 998 5341 .-.
1021 5335 1065 5340 ..-..
1082 5335 1218 5340 ---...-
1243 5335 1309 5340 .......
1338 5335 1344 5339 .
1361 5335 1395 5339 -
1418 5334 1499 5339 ...—

261 5434 287 5500 a)
304 5434 355 5498 B.,·
369 5437 529 5488 Acconsnsis
547 5435 578 5487 P.
682 5433 707 5501 ¹³)
727 5437 874 5504 episcopum
893 5437 1068 5488 besanensem
1087 5436 1117 5487 P.
1131 5436 1164 5488 B.
1269 5437 1291 5498 ο)
1309 5453 1361 5486 mm
1380 5435 1411 5486 B.

13 5626 57 5675 ,⁵
259 5587 286 5656 1)
304 5584 347 5657 (r.
361 5602 393 5645 a.
407 5592 462 5645 aas
475 5591 502 5643 c
517 5585 915 5657 commarciensi.
1014 5590 1042 5657 e)
1062 5588 1103 5655 or.
1125 5588 1201 5658 rare,
1221 5588 1283 5657 na.
1297 5593 1374 5657 aa.
1392 5587 1430 5643 a.
1450 5586 1488 5641 rr.
1506 5593 1580 5642 rme.
1682 5588 1710 5656 a)
1732 5587 1811 5642 oar-

165 5670 298 5747 ssmloeu
310 5674 346 5733 ir
366 5672 519 5745 lydda,
534 5672 588 5731 nr.
604 5674 716 5747 Mon,
733 5692 748 5732 c
763 5692 827 5732 mer.
844 5676 894 5731 cio.
914 5674 1076 5735 Podcrboen
