4328 6232
811 383 1013 443 urtsronuu
1031 387 1222 446 subucula.
1259 388 1334 445 1243.
1866 388 1904 455 13

249 561 403 644 fidelium,
427 561 514 648 quod
538 584 651 628 eorum
667 563 838 629 sinceritas
855 565 982 629 nullum
998 571 1154 652 pretextu
1171 565 1280 651 aliquo
1298 566 1348 630 sui
1361 565 1484 650 vigoris
1501 565 1645 652 perferat
1660 563 1904 645 detrimentum,

249 667 391 731 maxime
415 688 489 732 cum
513 669 677 753 pretiosos
702 667 828 754 lapides
852 676 982 733 constet
1006 690 1048 733 ex
1071 670 1131 733 hoc
1155 670 1270 735 haberi
1294 670 1492 749 carissimos,
1517 669 1594 754 quia
1615 668 1728 733 nullo·
1750 688 1904 753 umquam

249 777 392 856 tempore
425 772 476 836 sui
499 773 640 859 spetiem
665 773 783 837 coloris
808 772 964 837 deserunt
986 773 1039 837 vel
1064 774 1218 838 virtutem
1242 773 1437 840 ammittant.
1484 771 1538 837 Sic
1561 772 1602 837 de
1625 773 1718 838 vobis
1741 773 1815 852 fiat,
1847 773 1905 838 filii

251 874 432 962 predilecti,
457 882 493 939 ut
515 875 663 961 preclare
687 875 773 941 fame
798 882 906 941 vestre
929 876 1091 941 illibatum
1116 898 1247 962 semper
1269 877 1473 943 conservatis
1496 876 1665 955 honorem,
1693 897 1754 942 nec
1777 877 1906 941 dicatur

202 1006 210 1041 a
251 1000 389 1064 unquam
413 999 434 1042 a
455 979 589 1042 remotis
612 979 664 1044 vel
688 979 861 1066 proximis,
892 979 977 1065 quod
1000 979 1162 1044 Perusina
1184 981 1300 1045 civitas
1323 981 1420 1046 matri
1444 1001 1502 1045 sue
1525 981 1674 1044 Romane
1698 980 1838 1045 ecclesie
1862 979 1903 1043 ad

252 1082 381 1169 plenum
411 1081 531 1147 devota
558 1102 624 1146 nou
652 1083 752 1147 fuerit
781 1083 813 1146 in
837 1082 998 1160 adversis,
1030 1084 1113 1148 sicut
1141 1085 1226 1149 forte
1250 1084 1291 1149 ab
1314 1084 1478 1168 aliquibus
1501 1082 1617 1148 diebus
1642 1083 1712 1147 istis
1736 1083 1904 1160 asseritur,

252 1185 364 1271 quibus
394 1186 428 1249 in
459 1187 601 1270 negotiis
631 1186 856 1272 spectantibus
887 1186 928 1250 ad
959 1187 1062 1273 ipsius
1095 1188 1253 1253 honorem
1276 1189 1416 1253 ecclesie
1439 1187 1570 1252 videtur
1593 1207 1651 1250 vos
1673 1187 1780 1251 minus
1802 1186 1904 1251 fuisse

253 1290 360 1375 vigiles
385 1289 438 1354 rel
467 1289 613 1355 debitam
642 1289 843 1374 diligentiam
874 1311 939 1354 non
970 1291 1143 1358 habentes.
1188 1292 1260 1357 Hec
1288 1315 1308 1356 a
1336 1283 1503 1358 mentibus
1533 1293 1646 1357 taliter
1675 1290 1905 1355 extimautium

253 1394 381 1458 tollatur
405 1393 515 1479 opinio
538 1400 572 1457 et
588 1393 677 1457 clara
700 1393 796 1457 detur
819 1394 985 1460 asserendi
1009 1396 1155 1473 materia,
1179 1396 1265 1480 quod
1288 1396 1377 1460 dicta
1400 1396 1543 1461 ecclesia
1565 1396 1598 1459 in
1623 1415 1683 1458 sua
1705 1399 1739 1459 et
1759 1392 1904 1458 fidelium

255 1519 378 1563 suonrm
403 1496 609 1583 procuranda
633 1499 738 1562 salute
762 1520 820 1562 vos
845 1499 1006 1563 invenerit
1028 1500 1149 1563 affectu
1173 1499 1329 1563 sollicitos
1352 1506 1386 1565 et
1409 1521 1509 1585 opere
1535 1498 1710 1578 studiosos,
1732 1498 1904 1583 presertim

254 1622 345 1687 super
368 1601 540 1687 oportunis
557 1601 689 1665 auxiliis
707 1602 837 1665 afflictis
853 1602 1076 1667 Asisinatibus
1094 1602 1330 1688 impendendis,
1355 1604 1387 1666 in
1404 1622 1540 1688 quorum
1557 1597 1695 1666 tuitione
1712 1600 1904 1685 dignissima

255 1716 282 1768 ct
296 1703 367 1769 Deo
390 1711 520 1791 gratum
545 1704 721 1770 exhibetur
745 1706 938 1790 obsequium
962 1713 995 1770 et
1019 1706 1089 1771 sedi
1112 1707 1295 1792 apostolice
1318 1705 1450 1771 honoris
1473 1712 1667 1793 procuratur
1682 1711 1903 1789 augmentum.

255 1808 368 1872 Verum
393 1830 467 1873 cum
492 1829 551 1894 pro
575 1809 637 1873 hiis
660 1818 693 1874 et
717 1810 800 1888 aliis,
826 1831 889 1894 que
914 1811 1021 1896 aptius
1046 1817 1199 1896 poterunt
1215 1810 1325 1875 verbis
1349 1811 1499 1896 exprimi,
1524 1831 1620 1896 quam
1636 1809 1756 1873 litteris
1771 1809 1904 1873 valeant

255 1913 417 1998 explicari,
441 1912 534 1976 vobis
558 1912 737 1977 efficaciter
760 1912 977 1997 suggerendis
1000 1913 1154 1977 dilectum
1178 1913 1279 1978 filium
1304 1964 1337 1979 ..
1361 1914 1683 2000 archipresbyterum
1706 1911 1903 1978 Perusinum

211 2037 219 2070 r.
257 2016 454 2102 capellanum
478 2022 637 2095 nostrum,
661 2016 764 2080 virum
788 2017 899 2101 utiquc
923 2016 1102 2081 discretum
1126 2023 1159 2080 et
1181 2015 1351 2103 providum
1376 2039 1415 2082 ac
1437 2017 1532 2081 nobis
1556 2023 1589 2082 et
1611 2016 1767 2081 fratribus
1783 2017 1904 2080 nostris

256 2129 417 2206 acceptum
442 2141 501 2184 suo
525 2121 640 2185 merito
664 2120 848 2207 probitatis,
872 2120 993 2184 advos
1016 2120 1207 2184 duxerimus
1232 2120 1471 2199 destinandum,
1495 2120 1742 2185 universitatem
1757 2125 1901 2185 nestram

257 2225 334 2287 omni
358 2244 422 2309 qua
447 2244 622 2309 possumus
646 2224 828 2288 attentione
854 2244 1016 2308 rogamus,
1041 2245 1100 2309 per
1123 2225 1305 2309 apostoliea
1321 2224 1414 2288 vobis
1438 2224 1558 2308 scripta
1582 2222 1793 2309 precipiendo
1809 2244 1901 2287 man-

257 2326 377 2407 dantes,
403 2328 556 2412 quatinus
580 2329 702 2415 ipsum,
727 2349 799 2392 cum
824 2327 864 2391 ad
888 2349 946 2391 vos
970 2328 1168 2412 pervenerit,
1192 2328 1388 2414 recipientes
1412 2327 1548 2412 ylariter
1571 2334 1604 2391 et
1625 2327 1804 2392 honorifice
1828 2347 1901 2412 per·

257 2439 436 2512 tractantes,
461 2453 561 2517 super
584 2432 647 2496 hiis
671 2452 734 2517 que
750 2431 845 2495 vobis
867 2453 909 2495 ex
926 2437 1019 2517 parte
1036 2437 1148 2495 nostra
1163 2430 1285 2494 dixerit
1302 2432 1363 2496 sibi
1381 2431 1478 2496 fidem
1495 2431 1678 2516 plenariam
1693 2429 1902 2517 impendatis,

259 2536 305 2599 illa
327 2547 360 2599 et
382 2536 449 2600 alia
472 2538 543 2600 eius
568 2535 715 2600 salubria
738 2535 893 2600 mandata
916 2542 949 2599 et
973 2535 1095 2599 monita
1118 2535 1175 2598 tali
1198 2534 1306 2600 studio
1334 2533 1600 2621 promptitudinis
1624 2541 1839 2620 exequentes,
1867 2541 1903 2598 ut

258 2636 310 2704 Dei
332 2639 530 2724 benignitas,
554 2639 646 2704 cuius
671 2640 703 2703 in
722 2638 843 2703 talibus
860 2660 960 2704 causa
977 2640 1111 2724 geritur,
1135 2639 1226 2703 vobis
1245 2638 1364 2703 exindo
1380 2638 1547 2703 felicitatis
1563 2645 1677 2702 eterne
1693 2637 1901 2704 dulcedinem

259 2751 286 2805 et
307 2745 489 2830 apostolica
520 2744 616 2808 sodes
646 2745 696 2809 sui
724 2743 844 2808 favoris
873 2751 906 2808 et
932 2745 1037 2829 gratie
1070 2745 1238 2829 oportunis
1273 2743 1477 2828 temporibus
1513 2741 1672 2806 retribuat
1707 2741 1902 2826 largitatem.

259 2848 402 2933 Alioquin
432 2849 644 2927 sententiam,
674 2869 770 2934 quam
803 2846 908 2910 dictus
938 2847 1204 2933 archipresbyter
1233 2847 1265 2911 in
1288 2869 1346 2911 vos
1375 2846 1590 2932 spiritualiter
1621 2851 1654 2909 et
1677 2844 1904 2932 temporaliter

260 2952 308 3016 rite
335 2950 468 3016 duxerit
499 2950 742 3037 proferendam,
776 2958 880 3015 ratam
911 2949 1106 3014 habebimus
1138 2958 1171 3014 et
1199 2950 1358 3016 faciemus
1388 2955 1523 3015 auctore
1550 2948 1692 3012 Domino
1725 2969 1829 3034 usque
1861 2945 1903 3012 ad

262 3037 506 3120 satisfactionem
530 3055 726 3140 condignam
750 3053 984 3119 inviolabiliter
1008 3053 1186 3119 observari.

352 3174 430 3241 Dat.
454 3174 607 3261 Anagnia
630 3183 666 3241 ut
691 3197 799 3262 supra.

868 3404 1278 3412 ——..————.—.

1048 3648 1104 3722 14.

348 3763 569 3860 Innocentius
582 3787 639 3854 IV
648 3812 735 3872 papa
745 3793 936 3874 potestatem,
952 3777 1161 3856 consiliumet
1171 3788 1326 3872 poymlant
1337 3791 1518 3856 Arbinatai
1532 3792 1569 3857 ob
1584 3790 1746 3856 servitiam
1760 3789 1904 3855 ecclcsiae

263 3892 422 3975 impensam
444 3895 588 3977 afflictos,
610 3893 720 3959 dolens
741 3896 823 3977 qaod
844 3897 1140 3976 intpracscntnrrunc
1163 3899 1207 3960 ris
1229 3897 1389 3961 ancilium
1404 3897 1494 3981 ferre
1508 3917 1573 3961 non
1586 3896 1693 3976 pressit,
1715 3895 1902 3960 consolatur.

1545 4002 1639 4078 1243,
1663 4000 1746 4081 naq.
1761 4000 1813 4062 aa

204 4090 224 4127 ὓ
350 4083 413 4138 Inn.
427 4083 475 4137 IV
490 4084 552 4153 Ray.
572 4083 626 4137 Vol.
641 4083 667 4151 1,
685 4091 730 4150 12,-
749 4085 848 4153 Lihl,
868 4092 905 4141 70.

347 4170 446 4240 Bergan
460 4178 497 4226 70.

303 4363 454 4438 Nobili
487 4365 586 4437 viro
615 4423 624 4440 .
652 4424 661 4441 .
690 4365 942 4458 potestati,
978 4365 1180 4440 consilio
1217 4369 1262 4437 et
1295 4364 1472 4457 populo
1505 4362 1848 4436 Asisinatibus

350 4514 452 4601 Viget
475 4517 563 4581 circa
585 4517 669 4581 filios
693 4523 842 4582 materna
864 4539 995 4604 semper
1018 4519 1160 4597 affectio,
1192 4524 1226 4582 et
1249 4517 1304 4580 vix
1328 4516 1399 4580 dies
1430 4520 1631 4601 pretereunt,
1663 4514 1695 4577 in
1720 4513 1836 4598 quibus
1859 4511 1900 4576 de

257 4612 386 4700 ipsorum
417 4626 505 4683 statu
534 4620 635 4685 flebili
663 4620 834 4685 meditatio
863 4641 926 4684 non
955 4621 1068 4685 affluat
1092 4621 1143 4685 vel
1174 4620 1405 4705 contemplatio
1436 4640 1500 4682 non
1525 4624 1684 4682 occurrat.
1730 4616 1816 4681 Sane
1840 4616 1901 4679 hoc

202 4724 220 4761 ³³
257 4716 352 4804 ipsum
375 4723 537 4808 contingit
559 4723 599 4787 de
623 4724 714 4788 vobis
737 4724 937 4811 specialibus
962 4725 1104 4790 ecclesie
1127 4725 1202 4788 filiis
1227 4724 1287 4788 sub
1312 4724 1465 4789 continue
1489 4721 1726 4809 persecutionis
1750 4719 1902 4806 angustia

256 4827 442 4906 conantutis,
466 4847 548 4913 quos
571 4829 644 4915 ipsa
667 4829 858 4914 frequenter
874 4830 1018 4894 ecclesia
1034 4835 1127 4894 tenet
1144 4850 1217 4893 cum
1233 4828 1346 4893 dolore
1362 4849 1420 4915 pre
1437 4827 1552 4907 oculis,
1576 4822 1741 4888 fundendo
1762 4823 1902 4908 suspiria

254 4930 329 5011 quod
359 4932 648 5017 impresentiarum
677 4931 719 4995 ab
747 4932 820 5017 ipsa
843 4933 1016 5019 provenire
1039 4953 1102 4996 non
1126 4939 1234 5017 potest
1257 4931 1431 5010 auxilium,
1461 4929 1548 5015 quod
1572 4928 1664 4994 vobis
1687 4934 1800 5014 optate
1823 4946 1900 4991 con·

253 5031 412 5098 solutionis
442 5034 562 5099 afferat
595 5034 819 5100 lenimentum.
870 5033 936 5100 Sed
966 5044 1078 5121 sperat
1107 5034 1147 5098 de
1176 5017 1346 5099 affluentia
1367 5034 1476 5098 divine
1501 5033 1691 5112 clementie,
1721 5029 1807 5116 quod
1829 5030 1903 5115 ipsa

254 5134 331 5200 circa
353 5157 414 5201 ros
439 5144 473 5202 et
496 5139 577 5202 alios
602 5159 660 5224 pro
685 5140 826 5203 ecclesia
848 5141 1012 5226 patientes
1036 5140 1164 5204 oculum
1189 5140 1220 5204 in
1244 5139 1394 5225 proximo
1418 5138 1550 5225 pietatis
1573 5136 1699 5222 aperiat
1719 5142 1752 5199 et
1768 5134 1901 5197 ancxie-

199 5247 218 5283 *θ
256 5240 369 5304 tatibus
398 5242 516 5305 restris
545 5242 617 5306 finis
647 5243 815 5329 expectati
845 5245 983 5328 gratiam
1013 5242 1209 5328 benigniusl’
1236 5242 1403 5327 largiatur.
1448 5240 1579 5325 Itaque,
1611 5237 1721 5303 dilecti
1744 5237 1817 5318 filii,
1847 5238 1902 5322 qui

252 5346 408 5428 tamquam
433 5342 556 5408 Christi
580 5347 708 5431 pugiles
731 5346 842 5410 multis
867 5347 944 5410 olim
964 5348 1114 5411 voluistis
1138 5347 1275 5412 subesse
1292 5345 1458 5432 periculis,
1482 5365 1523 5408 ne
1540 5342 1747 5427 frangeretur
1761 5342 1795 5404 in
1809 5341 1902 5406 robis

251 5446 469 5512 ecclesiastice
493 5448 700 5533 privilegium
717 5448 890 5530 libertatis,
914 5450 1018 5513 donec
1034 5449 1106 5515 dies
1122 5451 1232 5515 votive
1249 5447 1496 5535 tranquillitatis
1514 5446 1637 5533 aspiret
1653 5452 1687 5510 et
1703 5445 1902 5509 inclinentur
1915 5464 1978 5505 emt.
1992 5467 2012 5515 r,
2026 5467 2058 5506 n.

343 5709 369 5776 ι)
388 5707 488 5760 uuor.
557 5707 583 5776 b)
601 5710 732 5781 anana
743 5710 776 5763 r.

993 5610 1105 5617 πῄ...
1130 5611 1224 5616 -α-
1244 5609 1393 5615 ...-——..
1410 5609 1534 5615 -·—--
