4790 6340
242 963 255 1001 b

230 1618 258 1656 10

233 2125 259 2164 15

234 2631 261 2670 20

236 3705 262 3748 lt

239 4159 265 4199 ³0

241 4809 266 4848 85

244 5485 271 5526 40

873 381 1072 436 nrlsuonnn
1089 381 1277 438 SELEOTAE.
1316 383 1390 438 1247.
1890 385 1952 448 297

306 549 444 616 cinitotes
466 555 495 616 ct
522 553 654 618 dioceses
683 553 835 632 inhibeat,
862 575 901 618 ne
932 555 1003 637 qnis
1025 558 1308 639 amensamens
1329 577 1352 621 c
1373 559 1440 620 coto
1462 557 1677 620 bonsmarino
1697 555 1878 620 absolvatur
1899 573 1954 620 sen

305 660 408 720 votnm
430 656 533 736 meum
554 657 591 721 in
612 657 704 722 aliud
724 661 931 724 minmmetnr.
1630 661 1723 736 1247,
1746 657 1810 724 Iul.
1834 658 1864 723 5.

323 861 324 864 p
357 859 388 914 a
408 775 475 914 {pe
489 775 538 829 IV
553 775 614 845 Re·
631 776 685 832 Vol-
703 777 803 845 ten
826 777 885 832 La.
905 778 973 847 uc.
1010 779 1173 848 empne,
1196 777 1267 848 icor
1285 781 1383 849 seper
1400 779 1495 847 anri,
1513 795 1573 834 curn
1592 778 1708 848 nean
1726 778 1838 834 caan
1864 777 1894 832 r.
1913 777 1952 834 cr.

309 861 340 916 ⁰⁸
411 861 509 1017 Blllee'r
525 955 601 1004 3054.

499 1183 507 1201 .
536 1129 787 1222 ,episcopo
815 1129 1095 1220 Tusculano,
1126 1131 1385 1224 apostolice
1413 1130 1544 1204 sedis
1571 1131 1764 1224 leget0¹.

415 1279 497 1342 Oum
531 1276 572 1343 ad
604 1299 739 1364 presens
772 1279 874 1344 Terra
908 1279 1031 1344 Sancta
1065 1279 1209 1344 subsidio
1242 1279 1388 1363 indigeat
1416 1278 1609 1344 bellatorum
1640 1287 1674 1344 et
1703 1279 1890 1343 carissimus
1920 1277 1952 1340 in

310 1382 440 1447 Christo
463 1383 549 1447 lilius
573 1389 685 1450 noster
708 1434 715 1449 .
737 1435 744 1450 .
767 1405 826 1448 rex
849 1383 987 1449 Francia
1011 1383 1164 1462 illustris,
1187 1403 1252 1449 non
1274 1381 1415 1446 hominis
1439 1383 1619 1448 ministerio
1650 1383 1708 1447 sed
1738 1381 1844 1468 potius
1873 1403 1952 1467 ope-

310 1486 433 1550 ratione
457 1486 566 1550 divina
589 1485 681 1571 signo
705 1485 832 1551 vivifice
857 1487 961 1552 crucis
983 1493 1162 1573 assumpto,
1185 1485 1226 1550 ad
1249 1506 1438 1550 succursum
1461 1485 1607 1550 eiusdem
1630 1495 1714 1551 terre
1738 1491 1891 1572 potenter
1914 1507 1952 1550 ac

309 1589 503 1655 virilitates
527 1591 689 1676 accingat:
713 1612 790 1673 nos,
814 1589 1091 1656 volenteseidem
1115 1591 1148 1654 in
1171 1589 1354 1654 huiusmodi
1375 1590 1543 1675 proposito
1578 1591 1693 1656 edesse
1729 1588 1953 1654 favorabiliter

309 1697 359 1780 et·
378 1692 555 1779 prodesse,
592 1695 993 1780 mandamus„quatinus
1038 1716 1098 1781 per
1135 1693 1430 1771 Cameracensem,
1470 1692 1707 1775 Leodienrem,
1751 1693 1951 1770 Tutiensem,

309 1795 576 1884 Traiectensem,
610 1797 795 1878 Metensem
831 1805 864 1862 et
885 1797 1129 1876 Vindunensem
1151 1797 1309 1864 ‘civitates
1345 1803 1378 1862 et
1409 1795 1559 1861 dioceses
1585 1819 1629 1862 ex
1650 1804 1743 1884 parte
1766 1803 1879 1862 nostra
1900 1797 1950 1860 in-

310 1898 423 1988 hibeas
447 1906 480 1964 et
503 1900 606 1966 laeias
629 1901 784 1980 inhiberi,
808 1907 844 1964 ut
867 1901 974 1965 nullus
1001 1901 1185 1966 litterarum
1213 1907 1397 1966 nostrarum
1426 1901 1620 1966 auctoritate
1650 1901 1791 1987 aliquem
1820 1899 1861 1965 de
1884 1901 1950 1964 illie

310 2004 457 2092 pertibus
480 2026 500 2070 a
521 2011 596 2070 roto
621 2006 727 2070 crucis
757 2006 1021 2071 lerosolimitane
1057 2011 1224 2091 presumat
1256 2006 1427 2070 absolvere
1458 2026 1516 2069 seu
1539 2011 1650 2069 votum
1679 2005 1786 2091 ipsum
1807 2005 1840 2069 in
1863 2003 1952 2069 aliud

312 2113 530 2198 commutare,
557 2108 632 2173 illos
661 2111 715 2194 qui
744 2115 856 2174 contra
880 2111 1150 2197 presumpserint,
1174 2109 1261 2196 quod
1291 2132 1311 2174 a
1337 2109 1580 2195 presumptione
1610 2107 1794 2172 huiusmodi
1823 2107 1953 2172 omnino

309 2212 480 2292 desistant,
504 2213 681 2278 monitione
705 2214 864 2298 premissa
886 2235 945 2299 per
967 2235 1146 2280 censuram-
1163 2212 1420 2278 ecclesiasticam
1451 2212 1673 2298 appellatione
1707 2217 1831 2275 remota
1863 2233 1954 2276 eom-

308 2316 452 2402 pellens,
483 2338 520 2380 ac
552 2315 732 2381 decernens
767 2315 993 2382 nichilominus
1027 2317 1152 2380 irritum
1185 2323 1218 2381 et
1249 2318 1362 2398 inane,
1393 2317 1421 2380 si
1453 2337 1547 2381 secus
1582 2338 1641 2402 per
1675 2315 1952 2402 presumptionem

309 2421 488 2510 cuiuspiam
512 2421 684 2507 contigerit
706 2422 904 2507 attemptari,
922 2457 963 2468 —
979 2442 1042 2486 nen
1066 2421 1271 2486 obstantibus
1289 2420 1452 2506 aliquibus
1468 2420 1586 2484 litteris
1609 2420 1650 2485 ab
1674 2419 1853 2505 apostolica
1875 2417 1954 2483 sede

313 2522 456 2588 obtentis
480 2524 532 2587 vel
556 2524 656 2588 etiam
680 2524 864 2589 obtinendis
887 2526 921 2590 in
943 2525 1088 2612 generali
1110 2514 1168 2589 aut
1191 2525 1343 2612 speciali,
1377 2546 1437 2610 per
1471 2545 1552 2610 quas
1587 2523 1620 2588 id
1655 2522 1763 2587 valeat
1796 2522 1957 2610 impediri,

312 2627 389 2694 lieet
412 2647 571 2712 expressa
592 2627 713 2692 mentio
738 2627 778 2693 de
801 2629 881 2714 ipsis
905 2629 957 2692 hic
980 2629 1111 2694 minime
1135 2627 1328 2696 habeatur².

421 2748 498 2815 Det.
519 2747 681 2834 Lugduni,
704 2747 756 2813 III
779 2749 863 2816 Non.
887 2749 974 2830 Iulii,
998 2770 1082 2814 anno
1104 2747 1160 2814 V0.

928 3011 1338 3022 ψ·-

418 3349 635 3442 Innooentins
657 3377 678 3441 1
684 3377 712 3440 V
731 3399 821 3462 papa
843 3377 1081 3461 armaptscopts
1103 3383 1131 3441 et
1153 3377 1303 3460 mmccpis
1325 3378 1542 3442 Alamanniae
1564 3378 1736 3458 sipnificut,
1758 3396 1791 3439 se
1813 3376 1960 3455 recepisse

313 3480 503 3544 Indaeorum
524 3482 721 3562 questionem,
744 3481 826 3561 qaod
846 3480 995 3545 nonnnlli
1011 3482 1175 3562 princpes
1200 3481 1398 3546 ecclesiastici
1426 3484 1456 3544 et
1482 3480 1638 3546 maritant
1669 3481 1787 3562 aliique
1809 3482 1960 3563 manns,

313 3581 396 3664 salso
417 3584 460 3647 iis
481 3585 671 3668 inmenentes
692 3585 774 3666 qaod
794 3586 830 3648 in
852 3586 1045 3650 solemnitate
1072 3585 1220 3667 paschali
1246 3587 1334 3651 corde
1359 3587 1456 3666 paeri
1486 3583 1645 3670 interfecti
1671 3602 1702 3648 se
1728 3581 1960 3657 communicent,

314 3707 419 3750 eornm
441 3687 523 3752 bona
544 3687 715 3770 diripiant
737 3689 877 3767 modat,
899 3707 938 3754 ne
960 3689 1093 3754 Iudaeos
1116 3689 1249 3755 indebite
1270 3690 1430 3755 mobsturi
1447 3689 1641 3771 permittant.

1639 3795 1723 3856 1247
1754 3789 1820 3855 Iul.
1844 3789 1874 3853 5.

418 3895 481 3948 Ιιιιι.
499 3893 550 3948 IV
564 3893 626 3962 nu.
652 3895 707 3950 Vol.
728 3896 751 3963 1,
770 3903 835 3960 442·
853 3895 914 3951 In'b.
933 3895 1015 3962 ΗΒ.
1053 3897 1202 3966 Ecenmlar
1221 3897 1312 3968 Rayn.
1332 3897 1406 3951 Ann.
1424 3898 1480 3951 eccl.
1500 3914 1526 3951 a.
1546 3903 1615 3963 1247,
1634 3899 1650 3960 §
1670 3900 1704 3948 84
1721 3840 1885 3947 bertelinus
1902 3907 1962 3944 enm

314 3985 483 4049 camapio
500 3981 660 4050 autumno,
679 3981 750 4051 qaod
769 3981 913 4052 Gemmas
933 3983 964 4036 X
975 3999 1051 4052 papa
1068 4001 1094 4037 a.
1113 3991 1184 4051 1274,
1204 3983 1260 4038 Inl.
1280 3990 1296 4037 7
1314 3982 1392 4038 anabi
1409 3982 1486 4036 inunt
1504 3983 1561 4050 ‘pro
1582 3999 1611 4036 eo
1628 3979 1698 4050 qaod
1720 3979 1834 4050 [ltine]
1852 3977 1961 4046 incipie-

316 4067 381 4121 bant
403 4067 488 4120 nimio
511 4071 636 4121 melate
652 4069 788 4137 comunt,
806 4087 849 4138 ap.
868 4069 981 4138 thusam
1008 4071 1116 4140 ριιάῑιιι
1136 4087 1157 4124 r.
1177 4069 1269 4125 Geacb
1287 4069 1313 4124 d.
1334 4069 1413 4124 snat
1430 4068 1505 4124 Ktln
1521 4074 1539 4122 t.
1559 4068 1616 4136 III,
1629 4085 1658 4137 p.
1676 4073 1717 4133 62,
1734 4082 1762 4119 n.
1780 4072 1815 4120 88
1836 4063 1890 4134 [aJ.

422 4151 552 4222 Pottltast,
573 4153 635 4224 Rea.
654 4161 755 4223 125965
772 4157 868 4224 Βῆριν
884 4162 956 4212 3077.

412 4333 779 4427 Archiepiscopis
806 4339 847 4408 et
874 4333 1114 4428 episcopis
1142 4357 1226 4427 per
1252 4334 1566 4409 Alamannieum
1594 4331 1871 4408 constitutis

424 4483 676 4550 Lacrimabilem
709 4483 883 4549 ludeorum
917 4485 1110 4549 Alamannis
1142 4486 1323 4573 recepimus
1351 4486 1573 4570 questionem,
1603 4484 1689 4570 quod
1719 4483 1865 4548 nonnulli
1894 4488 1961 4546 tam

317 4587 533 4652 ecclesiastici
556 4608 654 4672 quam
677 4588 842 4653 seculares
866 4588 1029 4675 principes
1051 4609 1090 4652 ac
1114 4589 1169 4653 alii
1192 4589 1318 4654 nobiles
1350 4596 1383 4653 et
1406 4593 1558 4675 potentes
1582 4593 1767 4652 vestrarum
1792 4586 1962 4652 civitatum

319 4697 352 4756 et
375 4690 557 4772 dicessum,
581 4698 752 4757 uteorum
775 4691 862 4756 bone
886 4692 1005 4756 iniuste
1028 4690 1182 4776 diripiant
1205 4697 1239 4757 et
1260 4698 1435 4779 usurpent,
1467 4689 1626 4758 adversus
1650 4689 1737 4777 ipsos
1761 4689 1861 4776 impia
1885 4710 1962 4753 con-

320 4797 392 4860 silia
415 4796 599 4881 cogitantes
622 4797 837 4880 attingentes
861 4797 1051 4860 occasiones
1074 4797 1179 4860 varias
1204 4803 1237 4861 et
1260 4795 1424 4876 diversas,
1455 4815 1519 4860 non
1550 4793 1755 4859 considerato
1788 4791 1964 4879 prudenter

318 4899 403 4987 quod
426 4900 519 4987 quasi
541 4921 585 4966 ex
607 4899 770 4966 archivio'*
793 4919 903 4963 eorum
927 4897 1114 4962 Christiane
1137 4899 1213 4964 fidei
1236 4899 1424 4964 testimonia
1446 4897 1645 4986 prodierunt,
1669 4899 1828 4983 scriptura
1851 4895 1964 4960 divina

318 5007 403 5071 inter
423 5005 487 5069 alia
509 5003 664 5069 mandata
692 5003 775 5089 legis
804 5002 952 5068 dicente:
987 5000 1071 5066 ‘Non
1099 5000 1250 5083 occides’,
1280 5023 1318 5066 ac
1346 5001 1539 5089 prohibente
1571 5001 1644 5065 illos
1677 5001 1710 5062 in
1737 4999 1963 5084 solempnitate

318 5108 464 5195 paschali
487 5109 659 5195 quicquam
680 5107 888 5172 morticinum
910 5105 995 5170 n0n¹³
1019 5107 1225 5193 contingere,
1248 5106 1331 5172 falso
1353 5108 1524 5194 imponunt
1547 5104 1685 5184 eisdem,
1716 5104 1802 5190 quod
1831 5103 1865 5167 in
1895 5105 1966 5189 ipsa

320 5213 549 5299 solempnitate
573 5233 608 5277 se
633 5210 730 5276 corde
754 5210 847 5298 pueri
864 5210 1103 5274 communicant
1118 5210 1290 5289 interlecti,
1308 5209 1472 5275 credendo
1488 5209 1521 5274 id
1536 5211 1641 5295 ipsam
1656 5208 1764 5292 legem
1781 5206 1964 5293 precipere,

424 5477 449 5541 ⁸)
466 5475 578 5528 archivis
596 5493 621 5526 a.
723 5471 750 5542 ¹¹)
767 5474 804 5526 itu
822 5473 899 5526 etiam
917 5489 943 5524 a.

424 5597 450 5664 1)
471 5593 729 5664 0301030003.
833 5593 860 5660 2)
874 5589 918 5646 De
934 5588 1024 5644 Mem
1046 5605 1075 5644 re
1097 5591 1130 5657 os.
1149 5591 1229 5644 mum
1251 5591 1347 5660 Berper
1362 5597 1441 5657 3057,
1468 5593 1550 5655 3008,
1577 5591 1653 5653 3005,
1681 5589 1759 5651 3383,
1787 5587 1867 5654 3334,
1893 5591 1966 5654 3431,

320 5689 396 5753 eree,
414 5689 485 5739 soro.

423 5769 487 5824 itm.
507 5768 590 5824 Pons.
609 5767 643 5822 11.
1729 5757 1764 5814 38
