4784 6334
872 413 1072 471 emesenae
1091 415 1283 473 SELEC'I'AE
1321 417 1395 473 1248.
1899 429 1962 490 409

309 581 525 665 reddiderint,
563 586 709 671 ipsorum
743 590 994 673 consanguineis
1026 590 1063 655 F.
1092 592 1255 676 quondam
1291 594 1481 678 imperatori
1517 601 1630 660 contra
1663 617 1722 660 nos
1757 600 1791 660 et
1824 596 1961 662 eandem

309 687 482 751 ecelesiam
512 688 746 755 adherentibus
775 692 963 757 manifeste:
998 715 1072 771 nos,
1103 701 1294 780 reputantes
1325 695 1492 782 indignum
1521 706 1557 762 ut
1586 698 1724 785 predicti
1752 700 1862 764 clerici
1884 722 1960 786 pro-

310 789 445 854 visionis
474 800 587 856 nostre
616 793 755 877 gratiam
784 801 1017 879 assequantur,
1047 797 1272 879 mandamus·,
1301 801 1470 884 quatinus,
1500 801 1527 865 si
1556 807 1607 866 eat
1633 802 1693 883 ita,
1724 801 1850 868 eisdem
1880 825 1961 869 exe-

310 893 478 958 cutoribus
502 915 544 958 cx
567 902 659 981 parte
681 901 792 962 nostra
814 898 963 964 inhibere
987 901 1115 982 curesb,
1139 908 1175 967 ut
1199 903 1454 988 supersedentes
1477 906 1612 991 prefatis
1633 908 1750 972 litteris
1772 930 1831 995 per
1846 909 1961 975 huius-

244 1015 256 1052 ι
309 996 397 1062 modi
419 997 567 1063 fraudem
591 998 745 1080 obtentis,
768 1022 828 1089 per
850 1025 906 1068 eas
930 1004 1138 1089 aliquatenus
1161 1027 1227 1070 non
1250 1006 1429 1092 procedant
1438 1008 1460 1072 ¹.

417 1118 494 1187 Dat.
516 1120 683 1206 Lugduni,
706 1121 794 1187 XIII
816 1122 891 1188 Kal.
915 1124 1001 1206 Iulii,
1024 1146 1110 1190 anno
1127 1126 1183 1191 V⁰.

934 1388 1310 1400 ————-———-—v---.
1316 1393 1345 1398 ...-

1094 1633 1180 1707 579.

413 1738 632 1833 Innocentius
653 1768 711 1833 lV
725 1791 812 1850 papa
835 1771 964 1853 Hpclrcm
982 1771 1120 1852 priorem
1138 1772 1364 1855 provincialem
1386 1771 1528 1852 fratrem
1543 1773 1802 1840 Praedimtmnm
1823 1778 1860 1840 in
1881 1777 1962 1841 Ala-

310 1872 445 1934 mannia
467 1891 571 1935 ornnes
596 1873 824 1956 macenpnelos
845 1874 987 1952 Frisiee,
1017 1874 1212 1940 Hollnndiae
1233 1880 1262 1939 el
1284 1876 1454 1941 Selandtae
1476 1877 1656 1958 conpellere
1677 1879 1773 1957 labet,
1804 1883 1839 1944 nt
1863 1881 1908 1944 ita
1930 1900 1962 1944 se

303 1977 507 2056 promerent,
530 1979 565 2040 et
586 1995 689 2041 mense
710 1977 835 2042 Martio
851 1979 999 2059 prosince
1022 1979 1057 2042 in
1082 1979 1198 2044 Terrae
1220 1979 1356 2044 Sanctam
1377 1981 1553 2045 subsidiem
1569 1983 1730 2063 profienscl
1748 1983 1880 2062 possint.

230 2087 257 2126 ro
1612 2088 1706 2164 1248,
1728 2086 1805 2151 Inn.
1820 2088 1873 2150 22.

412 2201 475 2254 rea.
488 2200 537 2254 ιν
551 2199 614 2269 ee.
633 2200 687 2255 ve.
707 2202 731 2268 r,
751 2209 818 2269 mo,-
838 2201 897 2256 uo.
916 2202 946 2271 v,
964 2210 1016 2257 919.
1053 2202 1210 2270 reaper,
1232 2203 1303 2272 quoa
1329 2203 1426 2272 aneo,
1450 2205 1526 2258 aaa
1546 2204 1642 2260 Prae.
1660 2210 1679 2260 ι.
1697 2206 1721 2274 1,
1741 2223 1770 2274 ρ.
1789 2213 1844 2275 rea,
1871 2223 1899 2260 a.
1917 2214 1962 2261 aa

306 2285 1046 2356 edice‚eeampoteeommnmcr.0.cer¹ane

412 2373 545 2442 Pottlrast,
566 2374 629 2443 ae.
643 2379 738 2440 1296&
755 2375 854 2444 Berper
870 2381 944 2432 3967.

528 2571 654 2665 Hydo
686 2572 827 2664 priori
860 2572 1130 2665 provinciali
1163 2573 1354 2646 fratrum
1385 2573 1741 2649 Predicatorum
1824 2655 1827 2660 ,

960 2693 1006 2766 in
1039 2694 1304 2769 Alamania.

415 2843 462 2907 Ut
483 2848 641 2908 voventes
663 2843 757 2908 iuxta
778 2842 1011 2929 prophetarum
1039 2842 1195 2906 eximium
1221 2842 1359 2907 reddant
1381 2842 1524 2908 Domino
1553 2850 1631 2908 vota
1660 2865 1734 2924 sua,
1766 2845 2099 2911 discretionisque

308 2951 363 3011 tue
385 2947 588 3032 presentium
610 2947 805 3011 auctoritate
828 2946 862 3010 in
887 2947 1004 3010 virtute
1021 2944 1204 3010 obedientie
1220 2945 1430 3032 precipiendo
1448 2947 1651 3027 mandemus,
1675 2949 1829 3033 quatinus
1846 2971 1959 3014 omnes

308 3048 553 3134 crucesignatos
576 3047 618 3116 de
642 3048 759 3131 Frisia,
781 3048 958 3114 Hellandia
981 3056 1015 3113 et
1030 3048 1203 3114 Zellandia
1224 3069 1285 3134 per
1307 3055 1339 3114 te
1363 3051 1416 3114 vel
1438 3071 1498 3136 per
1522 3051 1648 3136 aliquos
1672 3051 1713 3117 de
1737 3053 1892 3118 fratribus
1912 3053 1960 3118 tui

309 3153 441 3234 ordinis,
464 3174 546 3240 quos
569 3154 610 3218 ad
631 3154 695 3219 hoc
718 3154 851 3219 idoneos
867 3175 941 3220 esse
958 3155 1161 3239 cognoveris,
1184 3174 1319 3218 moneas
1335 3155 1492 3218 attentius
1509 3159 1542 3218 et
1558 3154 1695 3218 inducas
1712 3161 1755 3236 et,
1779 3157 1807 3221 si
1822 3177 1960 3222 necesse

310 3255 423 3338 fuerit,
452 3278 704 3343 percensuram
729 3258 987 3324 ecclesiasticam
1010 3256 1232 3342 appellatione
1256 3263 1382 3321 remota
1413 3257 1606 3342 compellas,
1636 3257 1722 3343 quod
1749 3259 1795 3322 ita
1823 3280 1858 3323 se
1887 3281 1961 3344 pre·

308 3367 438 3446 parent,
468 3368 506 3426 ut
528 3362 561 3426 in
582 3383 696 3426 mense
719 3361 831 3426 Martii
855 3361 1003 3447 proxime
1025 3361 1135 3424 futuro
1159 3360 1221 3422 iter
1244 3359 1414 3445 arripiant,
1444 3359 1477 3423 in
1500 3360 1603 3425 Terre
1628 3360 1749 3426 Sancte
1779 3361 1962 3427 subsidium

308 3463 519 3549 profecturil,
543 3502 586 3512 —
609 3487 673 3531 non
696 3465 865 3530 obstantee
889 3463 976 3549 quod
999 3463 1107 3529 eidem
1130 3462 1235 3527 ordIni
1258 3485 1277 3527 a
1301 3462 1380 3528 sede
1404 3464 1586 3550 apostolica
1609 3470 1658 3528 est
1674 3462 1845 3546 indultum,
1868 3472 1905 3529 ut
1920 3465 1961 3530 de

310 3568 416 3630 causis
439 3570 492 3633 vel
514 3569 666 3654 negotiis,
694 3568 849 3633 fratribus
871 3567 950 3632 dicti
973 3566 1095 3631 ordinis
1120 3565 1162 3631 ab
1187 3565 1302 3630 eadem
1326 3565 1403 3630 sede
1427 3567 1604 3646 concessis,
1628 3588 1826 3652 cognoscere
1851 3569 1902 3632 vel
1926 3590 1962 3633 se

310 3669 525 3736 intromIttere
548 3692 612 3736 non
637 3679 811 3736 teneantur
832 3671 936 3751 inviti,
968 3692 1027 3735 seu
1050 3669 1256 3755 indulgentia
1279 3670 1307 3734 si
1331 3692 1395 3755 qua
1418 3676 1469 3734 est
1491 3670 1654 3756 aliquibus
1677 3671 1718 3735 ab
1742 3671 1859 3737 eedem
1882 3672 1961 3737 sede

311 3795 478 3856 concessa,
501 3780 538 3839 ut
559 3775 737 3856 interdicit,
762 3774 919 3860 suspendi
937 3781 972 3838 et
994 3773 1272 3838 excommunicari
1295 3794 1359 3836 non
1382 3774 1508 3858 possint
1531 3794 1590 3860 per
1611 3774 1738 3840 litteras
1762 3776 1961 3862 apostolicas

310 3877 434 3963 absque
463 3877 565 3962 ipsius
597 3878 685 3944 sedis
715 3879 851 3964 speciali
879 3876 1033 3942 mandato
1055 3877 1197 3942 faciente
1221 3877 1352 3963 plenam
1376 3876 1416 3941 de
1439 3877 1501 3941 hac
1525 3877 1730 3963 indulgentia
1751 3879 1963 3961 mentionem,

311 4002 370 4046 seu
393 3982 537 4066 qualibet
559 3982 637 4063 alia,
671 3982 711 4047 de
735 4003 799 4068 qua
820 3982 854 4046 in
877 3981 997 4046 nostris
1026 3980 1146 4045 litteris
1178 3981 1301 4045 mentio
1331 3980 1402 4044 fieri
1433 3979 1553 4045 debeat
1583 3981 1751 4066 specialis,
1783 3983 1853 4048 sive
1884 4002 1962 4048 con-

310 4085 479 4149 stitutione
502 4083 544 4150 de
567 4085 693 4151 duabus
716 4085 814 4149 dietis
837 4083 926 4150 edita
949 4085 983 4149 in
1006 4085 1142 4149 concilio
1166 4082 1321 4169 generali.

414 4204 490 4271 Dat.
513 4205 675 4292 Lugduni,
698 4207 732 4272 X
753 4205 828 4271 Kal.
851 4206 938 4287 Iulii,
962 4225 1046 4270 anno
1062 4205 1118 4271 V0.

936 4465 1346 4475 ——.-....-

1096 4730 1184 4804 580.

233 4873 259 4914 ³⁰
415 4842 633 4936 Innocentius
648 4871 671 4935 Ι
676 4869 704 4934 V
709 4891 801 4954 popa
820 4873 844 4956 [
841 4870 996 4953 Henriec]
1018 4839 1157 4950 episeopo
1176 4868 1411 4935 Constantiensr'
1432 4868 1571 4947 mandat,
1594 4872 1630 4932 nt
1645 4872 1814 4950 postquam
1837 4867 1964 4932 ecclesie

309 4974 504 5040 Basillensis
525 4974 696 5051 remearit,
726 4974 902 5038 electionem
923 4992 978 5037 sen
993 4971 1237 5052 postulationem
1260 4971 1392 5053 eopttnli
1414 4972 1482 5035 sine
1505 4991 1637 5036 assensn
1659 4971 1762 5053 ipsine
1779 4969 1965 5056 faciendam

414 5236 438 5302 ⁸)
456 5196 605 5288 discretioni!
618 5242 663 5288 tue
680 5251 726 5302 per
742 5235 881 5301 apostolica
898 5235 993 5301 scripta
1010 5233 1160 5284 modernus
1175 5231 1208 5282 A.
1314 5230 1340 5297 b)
1358 5234 1454 5284 curatio
1465 5232 1498 5283 R.
1511 5241 1535 5284 et
1548 5231 1580 5285 A.
1686 5231 1709 5297 ο)
1729 5249 1765 5283 on
1783 5249 1835 5284 non
1853 5232 1917 5283 obst
1931 5251 1964 5274 =

311 5339 363 5373 non
381 5321 566 5375 obeuntibus?
669 5319 695 5387 d)
714 5321 826 5387 aequem
842 5321 869 5372 in
882 5320 929 5371 a:
947 5329 994 5372 ote.
1013 5327 1043 5372 ut
1060 5337 1138 5386 supra
1155 5319 1182 5370 in
1200 5320 1396 5370 mccccxviii
1415 5315 1475 5386 [lep.
1496 5319 1570 5370 XVII
1589 5337 1621 5361 =
1639 5317 1739 5384 Berper
1754 5316 1833 5384 3965]
1851 5318 1964 5384 capitulo

311 5425 405 5476 usqne:
429 5409 555 5476 specialia,
572 5409 627 5460 sive
644 5408 826 5460 comtitutione
843 5415 887 5458 etc.

234 5536 259 5576 ss
414 5527 441 5594 1)
461 5525 501 5592 Os.
515 5543 545 5594 p.
562 5532 623 5593 364,
645 5531 698 5580 net.
716 5534 738 5579 1.
829 5525 857 5592 2)
878 5523 945 5578 Gom
963 5521 1124 5576 bodonicus
1141 5521 1190 5576 IX
1210 5539 1257 5578 ree
1277 5522 1451 5578 Francorum
1471 5528 1589 5592 parntes
1610 5522 1647 5576 ad
1667 5523 1720 5577 iter
1741 5521 1797 5576 tem
1817 5527 1891 5591 meet,
1916 5523 1965 5590 qni

312 5613 382 5681 Any.
395 5619 429 5668 28
445 5627 524 5665 naves
542 5610 671 5679 ascendit,
691 5627 766 5680 popa
783 5609 832 5664 trae
847 5609 958 5678 epistole
976 5607 1141 5662 Fm'sonibns
1158 5609 1240 5662 simul
1255 5609 1383 5678 imunt,
1407 5615 1437 5663 nt
1455 5625 1516 5664 enm
1533 5625 1563 5664 ec
1580 5609 1751 5676 bmrsfretore
1767 5626 1824 5663 non
1840 5607 1964 5663 deberem

317 5697 426 5753 Viribus
442 5713 532 5752 mmm
550 5703 643 5752 metra
660 5699 796 5766 Aqnerrses
814 5696 856 5750 nti
872 5695 984 5764 colebam
1000 5695 1035 5762 cs.
1054 5711 1082 5750 n.
1095 5700 1150 5750 tls.

413 5792 477 5850 Rea.
494 5793 574 5850 Posr.
588 5792 623 5848 II.
1724 5790 1758 5846 52
