4784 6334
885 415 1085 480 santonas
1102 415 1294 481 erumnas.
1330 419 1405 482 lata.

907 781 915 800 .
942 782 950 799 .
978 726 1141 800 abbati
1167 725 1392 800 Farfensi.

429 872 522 940 Iusta
542 873 707 941 desideria
720 873 912 941 devotorum
927 877 1048 942 affectu
1064 877 1207 962 benigno
1227 877 1381 962 prosequi
1394 873 1606 954 delectamur,
1629 875 1688 940 scd
1710 877 1840 944 illorum
1862 880 1969 964 preci-

326 1000 391 1066 pue
415 999 496 1064 quos
518 986 673 1066 pretextu
696 981 917 1046 ecclesiastice
940 980 1101 1046 libertatis
1131 982 1291 1046 sentimus
1320 979 1493 1067 dispendia
1510 982 1709 1065 'pertsrlisse
1755 982 1837 1046 Cum
1860 983 1971 1067 itaque

328 1082 466 1148 dilectus
499 1083 585 1149 filins
619 1082 796 1148 Gualterus
830 1083 967 1149 clericus
1000 1085 1108 1170 plebis
1140 1085 1182 1150 de
1203 1084 1297 1149 Vado
1335 1084 1499 1150 Fesulane
1533 1083 1670 1152 diocesis
1703 1109 1768 1152 una
1797 1108 1871 1151 cum
1901 1088 1971 1150 suis

264 1209 276 1245 s
329 1208 348 1251 a
371 1186 529 1252 Friderici
550 1188 732 1253 fautoribus
754 1210 813 1274 pro
837 1188 900 1254 fide
923 1210 961 1254 ac
983 1189 1170 1272 devotione,
1200 1211 1296 1275 quam
1328 1191 1415 1256 circa
1436 1189 1617 1256 Romanam
1645 1197 1762 1274 gerunt
1785 1191 1970 1262 ecclesiam,

328 1291 439 1356 multis
463 1297 496 1357 et
518 1289 656 1356 dirersis
679 1291 837 1356 molestiis
861 1298 958 1378 prout
980 1293 1166 1380 accepimus
1190 1294 1233 1357 sit
1255 1314 1431 1380 oppressus
1441 1295 1462 1374 ¹,
1486 1314 1561 1374 nos,
1589 1292 1687 1378 digne
1709 1295 1858 1358 volentes
1883 1293 1969 1380 quod

328 1395 399 1480 ipse
422 1394 658 1480 benignitatem
681 1396 894 1488 apostolicam
921 1396 1087 1462 invenisse
1117 1395 1180 1460 sibi
1208 1397 1351 1480 gaudeat
1373 1397 1567 1481 gratiosam,
1589 1395 1796 1479 mandamus,
1820 1398 1971 1482 quatinus

328 1498 435 1564 cidem
459 1499 630 1564 ecclesiam
659 1505 770 1564 sancte
792 1499 972 1565 Felicitatis
993 1500 1034 1566 de
1057 1501 1208 1586 Augusta
1230 1499 1400 1566 Tiburtina
1428 1499 1582 1581 diocesis,
1612 1501 1656 1582 si,
1680 1506 1775 1586 prout
1803 1502 1970 1582 asseritur,
2016 1527 2019 1533 ¹

327 1602 369 1667 de
391 1604 461 1668 iure
483 1610 579 1668 vacat
601 1603 642 1668 ed
665 1626 817 1691 presens,
846 1611 955 1671 emoto
982 1605 1023 1670 ab
1051 1627 1091 1671 ea
1120 1605 1267 1691 quolibet
1289 1605 1403 1670 illicito
1427 1604 1615 1684 detentore,
1642 1603 1837 1669 auctoritate
1861 1610 1973 1668 nostra

330 1707 479 1772 conferre
503 1713 538 1772 ct
559 1707 725 1793 assignare
748 1729 919 1794 procures,
943 1709 1066 1774 faciens
1089 1729 1165 1774 eum
1187 1709 1322 1796 pacifica
1344 1708 1553 1796 possessione
1575 1706 1737 1792 gaudere,
1760 1743 1802 1754 -
1826 1727 1889 1772 non
1913 1707 1971 1771 ob-

328 1816 436 1874 stante
458 1811 568 1896 uliqua
589 1810 791 1896 indulgentia
814 1812 899 1878 sedis
922 1813 1119 1899 apostolice,
1143 1834 1203 1899 per
1225 1833 1322 1897 quem
1351 1809 1536 1876 huiusmodi
1565 1811 1671 1894 gratia
1692 1809 1842 1895 impediri
1865 1811 1973 1875 valeat

328 1914 380 1978 rel
404 1914 504 1978 etiam
527 1913 684 1978 retardari
710 1939 768 1990 —;
792 1915 1050 1982 contradictores
1074 1922 1134 1981 eto.

434 2034 512 2100 Dat.
535 2033 697 2119 Lugduni,
720 2035 755 2100 II
777 2034 853 2102 Kal.
876 2036 1008 2123 Aprilis,
1032 2058 1116 2101 enno
1132 2035 1211 2102 V⁰².

951 2297 1360 2308 Ἥ

1110 2558 1196 2632 530.

432 2672 649 2766 Innocentius
670 2697 695 2762 I
697 2695 725 2762 V
738 2719 828 2782 papa
849 2697 1049 2782 ananan]
1070 2697 1208 2764 Sanctae
1239 2697 1369 2763 Mariae
1397 2700 1434 2763 in
1460 2697 1619 2765 Cosrnidin
1648 2697 1779 2763 diacono
1805 2697 1973 2776 cardinali,

252 2836 276 2874 u
328 2803 514 2885 apostolicae
542 2803 625 2868 sedis
653 2803 767 2886 legato,
798 2802 942 2881 mandat,
976 2804 1012 2864 nt
1042 2801 1084 2866 iis
1105 2801 1143 2867 de
1165 2801 1372 2880 Rernaniola,
1393 2803 1450 2884 qni
1471 2803 1515 2867 cd
1534 2803 1686 2886 yrerninm
1709 2802 1852 2866 ecclesiae
1873 2801 1975 2865 redire

327 2908 464 2988 apion,
486 2925 581 2988 asper
601 2907 788 2972 retentandis
808 2906 1133 2970 excommunicationis
1154 2907 1317 2972 sententiis
1333 2907 1507 2990 mannent,
1529 2907 1610 2970 sient
1631 2904 1745 2969 viderit
1765 2904 1919 2984 expedire.

429 3027 495 3080 Inn.
513 3026 561 3080 IV
575 3025 639 3094 nep.
659 3027 715 3082 Vct.
733 3028 757 3098 1,
775 3033 835 3094 557,-
853 3025 914 3080 Lib.
933 3024 962 3092 V,
979 3039 1035 3080 cnr.
1053 3033 1093 3080 50.
1638 3011 1731 3086 1248,
1752 3008 1834 3088 Apr.
1857 3011 1888 3074 2.

430 3111 529 3180 Beryer
545 3119 621 3167 4100.

548 3293 595 3366 R.
623 3292 786 3366 Sancte
812 3291 948 3366 Maria
975 3291 1021 3364 in
1048 3290 1283 3365 Cosmidin
1309 3291 1499 3364 diacono
1526 3288 1763 3377 cardinali,

848 3413 1102 3505 apostolice
1129 3413 1263 3486 sedis
1289 3413 1449 3506 legata.

432 3559 555 3647 Spiritu
586 3560 710 3625 consilii
738 3566 771 3626 ct
797 3561 928 3647 pietatis
956 3573 1063 3627 nunc·
1084 3563 1253 3649 potissime
1283 3562 1356 3640 duci
1379 3562 1508 3627 videtur
1535 3559 1692 3639 ecclesia,
1723 3557 1851 3645 quando
1874 3556 1916 3620 ad
1940 3554 1974 3619 id

328 3687 386 3730 suc
414 3665 526 3750 dirigit
554 3663 783 3751 providentiel
813 3665 972 3749 studium,
1004 3689 1063 3754 per
1091 3666 1177 3752 quod
1201 3667 1382 3731 animarum
1404 3668 1492 3730 salus
1514 3670 1547 3728 et
1569 3664 1731 3731 libertatis
1756 3661 1976 3726 ecclesiastice

328 3769 501 3856 proueniat
523 3769 768 3832 incrementum.
814 3768 895 3834 Cum
918 3771 1029 3856 itaque
1050 3771 1197 3835 nonnulli
1220 3770 1260 3835 de
1290 3769 1493 3850 Romaniola,
1516 3773 1612 3854 prout
1638 3766 1831 3852 accepimus,
1855 3785 1874 3828 a
1897 3765 1974 3848 iugc

330 3871 496 3937 servitutis
520 3871 601 3956 eripi
624 3877 658 3935 et
679 3870 845 3936 redeundo
868 3871 909 3937 ad
932 3875 1091 3959 gremium
1115 3874 1203 3939 sedis
1226 3872 1404 3960 apostolice
1426 3871 1586 3936 libertatis
1602 3869 1719 3956 gaudio
1743 3869 1875 3955 cupiant
1898 3887 1976 3930 con-

251 4005 278 4046 n
330 3975 447 4056 foveri,
476 3995 551 4056 nos,
580 3973 620 4040 de
651 3981 707 4039 tua
729 3974 868 4061 probata
891 3976 1180 4064 circumspectione
1208 3977 1341 4056 confisi,
1364 3975 1565 4062 presentium
1587 3973 1646 4038 tibi
1668 3973 1862 4038 auctoritate
1886 3991 1974 4035 com-

329 4079 500 4160 mittimus,
522 4084 558 4142 ut
581 4098 679 4164 super
701 4079 888 4144 relaxandis
912 4082 1286 4146 excommunicationum
1310 4081 1499 4162 sententiis,
1523 4100 1604 4165 quas
1627 4098 1768 4164 persone
1791 4073 1977 4140 huiusmodi

331 4181 520 4246 adherendo
543 4182 682 4246 inimicis
705 4183 843 4246 ecclesia
868 4203 927 4248 seu
950 4205 1169 4270 quascumque
1193 4184 1275 4248 alins
1298 4185 1517 4262 incurrerunt,
1546 4186 1579 4245 et
1607 4178 1811 4245 remittendis
1838 4177 1973 4242 offensis

331 4286 492 4350 universis
517 4292 550 4350 et
573 4287 726 4371 singulis,
751 4308 831 4373 quas
854 4287 1035 4352 intulerunt
1058 4287 1181 4368 eidem,
1206 4287 1310 4352 libere
1334 4285 1523 4374 provideas,
1555 4284 1637 4348 sicut
1659 4285 1800 4369 ipsorum
1825 4281 1920 4345 saluti
1945 4284 1978 4342 et

331 4390 445 4454 honori
480 4389 624 4454 eiusdem
657 4389 794 4456 ecclesie
828 4390 950 4455 uideris
983 4391 1149 4476 expedire.
1204 4391 1273 4455 Nos
1302 4391 1387 4456 enim
1420 4395 1525 4453 ratum
1556 4393 1588 4452 et
1617 4387 1742 4450 firmum
1773 4382 1977 4462 habebimus,

254 4521 280 4560 so
332 4493 486 4580 quicquid
509 4494 691 4581 superbiis
715 4493 850 4559 duxeris
873 4494 1058 4560 faciendum
1069 4496 1093 4560 ³.

438 4613 515 4682 Dat.
538 4613 701 4700 Lugduni,
725 4613 796 4682 IIII
819 4613 902 4682 Non.
925 4615 1030 4704 April.
1054 4638 1139 4682 anno
1155 4617 1211 4684 Vl.

433 4873 459 4942 Ι)
477 4891 548 4928 nnnc
565 4875 633 4928 deest
649 4875 682 4928 B.
700 4893 737 4928 an
753 4875 835 4930 tunel
936 4872 963 4942 b)
982 4875 1117 4943 prudentia
1134 4873 1167 4926 B.

436 5012 462 5081 1)
481 5011 557 5066 Haec
583 5026 686 5082 macene
715 5009 751 5064 ad
775 5025 817 5064 rea
844 5010 957 5065 astuta
980 5009 1158 5064 Florentinae
1183 5011 1299 5078 apennis
1323 5003 1460 5068 videntur,⁸
1486 5003 1566 5071 etp.
1585 5007 1650 5070 325,
1675 5005 1730 5055 not.
1749 5005 1773 5054 2.
1876 4999 1903 5066 2)
1923 4997 1978 5052 Snt

334 5099 403 5152 nat.
421 5107 450 5154 11
472 5116 549 5168 papa
575 5099 713 5154 ‘cimmo
738 5096 771 5152 de
793 5097 867 5151 Vada
892 5098 995 5164 clerico,
1020 5096 1151 5164 familiari
1173 5095 1269 5148 ments
1290 5093 1341 5146 ciri
1359 5089 1490 5158 Pandnti
1507 5089 1538 5142 de
1557 5087 1627 5143 Colle
1643 5089 1714 5155 Alto,
1733 5085 1856 5140 aceiae
1873 5083 1978 5150 Mnc’,

255 5209 280 5250 as
331 5190 466 5240 meconem
483 5186 615 5240 eoelnsbn
631 5191 738 5240 sannae
756 5185 867 5240 Murice
886 5185 917 5240 de
937 5183 1112 5238 Mneicnclto
1133 5183 1288 5238 Tiburtinos
1305 5180 1424 5245 dinan,
1441 5183 1528 5232 cnuto
1550 5178 1585 5230 ab
1606 5192 1637 5229 aa
1654 5175 1765 5243 psalma
1783 5172 1873 5226 illicito
1892 5170 1978 5224 delen

331 5277 393 5339 tore,
411 5272 526 5338 conferri
542 5271 634 5336 iussin
652 5272 748 5340 nepe
764 5277 839 5326 3873.
937 5272 964 5337 3)
983 5269 1228 5338 ‘Intncnliam
1247 5273 1326 5332 1248,
1345 5266 1450 5320 Iunci
1467 5264 1561 5332 arnon]
1578 5262 1692 5316 aetna
1712 5260 1860 5327 Romaene,
1887 5257 1980 5310 scilian

337 5358 443 5424 Ymclu,
472 5357 584 5412 Runcrm
602 5356 689 5426 [Mat.
706 5365 738 5426 6,·
766 5355 1012 5424 nelma-Face,
1037 5357 1053 5410 l.
1072 5373 1094 5411 c.
1118 5355 1228 5426 3698nJ,
1259 5353 1394 5408 Fauentia
1423 5351 1470 5421 [ef.
1492 5351 1566 5418 infra
1593 5349 1641 5403 snb
1668 5347 1734 5416 Aps.
1753 5348 1791 5416 cJ,
1816 5345 1980 5412 Ariminum,

334 5442 484 5498 Fnrlinnns
500 5442 620 5514 [Forli],
645 5444 868 5512 Fnrnipepulnm
885 5443 1116 5512 [Forlimpnpclih
1143 5442 1255 5508 Ccsmsm
1277 5440 1309 5493 dc
1330 5453 1457 5492 mamam
1485 5435 1606 5490 Tornunii
1630 5435 1662 5488 de
1690 5435 1800 5488 Marem
1820 5431 1980 5501 (Muteno),

332 5530 431 5598 Apsilia
447 5531 541 5584 amre
558 5537 581 5584 ct
597 5531 698 5586 comitis
711 5547 763 5600 pru
780 5531 935 5600 imperatore
951 5531 1061 5584 munim
1075 5529 1205 5598 partiam,
1223 5527 1319 5582 domno
1333 5525 1476 5578 neniam
1489 5521 1638 5591 [widinuli
1648 5521 1743 5590 lanuto]
1756 5535 1782 5572 sc
1801 5517 1979 5584 tradriiesnnt,

255 5633 282 5672 so
332 5617 664 5686 immolantemne.
701 5619 824 5672 Praese
841 5617 958 5671 nnitntes
975 5617 1051 5670 roan
1069 5616 1171 5685 Spoleti
1188 5614 1324 5672 eardnrcli
1343 5610 1480 5681 &pneris
1497 5625 1523 5662 se
1540 5607 1731 5674 ercammaru-
1757 5606 1832 5660 Ann.
1859 5605 1981 5660 Placent

334 5701 394 5760 aa.
413 5722 439 5758 a.
459 5711 534 5774 rasa,
553 5705 605 5760 se.
624 5709 640 5757 ι.
663 5704 782 5773 Χνιη,
798 5721 827 5772 p.
845 5711 901 5758 sor.
1715 5777 1771 5832 4„
