4328 6232
843 337 1045 395 erroreum
1062 337 1251 395 SELECTAE.
1290 341 1365 396 1247.
1865 351 1934 414 239

1061 555 1148 628 316.

382 654 599 751 Innocentius
614 684 670 750 IV
683 705 773 766 papa
788 685 905 750 decano
927 690 957 749 ct
970 687 1108 767 criptula
1122 688 1264 753 ecolesma
1280 688 1318 753 cic
1334 688 1564 755 Acbscinlurclt
1578 691 1791 774 Mapuntimrc
1806 693 1935 758 dicacis

286 791 397 854 irtuitu
424 790 527 856 Ulrici
549 788 685 854 iunioris
706 788 744 853 cle
767 788 981 869 Minacnberc,
1010 789 1110 855 macti
1132 791 1287 871 cadusiae,
1314 791 1459 871 renudat,
1483 794 1706 860 utillicolaunc
1728 795 1934 862 clericando

285 894 487 980 Franlceforrt
507 895 544 959 in
561 892 701 979 fratrent
724 898 753 958 et
773 894 959 959 canonicum
980 893 1161 962 admittant.
1583 902 1677 978 1247,
1699 899 1780 983 Apu.
1796 903 1847 965 12.

381 1013 446 1068 Iun
461 1012 510 1068 IV
523 1013 588 1082 Ray.
608 1012 664 1068 Vol.
684 1014 784 1081 L391,·
808 1012 869 1067 Inln
882 1012 933 1082 IV,
951 1021 1007 1069 697.
1044 1014 1195 1084 spinulam
1213 1032 1247 1070 ex
1265 1016 1384 1085 Repertis
1401 1016 1537 1086 ductim
1560 1017 1677 1074 natm.
1692 1018 1770 1074 Mau.

236 1117 245 1151 s
381 1103 481 1172 Buca
496 1109 573 1158 enoc.

467 1322 506 1341 ..
534 1266 714 1340 decano
750 1269 796 1338 et
828 1264 1034 1355 capitula
1071 1265 1268 1339 ecclesie
1302 1267 1353 1341 de
1388 1268 1744 1342 Acbsembureh

794 1386 1166 1478 Maguntinensis
1200 1387 1414 1462 diocesis,

380 1536 628 1622 Benignitatem
652 1533 739 1600 sedis
762 1535 944 1622 apostolice
973 1536 1084 1600 multis
1107 1535 1140 1601 in
1164 1536 1351 1623 provisione
1375 1539 1550 1625 propitiam
1576 1540 1763 1628 repperisse
1787 1539 1933 1626 gauden-

283 1643 382 1723 tibus,
416 1641 539 1708 decens
568 1647 620 1707 est
648 1645 683 1706 et
705 1641 845 1728 equitati
869 1661 1064 1722 consonum,
1095 1647 1130 1706 ut
1153 1642 1197 1723 is,
1230 1664 1327 1728 quem
1350 1644 1439 1709 fama
1462 1644 1637 1710 laudabilis
1661 1642 1796 1730 dignum
1821 1642 1934 1708 farore

196 1775 225 1812 ro
284 1745 464 1828 constituit,
488 1746 609 1810 letetur
631 1749 744 1809 nostro
767 1743 914 1808 subsidio
939 1764 1115 1830 congruam
1138 1746 1326 1832 percepisse
1349 1748 1504 1833 gratiam,
1528 1770 1626 1834 quam
1649 1747 1799 1813 intendit.
1845 1746 1934 1812 Hinc

283 1854 339 1930 est,
363 1849 452 1935 quod
475 1870 533 1936 pro
556 1847 677 1914 dilecto
701 1848 768 1913 filio
785 1847 921 1913 Nicolao
945 1848 1063 1912 elerico
1088 1848 1128 1913 de
1148 1849 1365 1928 Frankelord,
1388 1850 1475 1938 apud
1498 1873 1556 1917 nos
1579 1853 1620 1918 de
1643 1853 1712 1917 rita
1734 1857 1768 1917 et
1790 1851 1934 1917 moribus

284 1953 523 2032 commendata,
555 1953 590 2018 in
617 1973 681 2039 quo
705 1952 817 2017 dilecti
844 1953 903 2017 filii
932 1953 1050 2017 nobilis
1079 1952 1140 2017 viri
1163 1953 1267 2019 Ulriei
1295 1956 1429 2021 iunioris
1452 1956 1493 2021 de
1516 1956 1755 2038 Minuenbere¹‚
1783 1955 1878 2020 nobis
1902 1959 1936 2019 et

284 2057 419 2124 ecclesie
440 2056 590 2123 Romane
612 2055 740 2136 devoti,
768 2056 917 2120 volumus
942 2056 1101 2121 honerare
1125 2077 1316 2143 personam,
1344 2060 1590 2125 universitatem
1614 2067 1758 2126 vestram
1780 2079 1934 2145 rogamus

284 2169 311 2228 et
332 2163 504 2229 hortamur
527 2168 663 2242 amente,
686 2160 880 2226 mandantes
906 2161 1058 2246 quatinus
1082 2162 1241 2244 eundem,
1265 2165 1391 2229 nullum
1413 2173 1510 2252 prout
1533 2164 1651 2230 dicitur
1674 2163 1935 2230 ecclesiasticum

190 2288 227 2326 ιιι
284 2266 477 2333 beneficium
492 2272 690 2348 assecutum,
714 2286 772 2351 pro
790 2270 902 2330 nostra
926 2270 960 2330 et
975 2266 1156 2351 apostolice
1173 2268 1261 2332 sedis
1277 2271 1462 2335 reverentia
1485 2270 1519 2334 in
1534 2270 1669 2334 fratrem
1693 2273 1727 2333 et
1743 2267 1933 2332 canonicum

280 2372 460 2437 admittmis
484 2376 517 2436 et
540 2368 777 2456 deprehende,
802 2369 981 2454 quamcito
1006 2390 1040 2433 se
1057 2369 1196 2435 facultas
1217 2370 1382 2454 obtulerit,
1403 2373 1586 2438 liberaliter
1606 2371 1805 2460 provideatis
1829 2369 1936 2437 eidem

278 2513 318 2524 -
334 2476 593 2541 nonobstante*
612 2479 703 2539 certo
720 2473 950 2539 canonicorum
967 2494 1104 2539 numero
1121 2474 1305 2540 iuramento
1330 2475 1408 2541 seub
1425 2497 1618 2562 quecunque
1634 2476 1787 2542 firmitate
1805 2474 1935 2554 vallato,

276 2583 329 2649 rel
352 2582 382 2647 si
408 2580 501 2646 robis
524 2600 584 2666 pro
608 2579 680 2645 aliis
704 2579 912 2664 scripsimus,
943 2578 1062 2664 quibus
1086 2584 1150 2645 ete.
1174 2600 1292 2664 usque:
1316 2581 1481 2665 generari,
1505 2587 1561 2646 aut
1585 2580 1696 2666 aliqua
1719 2576 1936 2662 indulgentia,

274 2688 318 2754 de
343 2707 410 2774 qua
432 2685 611 2772 specialem
634 2684 668 2748 in
690 2684 808 2749 litteris
832 2683 952 2749 nostris
978 2688 1129 2769 oporteat
1151 2683 1223 2747 fieri
1246 2684 1448 2749 mentionem
1473 2709 1529 2760 —;
1551 2705 1668 2772 preces
1692 2688 1725 2748 et
1747 2680 1935 2746 mandatum

183 2811 211 2850 ro
275 2797 426 2856 nostrum
455 2788 568 2854 taliter
594 2787 777 2874 impleturi,
808 2792 845 2850 ut
875 2808 918 2851 ex
947 2786 1009 2850 hoe
1037 2792 1148 2851 vestra
1171 2787 1343 2851 sinceritas
1373 2786 1460 2873 apud
1490 2808 1549 2852 nos
1573 2787 1719 2851 favorem
1742 2792 1777 2850 et
1799 2783 1936 2870 gratiam

275 2900 457 2961 mereatur.
495 2891 651 2978 Alioquin
667 2889 794 2957 dilectis
809 2890 885 2954 filiis
909 2938 916 2954 .
936 2899 949 2955 .’
967 2889 1104 2970 decano,
1128 2940 1136 2954 .
1156 2938 1164 2954 .
1188 2892 1313 2957 cantori
1337 2898 1370 2956 ct
1393 2939 1426 2956 ..
1450 2889 1657 2956 thesauraria
1674 2888 1815 2955 ecclesie
1832 2887 1936 2952 sancti

274 2999 425 3065 Victoris
448 2994 634 3082 Magantini
655 2993 771 3060 damus
795 3000 1004 3078 stansque:
1029 3001 1252 3080 exequantur;
1277 2994 1535 3061 contradictores
1559 3000 1622 3061 etc.

382 3117 461 3183 Dat.
483 3114 647 3202 Lugduni,
669 3113 776 3181 111d.
799 3113 904 3200 April.
928 3111 1025 3201 [anuo
1050 3112 1206 3201 quart0]⁰.

903 3360 1314 3368 ——-———

1066 3570 1151 3643 317.

386 3674 604 3772 Innocentius
619 3704 674 3772 IV
681 3725 773 3787 papa
797 3701 1004 3789 O[ctaciauo]
1030 3703 1167 3769 Sanctae
1192 3700 1322 3765 Mariae
1349 3701 1385 3764 iu
1414 3700 1474 3765 Via
1496 3701 1581 3765 Luta
1606 3700 1737 3765 diacono
1766 3696 1937 3776 cardinali,

287 3809 469 3889 apostolicae
503 3809 586 3876 scau
620 3810 720 3892 legato
752 3808 789 3872 in
810 3805 1034 3872 Loncbarrtiam
1062 3809 1091 3869 ct
1120 3804 1342 3870 Ratianiolam
1373 3804 1540 3883 destinato,
1568 3804 1662 3869 caria
1693 3801 1863 3879 arandela,
1895 3799 1939 3864 nd

287 3913 486 3979 muceudutn
507 3912 672 3996 legationis
693 3911 835 3998 officium
855 3911 1039 3992 manantia,
1061 3910 1126 3977 dat.
1582 3910 1677 3986 1247,
1699 3908 1780 3991 Apr.
1798 3910 1849 3971 13.

387 4033 450 4087 lnn.
463 4033 511 4088 IV
526 4032 591 4102 Rea.
610 4033 667 4088 Vol.
687 4033 784 4100 Lttdf
802 4030 861 4086 In'b.
881 4029 934 4099 IV,
951 4045 1007 4085 cru.
1026 4036 1151 4085 rte-105.

387 4122 488 4192 Bergae
504 4127 674 4178 doit-3021.
711 4119 773 4174 Hac
789 4118 912 4188 mactae
929 4117 966 4170 ad
984 4116 1087 4170 ramim
1105 4133 1166 4169 estin
1184 4115 1222 4170 eia
1234 4114 1405 4182 amca-canc,
1424 4131 1492 4183 quae
1508 4115 1559 4169 sub
1576 4133 1602 4169 a.
1622 4120 1692 4182 1247,
1712 4113 1798 4167 ulau.
1811 4117 1840 4166 tt
1860 4110 1939 4164 Petro

288 4207 417 4262 medanti
434 4209 517 4279 lauto
534 4207 655 4276 timu,
672 4207 709 4260 iu.
727 4224 756 4262 n.
776 4211 827 4262 303
846 4204 898 4259 XI
902 4203 992 4258 V-X
997 4203 1040 4257 VI
1052 4209 1076 4258 ct
1096 4201 1126 4257 X
1132 4200 1323 4256 VIII-XXI
1334 4200 1488 4270 propositae
1505 4208 1585 4269 ειιηίς
1601 4202 1635 4268 as.
1650 4218 1679 4269 p.
1699 4205 1757 4268 221,
1775 4204 1830 4253 etot.
1849 4208 1868 4253 1.

1068 4645 1155 4717 318.

387 4757 606 4854 Innocentius
633 4787 689 4854 IV
709 4809 801 4874 papa
833 4786 1073 4870 arclricpiscopis
1104 4789 1133 4848 et
1161 4783 1238 4848 aliis
1262 4782 1418 4863 maclalis
1440 4779 1648 4844 Lanbartliac
1675 4783 1704 4842 et
1732 4777 1939 4843 Rarmrnolac

290 4893 526 4979 emmanue]
542 4891 679 4960 Sanctae
693 4893 825 4958 Mariae
848 4891 883 4955 iu
906 4891 965 4955 Via
980 4891 1066 4955 Lata
1081 4889 1247 4953 diaconum
1263 4886 1465 4965 cardirtalcrn,
1487 4885 1675 4966 apostolicae
1698 4882 1780 4948 secl-is
1795 4882 1938 4964 locatum,

288 4996 481 5064 aarum.
1586 4990 1680 5066 1247,
1703 4987 1785 5069 Ape.
1801 4989 1852 5051 13.

387 5116 449 5171 aa
460 5116 508 5171 rr
522 5116 586 5185 aa.
611 5115 664 5170 va.
684 5115 781 5183 raa
798 5112 857 5167 ra.
871 5110 922 5179 ru,
940 5126 996 5166 au.
1009 5117 1051 5167 er.

388 5202 484 5272 aaa«
500 5208 575 5257 rece.

183 5398 227 5448 ³³
389 5415 413 5476 ⁸)
431 5431 468 5465 au
484 5431 537 5467 non
554 5413 620 5466 obst
640 5432 673 5456 =
692 5429 744 5464 non
765 5410 948 5464 obstantibus?
1051 5407 1077 5474 b)
1095 5426 1123 5462 se
1141 5408 1188 5474 B.,·
1205 5410 1239 5476 cf.
1257 5426 1296 5476 ep.
1314 5427 1340 5460 u.
1359 5409 1419 5473 287,
1443 5423 1508 5472 paroc
1531 5403 1672 5458 camimum
1695 5401 1802 5456 eandm
1820 5402 1940 5470 scrutans

290 5508 394 5550 aerato
411 5509 454 5553 eu.
558 5500 582 5563 ⁰)
600 5517 670 5552 anno
687 5506 777 5567 quarta
796 5499 864 5550 deca
881 5497 914 5548 Il.

391 5637 417 5704 ι)
436 5635 471 5689 a
494 5634 641 5705 mana,
657 5649 691 5691 a
705 5639 767 5705 aa.
786 5634 832 5690 aa.
851 5632 1002 5701 macc.
