4328 6232
834 331 1035 389 IIPIS'I'OLAII
1053 333 1242 390 subacens.
1281 336 1357 391 1247.

1043 617 1141 691 1270.

372 745 591 838 Innocentius
606 772 627 837 I
633 771 662 835 V
668 792 758 855 popo
772 770 796 855 [
793 769 914 856 Odoni]
928 771 1068 854 episcopo
1086 760 1272 857 Tusculiue,
1295 776 1480 856 apostolicae
1503 779 1584 844 sadis
1600 750 1706 863 lepato,
1727 781 1866 862 mandat,
1889 786 1925 846 ot

282 876 400 943 brunes
425 876 601 954 Francius,
628 876 684 959 qui
713 879 833 940 statuto
859 880 967 940 contra
994 877 1166 941 libertatem
1195 880 1432 945 acuminatam
1461 883 1630 961 ediderint,
1662 889 1691 948 ct
1722 905 1839 960 omnes,
1868 886 1924 967 qui

278 981 373 1046 wem
395 981 518 1045 sernum
535 978 679 1066 fecerint,
702 980 950 1045 excommunicat.
1554 986 1668 1072 (1247,
1691 987 1766 1056 Ion.
1788 989 1838 1072 4.]

338 1102 403 1157 Ian
418 1100 465 1156 IV
480 1098 1000 1171 Rap.Vol.L421;st.Il',cur.36.
1039 1100 1137 1154 Portas?
1159 1105 1289 1172 exempto
1306 1107 1457 1174 caumatum
1478 1123 1510 1160 aa
1530 1106 1618 1175 napa
1638 1108 1711 1160 Aoo.
1731 1109 1789 1162 eccl.
1807 1127 1832 1162 a.
1852 1115 1922 1176 1247,

190 1206 198 1238 s
271 1192 403 1252 §as-54
420 1187 583 1242 malim
598 1202 659 1241 cam
676 1185 732 1240 edd.
752 1203 795 1254 up.
815 1184 962 1254 Dastracus,
981 1188 997 1240 l.
1017 1203 1036 1241 c.
1056 1193 1078 1240 at
1102 1188 1194 1255 llario,
1213 1191 1230 1243 l.
1249 1206 1284 1253 c.‚·
1301 1191 1332 1256 cf.
1350 1209 1377 1244 a.
1397 1200 1451 1247 269.

372 1273 503 1342 Panas,
523 1273 587 1343 Ray.
600 1279 692 1341 123⁸&
711 1273 811 1342 Bsrper
825 1278 899 1328 2952.
1034 1285 1036 1288 ’

458 1493 467 1510 .
497 1493 506 1510 .
534 1438 754 1528 episcopo
784 1436 1081 1524 Tusculanum,
1120 1441 1381 1529 apostolice
1414 1442 1540 1515 sedis
1568 1444 1735 1535 legato.

375 1561 538 1647 Angustia
554 1559 647 1625 nobis
663 1566 738 1624 sunt
753 1558 896 1644 undique
911 1566 973 1624 etc.
998 1569 1033 1624 ut
1056 1562 1090 1624 in
1105 1564 1255 1646 proximu
1270 1584 1390 1649 usque:
1408 1572 1616 1631 retractetur.
1663 1570 1714 1634 llx
1739 1589 1802 1655 quo
1819 1568 1922 1632 mani·

255 1667 355 1732 festa
377 1673 488 1753 potest
510 1665 636 1730 ratione
659 1663 835 1751 perpendi,
866 1685 963 1750 quam
987 1665 1131 1750 iniquum
1156 1667 1306 1732 videatur
1329 1674 1362 1732 et
1385 1670 1561 1744 absonum,
1592 1673 1618 1736 si
1642 1673 1747 1738 honor
1768 1672 1919 1750 ecclesie,

174 1794 178 1799 ·
254 1792 330 1858 que
359 1779 427 1836 tam
457 1768 590 1856 grandis
617 1769 781 1833 libertatis
811 1769 985 1854 privilegio
1017 1770 1138 1835 donata
1168 1771 1364 1851 dinoscitur,
1395 1775 1426 1836 in
1456 1775 1519 1838 illis
1550 1776 1825 1855 immunitatibus,
1857 1796 1921 1860 que

252 1876 370 1939 multo
394 1871 547 1960 predictis
570 1878 749 1936 noscuntur
772 1892 846 1936 esee
869 1873 1033 1953 minores,
1058 1874 1119 1937 hiis
1144 1875 1346 1959 temporibus
1369 1875 1568 1942 decurtatur.
1615 1880 1649 1944 Si
1673 1881 1755 1945 alias
1778 1880 1920 1945 barones

253 1980 328 2067 ipsi
353 1985 418 2043 etc.
441 1999 562 2064 usque:
587 1977 736 2053 tollatur,
765 1978 961 2041 fraternitati
996 1984 1050 2041 tue
1082 2000 1142 2064 per
1165 1981 1347 2065 apostoliea
1376 1982 1519 2067 scriptab
1542 1984 1745 2060 mandamus,
1768 1982 1920 2069 quatinus

255 2084 338 2171 ipsa
361 2082 423 2162 eis,
449 2080 534 2167 quod
558 2080 722 2145 desistant
745 2081 786 2144 ab
804 2081 1000 2157 huiusmodi,
1024 2104 1084 2167 per
1108 2090 1140 2147 te
1164 2085 1217 2147 vel
1240 2084 1351 2162 alium,
1376 2086 1575 2170 prelatorum
1598 2088 1753 2172 requisito
1772 2086 1919 2164 oonsilio,

254 2189 422 2253 nuntians
445 2196 479 2250 et
501 2205 669 2270 exponens
694 2205 732 2248 ac
756 2206 812 2249 eos
835 2184 876 2248 ad
899 2184 932 2249 id
956 2207 1093 2251 monens
1110 2189 1269 2251 attentius
1293 2196 1326 2251 et
1347 2189 1514 2265 inducens,
1539 2191 1786 2276 congregationi
1804 2211 1922 2255 eorun-

255 2291 341 2357 dem
357 2291 569 2378 prelatorum,
594 2289 648 2375 qui
672 2289 712 2352 ob
728 2288 813 2353 hanc
830 2309 972 2370 causam,
990 2291 1073 2354 sicut
1089 2292 1286 2376 accepimus,
1302 2294 1475 2358 convenire
1492 2293 1625 2374 debent,
1643 2293 1775 2359 studeas
1793 2293 1922 2359 sublato

255 2394 442 2460 cuiuslibet
469 2393 671 2458 difficultatis
701 2399 735 2457 et
757 2413 846 2457 more
874 2392 1046 2480 dispendio
1070 2393 1246 2468 interesse,
1274 2398 1420 2479 prelatos
1445 2398 1596 2476 eosdem,
1619 2397 1705 2483 quod
1729 2397 1867 2462 viriliter
1889 2397 1922 2459 in

256 2500 460 2566 defensione
484 2499 672 2563 libertatum
696 2504 730 2562 et
753 2497 1025 2576 iuriumsuoruru
1051 2519 1085 2562 se
1116 2499 1275 2578 habeant,
1304 2499 1345 2562 ad
1373 2499 1457 2586 quod
1482 2502 1544 2581 eis,
1574 2521 1647 2565 cum
1677 2522 1734 2565 nos
1758 2510 1923 2586 tamquam

258 2612 365 2691 caput
387 2608 502 2687 tangat
524 2600 755 2688 principaliter,
779 2599 999 2664 omnimodum
1017 2600 1253 2688 impendimusc
1278 2602 1448 2666 consilium
1472 2609 1505 2667 et
1521 2606 1694 2686 auxilium,
1724 2604 1923 2670 inducturus.

259 2709 422 2775 ceterum
446 2705 539 2772 oum‘¹
562 2727 622 2793 per
642 2703 789 2792 predicta
812 2705 853 2769 ab
878 2705 1003 2770 eisdem
1023 2704 1201 2770 baronibus
1218 2714 1415 2793 attemptata
1439 2707 1589 2773 videatur
1612 2729 1676 2772 non
1700 2716 1766 2773 tum
1784 2707 1919 2772 libertas

140 2816 178 2850 ²¹³
264 2811 495 2878 ecclesiastica
525 2830 619 2895 quam
650 2815 755 2873 status
779 2807 879 2872 totius
904 2809 1043 2872 ecclesie
1067 2809 1246 2886 immutari,
1271 2809 1368 2895 idque
1393 2812 1545 2877 credatur
1568 2812 1610 2876 ab
1633 2813 1764 2876 inimico
1790 2812 1922 2875 homine

264 2914 434 3002 aspirante
457 2911 500 2978 ad
515 2911 760 2977 subversionem
776 2911 853 2976 fidei
869 2918 1078 2997 procuratum
1093 2914 1113 2993 ¹,
1139 2914 1285 2978 volumus
1309 2924 1342 2978 et
1366 2915 1406 2979 de
1424 2915 1558 2979 consilio
1580 2916 1717 2979 fratrum
1734 2923 1920 2979 nostrorum

267 3017 471 3096 mandamus,
494 3021 530 3079 ut
552 3036 653 3101 super
675 3015 738 3079 boc
762 3015 942 3101 procedere
967 3016 1091 3081 debeas
1116 3017 1178 3080 isto
1204 3017 1316 3083 modo:

373 3120 485 3186 Primo
513 3118 687 3183 denunties
722 3123 756 3183 et
785 3117 970 3183 denuntiari
999 3120 1101 3183 facias
1125 3121 1428 3186 excommunicatos
1458 3144 1572 3186 omnes
1595 3123 1685 3199 illos,
1719 3120 1774 3207 qui
1798 3121 1922 3185 servari

268 3226 404 3291 fecerint
428 3229 552 3289 statuta
567 3222 657 3288 edita
680 3229 713 3287 et
738 3223 1005 3304 consuetudines,
1030 3225 1080 3288 vel
1105 3226 1214 3310 potius
1235 3225 1412 3290 abusiones
1429 3224 1631 3290 introductas
1648 3232 1761 3290 contra
1778 3225 1919 3289 ecclesie

270 3330 468 3395 libertatern.
1322 3406 1325 3410 Α

351 3432 437 3497 Item
459 3430 761 3495 excommunicatos
785 3430 915 3495 nunties
933 3437 966 3495 et
981 3433 1124 3496 nuntiari
1139 3433 1243 3496 facias
1262 3434 1453 3497 statutarios
1478 3441 1511 3496 et
1527 3433 1703 3517 scriptores
1720 3438 1917 3495 statutorum

270 3539 420 3625 ipsorum,
443 3556 569 3600 necnon
591 3535 731 3599 barones
754 3542 787 3599 et
802 3535 951 3600 dominos
967 3544 1127 3601 terrarum
1152 3558 1190 3600 uc
1214 3538 1295 3600 alios
1320 3535 1445 3600 nobiles
1470 3545 1522 3598 ct⁰
1536 3543 1731 3621 potestates,
1755 3537 1919 3615 consules,

270 3648 413 3707 rectores
436 3647 470 3704 et
492 3639 695 3704 consiliarios
718 3640 876 3718 locorum,
899 3640 955 3703 ubi
981 3639 1165 3704 huiusmodi
1189 3648 1313 3704 statuta
1335 3641 1386 3705 vel
1411 3637 1665 3703 eonsuetudines
1689 3638 1776 3702 edita
1799 3640 1921 3704 fuerint

272 3746 319 3810 rel
341 3749 483 3825 servata,
506 3763 633 3808 necnon
657 3750 690 3806 et
712 3743 796 3820 illos,
822 3744 876 3828 qui
900 3743 1079 3808 secundum
1105 3765 1145 3808 ea
1164 3743 1423 3829 presumpserint
1454 3742 1601 3807 indicare
1625 3741 1677 3807 vel
1702 3743 1733 3806 in
1756 3743 1920 3828 publicam

274 3850 405 3915 formam
429 3848 574 3913 seribere
597 3846 749 3912 indicata.
1796 3858 1799 3863 ·

373 3954 458 4019 Item
482 3953 613 4017 nunties
636 3959 670 4016 et
685 3951 825 4015 nuntiari
842 3951 943 4015 faciae
961 3952 1109 4037 predicta
1133 3959 1256 4016 statuta
1274 3953 1393 4016 nullius
1417 3973 1492 4016 esec
1507 3951 1662 4015 momenti
1687 3957 1720 4014 et
1737 3951 1921 4015 iuramenta

274 4078 365 4147 super
387 4059 437 4123 eis
460 4056 676 4122 observandis
700 4057 836 4141 prestita
865 4077 995 4141 prorsus
1024 4057 1139 4119 illicita
1161 4066 1200 4120 'et
1225 4056 1298 4119 idco
1324 4057 1398 4119 illos
1422 4056 1478 4141 qui
1501 4056 1716 4140 prestiterunt
1739 4054 1781 4117 ad
1804 4055 1917 4120 obser-

273 4164 430 4228 vationem
454 4161 627 4225 iuramenti
652 4159 835 4224 huiusmodi
858 4180 922 4222 non
945 4160 1060 4223 teneri.

372 4265 458 4331 Item
482 4265 745 4330 excommunices
774 4284 888 4328 omnes
917 4265 1008 4337 illos,
1039 4265 1092 4349 qui
1117 4265 1308 4328 societatem
1340 4262 1572 4327 coniurationis
1604 4261 1786 4325 huiusmodi
1820 4263 1919 4325 intro·

118 4374 179 4410 ²¹⁵
270 4379 384 4436 rerunt
405 4370 458 4435 rel
475 4369 645 4434 intrabunt
668 4374 724 4433 aut
740 4374 994 4454 procuraverunt
1017 4368 1068 4432 vel
1091 4367 1311 4453 procurabunt
1334 4367 1469 4431 aliorum
1486 4367 1680 4450 ingressum,
1705 4365 1765 4428 nisi
1790 4367 1919 4451 penitus

264 4476 468 4564 msipiscant.

373 4578 457 4643 Item
474 4577 739 4641 excommunices
756 4596 869 4640 omnes
893 4575 977 4651 illos,
1002 4577 1055 4662 qui
1079 4598 1137 4661 pro
1160 4573 1347 4639 huiusmodi
1371 4574 1502 4638 statutis
1520 4571 1688 4637 servandis
1706 4571 1918 4635 centesimam

256 4684 449 4750 reddituum
468 4702 600 4746 suorum
616 4679 765 4744 solvent²
789 4680 841 4744 vcl
857 4680 1013 4765 colligent
1035 4688 1091 4744 aut
1109 4681 1269 4765 recipient
1292 4700 1351 4764 por
1375 4700 1410 4742 se
1435 4679 1487 4740 vel
1511 4677 1620 4748 alium,
1644 4674 1701 4738 ad‘
1729 4674 1919 4738 solvendum

255 4783 422 4854 inducent
450 4787 531 4851 alios
559 4788 610 4850 vel
644 4786 857 4871 compellent,
891 4786 942 4848 vol
975 4786 1016 4849 ad
1046 4786 1078 4849 id
1101 4785 1263 4849 dederunt
1290 4792 1346 4848 ortt
1375 4782 1498 4847 dabunt
1522 4781 1708 4853 consilium,
1740 4780 1920 4843 auxillum⁸

119 4869 174 4909 ⁴⁰
256 4894 319 4958 uel
342 4895 508 4958 iuramen.

370 5154 394 5216 ⁸)
413 5152 603 5204 Tusculaneusi
623 5150 649 5200 V.
754 5147 780 5214 1>)
799 5152 949 5202 fraternitati
974 5159 1018 5201 tue
1046 5167 1091 5217 per
1108 5167 1150 5217 ap.
1169 5168 1189 5200 a.
1208 5168 1298 5216 (φορτ.
1311 5151 1356 5203 lt:
1379 5151 1407 5199 in
1432 5148 1463 5198 lt.
1484 5151 1515 5200 fr.
1533 5156 1551 5198 t
1574 5163 1619 5213 per
1635 5163 1677 5211 op.
1696 5162 1716 5193 s.
1739 5143 1789 5207 lapi
1812 5142 1922 5200 sidenem·

253 5241 352 5300 frater,
369 5241 418 5292 tibi
436 5256 481 5308 per
498 5239 662 5307 apostolicam
680 5238 766 5289 sedem
783 5236 826 5297 V.,·
847 5237 880 5288 Ι).
899 5246 972 5289 reate.
1044 5240 1067 5302 ⁰)
1086 5239 1237 5304 lmpedimus
1256 5236 1288 5287 It.
1359 5233 1384 5297 d)
1404 5252 1469 5300 princ
1487 5242 1634 5299 temeraretur,
1652 5248 1683 5281 ar
1695 5229 1780 5295 floyn.
1851 5229 1874 5290 θ)
1895 5238 1921 5278 et

255 5328 333 5379 elme
354 5327 386 5378 1).
412 5327 439 5376 1'.
527 5323 548 5391 f)
567 5327 607 5377 rel
626 5342 671 5392 por
688 5326 767 5376 alium
785 5325 881 5376 seland
901 5324 934 5374 1).
955 5323 981 5374 V.
1069 5326 1095 5387 ⁸)
1114 5325 1239 5374 auxilinm
1258 5323 1326 5373 (lecu
1352 5322 1378 5372 V.

369 5467 394 5524 ll
413 5462 454 5530 Cf.
472 5461 769 5526 Hrnllortl-Brtlwlles,
796 5461 813 5514 l.
833 5476 854 5513 c.
873 5465 890 5512 t.
915 5459 965 5525 Π,
986 5476 1013 5526 p.
1032 5466 1089 5524 468,
1108 5463 1162 5512 trot.
1185 5468 1203 5512 t.
1224 5488 1256 5496 —
1277 5457 1370 5510 Etiam
1391 5454 1554 5508 Lrtrlorcicos
1572 5452 1621 5504 IX
1638 5467 1685 5505 rar
1710 5448 1854 5514 Frrmcioe,
1873 5450 1921 5517 pai

256 5563 327 5604 enar
347 5551 500 5619 iactuum
518 5549 638 5601 amicitia
659 5549 820 5601 coraitrnctus
837 5552 906 5612 erret,
928 5546 1072 5598 baronibus
1088 5546 1205 5612 frat-etum
1228 5545 1259 5610 cs.
1280 5562 1304 5597 n.
1320 5551 1375 5608 257,
1401 5537 1639 5603 linimur-ntus,
1658 5539 1674 5592 l.
1695 5552 1716 5590 c.
1735 5543 1800 5591 35⁸4
1812 5541 1834 5588 rt
1847 5542 1919 5599 35⁸6,

263 5634 366 5693 Μ
385 5634 451 5693 Por.
470 5634 566 5689 orma.
584 5635 686 5688 maiano
706 5633 745 5687 erl.
765 5632 869 5688 Iatrud.
888 5638 905 5686 t.
924 5631 977 5700 IV,
992 5650 1020 5702 p.
1039 5643 1094 5688 ott.
1182 5634 1209 5698 2)
1229 5632 1266 5698 (ll
1286 5627 1574 5692 {fertiliori-Brilessus,
1592 5625 1609 5678 l.
1627 5640 1649 5679 c.
1657 5627 1691 5763 ‘2‘ss
1699 5622 1758 5742 *VI
1774 5640 1803 5690 μ
1822 5628 1877 5677 469.

116 5516 167 5564 ⁴3
