4328 6232
823 353 1025 415 scurcula
1043 354 1234 417 SELEO'I'AE.
1270 355 1345 415 1243.
1864 358 1913 424 -19

266 525 460 609 Pataeicnai,
483 529 763 611 Helberstodeuai,
786 529 1037 598 Hildesbcrnenai
1058 538 1087 597 et
1109 532 1260 599 Verdeuai
1284 533 1456 598 annaeus
1477 535 1657 598 enutdubs
1680 531 1914 614 maedumioui

265 636 359 701 erucb
379 639 490 700 eoutm
510 636 654 718 nfideles
675 635 829 699 Lirrouiae
850 639 880 698 ct
894 634 1046 701 Prusciae
1068 636 1208 719 apaan
1239 638 1463 720 cmccaipuatis
1483 638 1619 718 aliisque
1638 655 1698 717 pro
1718 635 1774 700 boc
1794 636 1915 716 uepotic

266 737 479 804 laborantibus
491 738 621 803 eoadem
635 740 865 822 indulgentiam
879 759 911 804 sc
925 741 1065 824 clarqiri,
1080 762 1160 823 quac
1176 742 1428 807 subvenientibus
1441 742 1558 807 Terrae
1570 742 1705 808 sanetae
1719 739 1913 804 emerebatur.

1555 848 1650 923 1243,
1673 844 1758 924 Sept.
1773 845 1826 908 23.

363 961 429 1015 Ian.
449 961 497 1015 IV
516 963 580 1032 ltep.
599 964 652 1018 vu
669 965 696 1031 I,
715 971 762 1030 283
785 963 845 1018 Lib.
862 964 890 1031 1,
908 971 960 1018 162.
992 964 1092 1018 Pertrii
1115 966 1248 1033 eeemplar
1268 967 1431 1020 medimna
1451 980 1511 1018 nem
1532 963 1656 1031 Tbciaer,
1688 962 1764 1016 Mors.
1784 961 1914 1016 Poloaiae

269 1049 315 1117 &L
329 1053 580 1205 ”bibisse
594 1141 682 1200 maa,-
700 1136 799 1205 sarpa
811 1143 864 1190 ωε.

392 1349 608 1442 ..priori
642 1350 930 1442 provinciali
962 1351 1166 1425 fratrum
1200 1350 1388 1425 ordinis
1421 1350 1780 1424 Predicatorum

908 1471 953 1542 in
982 1471 1273 1546 Alemannis.

371 1617 435 1692 Qui
466 1618 558 1682 iustis
582 1618 689 1682 causis
712 1619 878 1683 hominum
911 1618 1139 1704 promovendis
1171 1626 1356 1705 promptum
1389 1620 1534 1684 favorem
1557 1619 1792 1706 impendimus,
1825 1625 1915 1683 tanto

268 1723 414 1786 libentius
438 1722 585 1806 vigilanti
609 1742 687 1785 cura
709 1723 864 1807 prosequi
888 1725 942 1808 pia
965 1722 1123 1787 debemus
1146 1725 1282 1808 negotia
1296 1723 1374 1788 Iesu
1390 1723 1523 1802 Christi,
1548 1729 1668 1809 quanto
1685 1722 1776 1788 Deus
1794 1723 1917 1787 homini

267 1824 475 1912 preferendus
499 1845 573 1888 esse
597 1824 776 1888 dinoscitur
800 1835 833 1889 et
855 1827 958 1889 omnis
980 1825 1043 1889 sibi
1065 1825 1180 1891 deberi
1202 1827 1389 1891 reverentia
1412 1825 1651 1912 comprobatur.
1697 1827 1804 1911 Igitur
1826 1847 1912 1903 eum,

266 1931 343 1993 sicut
372 1928 478 1993 relatu
512 1926 749 2012 fidedignorum
787 1931 993 2015 percepimus
1028 1932 1230 2011 exultantes,
1268 1930 1418 1995 conditor
1454 1932 1599 1994 omnium
1635 1932 1669 1994 iu
1697 1930 1837 1994 Livonie
1876 1951 1915 1994 ac

267 2033 395 2097 Pruseie
424 2032 570 2118 partibus
602 2031 795 2096 dilectorum
824 2034 962 2096 liliorum
994 2034 1128 2097 fratrum
1157 2034 1327 2119 hospitalis
1362 2040 1474 2098 sancte
1504 2033 1608 2098 Maria
1638 2033 1917 2098 Theutonieorum

266 2137 522 2204 lerosolimitane
539 2156 578 2199 ac
596 2136 732 2200 aliorum
748 2137 891 2201 fidelium
910 2137 1121 2224 triumphanti
1138 2136 1276 2202 dextera
1287 2138 1429 2202 faciente
1446 2138 1490 2202 sit
1501 2136 1728 2222 multipliciter
1742 2137 1918 2216 exaltatus,

266 2248 296 2305 et
317 2261 393 2325 spes
413 2239 465 2321 sit,
489 2239 574 2325 quod
598 2238 718 2304 ibidem
742 2241 847 2325 magis
871 2262 909 2304 ac
932 2242 1035 2326 magis
1059 2241 1108 2304 sui
1133 2241 1272 2304 nominis
1295 2241 1400 2325 gloria
1424 2240 1647 2327 protendatur,
1672 2241 1699 2304 si
1724 2239 1918 2326 plantationi

266 2363 320 2408 aue
343 2343 485 2429 partium
511 2341 690 2408 earundem
714 2344 875 2423 favorem,
898 2366 994 2429 quem
1018 2344 1050 2408 in
1074 2345 1146 2430 ipso
1169 2365 1359 2430 possumus,
1384 2344 1629 2431 impendentes,
1653 2351 1846 2431 oportunum
1871 2343 1918 2407 illi

265 2468 320 2533 per
348 2445 485 2510 devotos
512 2446 654 2511 ecclesie
683 2446 863 2511 subsidium
891 2468 1117 2532 procuremus:
1150 2447 1359 2514 devotionem
1390 2455 1478 2513 tuam
1506 2469 1660 2533 rogamus
1690 2454 1723 2512 et
1751 2447 1919 2512 hortamur

265 2551 296 2613 iu
323 2549 481 2629 Domino,
514 2571 574 2635 per
604 2549 786 2636 apostoliea
820 2549 878 2613 tibi
916 2551 1037 2636 scripta
1074 2550 1265 2615 mandantes
1297 2573 1335 2615 ae
1371 2553 1404 2615 in
1436 2552 1661 2617 remissionem
1693 2551 1919 2638 peccaminum

265 2655 483 2739 iniungentes,
518 2653 671 2738 quatinus
707 2653 832 2739 priores
867 2661 900 2717 et
930 2653 1047 2718 fratres
1084 2655 1130 2717 tui
1163 2654 1285 2718 ordinis
1315 2656 1511 2719 constitutos
1543 2655 1576 2718 iu
1605 2654 1861 2740 Madeburgensi
1886 2660 1920 2718 et

263 2755 430 2821 Bremensi
452 2758 641 2843 provinciis,
664 2757 913 2844 Ratispcnensi,
943 2758 1149 2838 Prienensi,
1173 2758 1431 2834 Alberstatansi,
1456 2757 1672 2824 Ildesemensi
1696 2765 1730 2824 et
1753 2757 1918 2823 Vardansi

264 2859 447 2924 diocesibus
471 2860 655 2924 huiusmodi
679 2862 811 2945 negotio
834 2883 963 2947 quaque
988 2863 1168 2948 postposita
1192 2862 1386 2927 difficultate
1409 2862 1567 2948 deputare
1585 2863 1718 2927 studeas
1736 2868 1770 2927 et
1785 2861 1919 2927 eosdem

264 2963 418 3028 attentius
441 2963 625 3043 exhortari,
654 2964 740 3050 quod
770 2973 938 3051 assumpto
963 2972 1075 3030 sancte
1096 2965 1331 3051 predicationis
1356 2965 1464 3031 officio
1487 2973 1622 3052 propter
1643 2965 1769 3043 Deum,
1804 2964 1920 3030 fideles

265 3064 422 3130 dictarum
449 3067 691 3152 provinciarum
721 3075 755 3132 et
785 3068 953 3133 diocasum
976 3068 1018 3132 ad
1041 3069 1172 3133 nimiam
1196 3069 1383 3150 caritatem,
1407 3089 1472 3153 qua
1494 3068 1642 3134 Christus
1666 3091 1725 3134 nos
1748 3069 1864 3133 dilexit
1888 3074 1920 3132 et

264 3169 378 3255 diligit,
401 3176 589 3254 respectum
611 3171 734 3235 habere
759 3177 793 3236 et
815 3173 846 3234 ei
863 3171 1048 3236 retribuere
1065 3171 1187 3257 aliquid
1203 3193 1261 3258 pro
1277 3172 1437 3249 omnibus,
1462 3193 1523 3258 qne
1540 3172 1654 3237 tribuit
1671 3174 1742 3258 ipse
1759 3172 1835 3252 illis,
1857 3169 1920 3256 piis

264 3272 542 3337 exhortationibus
566 3272 745 3337 secundum
768 3273 877 3338 datam
902 3274 964 3339 sibi
987 3297 1006 3338 a
1029 3274 1102 3340 Deo
1127 3274 1335 3361 prudentiam
1358 3274 1512 3340 studeant
1539 3275 1715 3339 informare
1744 3274 1920 3358 diligenter

265 3383 298 3440 et
319 3376 469 3455 sollicita,
492 3376 626 3461 petituri
649 3382 686 3440 ut
708 3376 770 3462 ipsi
793 3377 955 3463 redempti
979 3379 1085 3463 pretio
1103 3378 1253 3463 glorioso,
1278 3378 1310 3441 in
1327 3399 1407 3464 quos
1425 3384 1591 3463 tamquam
1607 3379 1694 3443 viros
1712 3376 1918 3441 Christianos

266 3485 297 3543 et
317 3478 496 3543 catholicos
527 3480 645 3545 cadere
668 3480 844 3567 opprobria
867 3482 1137 3568 exprobrantium
1162 3482 1291 3546 Christo
1315 3481 1451 3561 debent,
1486 3503 1522 3546 se
1546 3481 1680 3546 viriliter
1711 3486 1744 3545 et
1767 3485 1920 3567 potenter
1935 3503 2062 3556 aaran.

267 3582 448 3667 accingant,
472 3588 637 3668 tamquam
661 3583 767 3647 zelum
784 3583 848 3648 Dei
864 3585 1025 3649 habentes
1042 3585 1083 3649 ad
1100 3585 1318 3672 ampliandam
1334 3585 1473 3670 gloriam
1490 3582 1647 3649 Orueifixi
1664 3590 1698 3649 et
1714 3580 1919 3649 liberandum

267 3685 431 3770 proximos
454 3684 495 3750 de
518 3687 667 3752 manibus
690 3709 907 3773 paganorum,
939 3690 1113 3776 profecturi
1138 3697 1172 3755 et
1194 3690 1299 3754 acturi
1323 3688 1500 3753 seeundum
1524 3688 1661 3752 fratrum
1685 3687 1822 3751 consilia
1845 3707 1920 3771 pre-

266 3786 441 3868 dictorum,
464 3789 511 3853 ita
534 3790 622 3876 quod
647 3797 680 3856 et
703 3791 782 3877 ipsis
806 3793 966 3878 premium
991 3793 1152 3859 debeatur
1175 3799 1325 3857 eternum
1350 3799 1384 3857 et
1406 3792 1556 3857 infideles
1580 3812 1644 3855 uon
1667 3791 1811 3877 possint,
1834 3787 1920 3875 quod

265 3892 395 3978 impune
420 3890 542 3957 Christi
575 3915 694 3958 nomen
718 3896 997 3981 impugnaverint,
1021 3896 1164 3981 gloriari.
1210 3895 1290 3958 Illos
1314 3916 1392 3959 vero
1415 3894 1456 3960 de
1480 3896 1655 3981 provinciis
1679 3903 1712 3959 et
1735 3892 1921 3958 diocesibus

265 3995 469 4078 memoratis,
504 3997 558 4080 qui
592 3998 697 4062 crucis
725 3998 894 4082 signaculo
923 3999 954 4062 in
978 3999 1116 4064 Livouie
1149 4020 1208 4063 seu
1230 3998 1364 4063 Pruscie
1394 3996 1573 4064 subsidium
1604 3998 1752 4083 insigniti
1788 4002 1923 4082 propter

265 4105 489 4186 paupertatem
514 4121 573 4165 seu
595 4099 799 4165 debilitatam
823 4101 900 4166 illuc
923 4110 1091 4188 nequeunt
1112 4103 1331 4189 personaliter
1351 4102 1524 4189 proficisci,
1547 4108 1662 4166 aveto
1681 4100 1786 4166 erucis
1809 4098 1920 4163 absol-

268 4210 352 4281 vant,
369 4202 545 4267 dummodo
561 4203 602 4269 de
618 4205 712 4268 bonis
729 4205 797 4269 suis
813 4205 905 4269 iuxta
917 4207 1068 4293 proprias
1084 4206 1256 4271 facultates
1273 4227 1448 4291 congruam
1466 4205 1717 4270 subventionem
1733 4202 1921 4279 exhibeant,

267 4326 325 4390 per
346 4327 463 4371 manus
488 4306 666 4372 eorundem
689 4307 826 4372 fratrum
856 4308 890 4372 in
921 4309 1007 4374 idem
1032 4309 1215 4375 subsidium
1239 4308 1505 4374 convertendam.
1550 4307 1620 4373 Nos
1645 4308 1748 4387 euim,
1775 4313 1813 4370 ut
1836 4304 1922 4390 quod

267 4428 322 4492 pro
338 4410 470 4474 nominc
488 4409 720 4495 Redemptcris
735 4418 803 4475 tam
820 4411 919 4497 digne
936 4411 1134 4499 deposcitur,
1159 4413 1278 4477 effectu
1295 4411 1383 4477 facili
1399 4411 1612 4497 compleatur,
1631 4431 1745 4475 omnes
1760 4408 1922 4473 dictarum

266 4511 504 4594 provinciarum
534 4518 568 4578 et
590 4512 758 4579 diocesem
783 4516 815 4579 in
840 4537 1027 4580 succursum
1051 4515 1229 4581 eorundem
1253 4515 1397 4579 fidelium
1420 4520 1574 4599 suscepto
1590 4519 1724 4598 propter
1738 4511 1800 4577 hoc
1817 4511 1922 4576 crucis

269 4613 435 4698 signaculo
452 4636 666 4700 processuros
685 4640 825 4685 necnon
841 4640 952 4684 eorum
969 4621 1125 4684 familiam
1149 4626 1183 4684 et
1199 4620 1287 4683 bona
1310 4619 1428 4698 omnia,
1452 4616 1557 4681 donec
1581 4616 1622 4681 de
1645 4617 1788 4702 ipsoram
1811 4615 1919 4681 reditu

270 4716 320 4780 vel
348 4718 440 4782 obitu
463 4721 646 4786 certissime
671 4730 906 4807 cognoscatur,
932 4723 992 4788 sub
1016 4724 1221 4811 protectione
1249 4744 1287 4786 ac
1319 4722 1512 4787 defensione
1541 4720 1629 4786 sedis
1659 4721 1840 4808 apostolice
1863 4719 1920 4784 ad·

268 4819 449 4903 mittentes,
473 4823 539 4887 illis
561 4844 599 4888 ac
622 4826 707 4905 aliis,
730 4826 785 4911 qui
807 4827 899 4891 iuxta
921 4828 1112 4893 facultatem
1128 4834 1162 4893 et
1183 4826 1377 4912 qualitatem
1394 4846 1486 4889 suam
1502 4825 1580 4889 illuc
1596 4824 1774 4889 bellatores
1788 4823 1922 4888 idoneos

269 4921 300 4985 in
331 4925 488 5009 expensis
518 4923 661 5015 propriis
697 4928 852 4994 duxerint
885 4931 1113 5010 destinandos,
1152 4951 1280 4995 necnon
1314 4930 1369 5016 qui
1403 4929 1444 4993 ad
1474 4928 1725 4993 subventionem
1760 4927 1919 4991 dictarum

268 5023 401 5092 Livouie
424 5030 478 5095 rel
493 5028 628 5095 Proseis
652 5031 693 5096 de
717 5031 812 5096 bonis
835 5034 976 5119 propriis
1000 5055 1144 5119 congrue
1168 5033 1391 5112 ministrarint,
1414 5033 1468 5099 vel
1491 5032 1546 5117 qui
1568 5033 1601 5096 in
1627 5031 1742 5096 alienis
1767 5018 1921 5115 expensis

270 5126 344 5193 illuc
367 5131 578 5213 accesserint,
602 5132 725 5198 ibidem
748 5133 789 5197 ad
813 5136 919 5198 miuus
942 5157 1002 5220 per
1024 5138 1120 5199 unius
1144 5135 1222 5199 anni
1244 5136 1386 5221 spatium
1408 5136 1570 5215 servituri,
1598 5136 1691 5197 iuxta
1706 5133 1922 5218 quantitatem

273 5230 408 5296 subsidii
431 5239 466 5296 et
488 5230 672 5300 devotionis
695 5236 850 5300 affectum
872 5237 963 5301 illam
988 5237 1226 5323 indulgentiam
1250 5236 1401 5322 idemque
1423 5237 1630 5323 privilegium
1646 5236 1834 5320 elargimur,
1858 5254 1921 5320 que

271 5335 515 5401 transeuntibus
539 5344 572 5403 ct
595 5340 864 5405 subvenientibus
888 5342 920 5404 in
945 5342 1045 5407 Terre
1064 5342 1185 5407 Sancte
1209 5340 1389 5404 subsidium
1413 5339 1649 5405 conceduntur.
1694 5338 1863 5418 Preterea,
1886 5343 1923 5400 ut

272 5436 431 5523 pietatum
447 5443 624 5527 negotium,
648 5465 712 5528 quo
735 5443 883 5530 pluribus
903 5445 1063 5530 contingit
1086 5444 1189 5508 iuvari
1204 5443 1370 5524 remediis,
1393 5442 1623 5527 prosperitatis
1640 5446 1751 5528 optate
1768 5441 1925 5526 suscipiat

272 5538 520 5624 meum,
550 5546 714 5632 prioribus
744 5553 778 5612 et
800 5547 955 5613 iratribus
986 5569 1046 5634 par
1072 5555 1105 5612 te
1128 5547 1316 5634 supradicto
1345 5546 1477 5631 negotio
1500 5544 1696 5633 deputandis
1720 5545 1921 5631 presentium

274 5644 464 5715 lidoritats
484 5647 705 5732 concedimus,
729 5649 814 5736 quod
836 5652 901 5716 illis
925 5650 1102 5716 earundem
1124 5651 1366 5738 provinciarum
1390 5654 1424 5714 et
1446 5648 1631 5732 dicessum,
1661 5649 1716 5735 qui
1745 5646 1789 5712 ad
1812 5667 1924 5712 eorum

1680 5759 1718 5817 30
