4328 6232
200 320 242 383 42
753 318 801 373 EX
819 318 1038 376 INNOCNNTII
1057 319 1096 374 IV
1115 318 1297 375 ancienne

200 491 385 555 huiusmodi
418 492 542 576 negotii
580 491 694 557 fortius
724 494 889 577 obligatus
922 493 1004 557 alios
1033 493 1075 557 ad
1103 492 1137 557 id
1168 493 1336 558 efficacius
1366 491 1563 570 exhorteris,
1599 512 1677 572 nos,
1717 487 1858 576 provide

201 595 409 660 attendentes
432 596 516 682 quod
541 601 633 659 tanta
656 618 724 675 res,
755 618 818 683 quc
841 597 1064 683 principaliter
1086 598 1230 661 noscitur
1255 619 1328 662 esse
1352 596 1431 673 Dei,
1456 617 1521 660 non
1545 602 1597 660 est
1619 594 1857 682 impedimento

200 698 309 786 aliquo
327 700 379 764 vel
401 700 495 764 obice
518 699 715 765 retardanda
738 708 789 765 set
811 701 919 787 potius
942 700 1056 765 favore
1081 700 1232 766 benivolo
1255 699 1493 787 prosequenda,
1517 721 1591 774 cnm
1614 699 1692 764 olim
1711 697 1858 763 nobilem

201 803 372 868 mulierem
387 803 596 869 Beatricem¹
620 803 753 869 duxeris
777 805 809 868 in
832 825 981 884 uxorem,
1005 804 1276 891 impedimentum
1299 803 1602 888 consanguinitatis,
1625 802 1653 866 si
1675 801 1760 887 qnod
1776 807 1858 865 tunc

201 906 343 987 obstitit,
368 905 571 972 decrevimus
596 907 872 989 submovendum,
896 913 930 972 et
952 929 1054 988 nuno,
1083 915 1119 972 nt
1142 945 1184 956 —
1206 929 1271 972 non
1296 908 1446 972 obstante
1470 907 1556 992 quod
1579 908 1612 971 in
1634 911 1750 992 quarta
1773 925 1856 968 oon-

201 1010 429 1093 sanguinitatis
445 1010 533 1074 linea
548 1010 608 1074 tibi
626 1009 745 1074 dicitur
760 1010 899 1075 attinere
917 1046 957 1056 —
975 1010 1006 1074 in
1023 1011 1229 1075 matrimonio
1245 1010 1356 1075 taliter
1372 1014 1540 1075 contracto
1554 1029 1747 1097 permanere
1763 1007 1857 1073 licite

201 1113 350 1193 valeatis,
373 1113 565 1178 auctoritate
589 1115 791 1199 presentium
816 1113 1055 1199 dispensamus.
1088 1115 1191 1179 ,Nulli
1215 1135 1293 1202 ergo
1318 1118 1494 1180 —nostre
1518 1111 1773 1201 dispensationis
1791 1116 1857 1176 etc.

203 1216 239 1280 Si
262 1216 334 1302 quis
358 1222 420 1280 ete.

310 1336 387 1404 Det.
410 1337 566 1403 Laterau.
589 1336 625 1401 II
648 1337 696 1404 Id.
720 1338 825 1424 April.
850 1359 934 1403 anno
958 1340 1072 1426 primo.

1001 1773 1062 1848 56.

308 1869 527 1963 Innocentius
542 1896 600 1961 IV
611 1916 701 1979 pcpc
728 1915 797 1960 enen
818 1895 958 1961 Henrtco
985 1897 1092 1962 concite
1117 1897 1155 1961 de
1177 1896 1384 1964 chralrnrelr
1407 1902 1437 1961 ct
1458 1896 1579 1980 Sophia
1605 1915 1704 1959 nene
1732 1892 1801 1958 eina
1822 1892 1860 1956 in

205 1999 335 2063 eandem
356 2000 480 2065 eandm
502 2001 672 2082 diawnsct.
1504 2002 1598 2078 1244,
1620 1998 1702 2084 Apr.
1720 1999 1772 2065 12.

309 2118 374 2173 Inn.
388 2119 436 2173 IV
450 2119 879 2190 Rc.Voz.1,95;Ln.1,soo.

309 2205 406 2275 Berper
417 2214 473 2261 601.

439 2384 597 2458 Nobili
631 2387 734 2459 viro
768 2385 969 2459 Henrico
1007 2386 1167 2459 comiti
1203 2387 1258 2460 de
1291 2385 1628 2460 Swarzburth⁸.

315 2532 378 2605 Qui
402 2537 537 2600 celestia
561 2541 623 2602 eto.
646 2544 683 2601 ut
706 2557 806 2622 supra
828 2558 949 2622 usque:
973 2535 1170 2620 indulgetur.
1215 2535 1284 2599 Nos
1308 2536 1417 2621 igitur,
1440 2535 1552 2600 dilecti
1573 2536 1630 2600 filii
1653 2535 1775 2600 nobilis
1798 2535 1859 2600 viri

206 2685 238 2701 ..
259 2637 456 2724 lanthgravii
475 2639 654 2724 Thoringie
678 2647 711 2705 et
733 2640 798 2703 tuis
821 2639 949 2704 devotis
973 2640 1124 2725 precibus
1147 2640 1304 2718 inclinati,
1328 2660 1401 2704 cnm
1426 2639 1502 2703 olim
1525 2639 1666 2704 nobilem
1690 2638 1860 2704 mulierem

208 2739 366 2826 Sophiam
395 2741 528 2806 duxeris
557 2745 589 2807 in
617 2765 772 2824 uxorem,
803 2743 1072 2829 impedimentum
1100 2743 1410 2827 consanguinitatis,
1444 2743 1470 2806 si
1500 2740 1588 2828 quod
1615 2749 1693 2807 tuuc
1722 2742 1862 2822 obstitit,

207 2843 413 2909 decrevimus
437 2845 705 2927 submovendum,
729 2852 762 2911 et
785 2868 880 2927 nnnc,
903 2852 940 2910 ut
957 2882 996 2893 -
1013 2867 1078 2910 non
1106 2846 1258 2911 obstante
1285 2846 1370 2932 quod
1387 2848 1419 2910 in
1436 2853 1551 2931 quarta
1568 2846 1862 2932 consanguinitatis

207 2946 297 3010 linea
324 2947 384 3012 tibi
407 2948 526 3014 dicitur
550 2951 688 3015 attinere
712 2989 753 2998 —
776 2951 809 3014 iu
832 2950 1036 3014 matrimonio
1062 2950 1174 3014 taliter
1196 2956 1360 3014 contracto
1383 2969 1575 3035 permanere
1598 2949 1685 3014 licite
1711 2950 1861 3031 valeatis,

208 3051 403 3116 anctoritate
427 3054 629 3138 presentium
652 3052 890 3139 dispensamus.
936 3051 1027 3116 Nulli
1051 3073 1196 3138 ergo-
1219 3059 1328 3117 nostre
1352 3051 1606 3138 dispensationis
1629 3057 1690 3117 eto.

317 3172 393 3238 Dat.
416 3180 454 3237 nt
477 3194 585 3258 supra.

832 3297 1243 3308 ——-—.——....

1007 3523 1067 3595 57.

313 3618 530 3710 Intnoccntins
545 3644 601 3708 IV
614 3667 704 3729 papo
725 3647 900 3731 [Henrieo]
922 3647 1099 3729 lantprcae'c
1125 3645 1319 3728 Tbnrinpice
1345 3646 1389 3708 ud
1410 3666 1518 3729 pncees
1538 3645 1607 3711 eins
1628 3645 1734 3710 omnic
1751 3645 1864 3730 feuda,

208 3768 288 3829 enee
309 3750 350 3814 ab
371 3749 506 3814 ecelesiis
531 3749 700 3815 Teutonico
722 3755 832 3828 teneat,
855 3754 1026 3833 confirmat.
1509 3752 1603 3827 1244,
1625 3747 1707 3830 Apr.
1724 3753 1777 3813 13.

313 3869 376 3922 Inn.
389 3868 438 3923 IV
454 3869 517 3937 Rec.
535 3870 589 3923 Vol.
604 3870 629 3937 I,
647 3877 692 3937 95;
709 3869 805 3938 lact
824 3876 880 3925 601.

312 3955 411 4022 Bcrper
423 3962 480 4008 602.

537 4082 699 4156 Nobili
725 4083 830 4156 viro
861 4081 1236 4174 ..lanthgravio
1264 4079 1537 4173 Thoringie.

319 4227 451 4294 Gratias
483 4228 611 4315 agimus
644 4231 823 4316 gratiarum
853 4230 998 4294 omnium
1027 4229 1188 4316 largitori,
1225 4230 1323 4316 quod,
1360 4231 1445 4295 sient
1476 4229 1663 4314 accepimus
1690 4234 1724 4294 et
1751 4229 1866 4317 utique

210 4338 431 4419 acceptamus,
463 4333 534 4419 ipso
558 4335 659 4397 menti
683 4341 738 4399 tue
763 4334 913 4399 timorem
937 4334 988 4397 sui
1011 4335 1151 4398 nominis
1175 4341 1208 4398 et
1231 4354 1375 4397 amorem
1397 4331 1651 4398 misericorditer
1672 4331 1866 4419 inspirante,

212 4434 252 4499 ab
281 4456 336 4514 eo,
370 4437 423 4523 qni
454 4439 541 4503 solus
571 4437 671 4503 habet
698 4439 730 4502 in
765 4458 866 4523 regno
897 4437 1065 4502 hominum
1095 4442 1308 4523 potestatem,
1339 4437 1573 4523 magnitudinis
1600 4444 1656 4502 tua
1684 4437 1866 4523 potentiam

212 4559 463 4624 recognoscens,
487 4564 642 4629 sponsam
665 4543 735 4608 eius
758 4544 934 4608 eeclesiam
952 4549 985 4606 et
1000 4562 1157 4628 personas
1174 4540 1416 4606 ecclesiasticas
1432 4542 1609 4622 veneraris,
1632 4547 1666 4606 et
1681 4540 1866 4627 apostolice

212 4641 322 4707 sedisb
346 4649 379 4708 et
402 4646 521 4709 nostris
545 4646 763 4731 beneplacitis
787 4651 940 4732 prompta
962 4644 1026 4709 fids
1050 4664 1218 4730 pronaque
1236 4642 1410 4708 devotione
1427 4650 1459 4708 ts
1476 4644 1618 4709 offerens
1634 4649 1668 4708 et
1683 4664 1867 4730 exponens,

211 4748 380 4812 voluntate
404 4747 497 4812 nobis
521 4754 554 4811 et
577 4749 707 4813 actione
731 4748 902 4815 desideras
927 4749 1141 4834 complacere.
1185 4746 1295 4821 Quare
1318 4767 1378 4810 nos
1402 4768 1574 4833 personam
1597 4753 1687 4812 tuam
1708 4768 1868 4835 preroga-

212 4850 279 4914 tiva
308 4850 493 4915 dilectionis
523 4857 556 4914 et
578 4851 684 4934 gratie
709 4852 979 4936 complectentes,
1013 4852 1077 4915 tuis
1100 4851 1229 4916 devotis
1252 4850 1406 4937 precibus
1428 4850 1591 4931 inclinati,
1624 4850 1724 4916 feuda
1745 4853 1868 4935 omnia,

212 4974 275 5038 que
307 4953 348 5017 ab
379 4953 527 5018 ecclesiis
550 4951 711 5017 Teutonie
740 4957 853 5019 tenere
881 4954 1078 5035 dinosceris,
1107 4956 1191 5019 siout
1218 4974 1258 5018 ea
1287 4975 1373 5019 nune
1397 4953 1636 5018 rationabiliter
1656 4954 1811 5040 possides
1833 4963 1868 5022 ot

212 5056 334 5141 quiete,
358 5056 418 5121 tibi
442 5056 638 5121 auctoritate
662 5057 843 5143 apostoliea
866 5057 1096 5123 confirmamus
1120 5065 1155 5123 et
1177 5059 1338 5144 presentis
1358 5057 1470 5144 scripti
1487 5056 1668 5143 patrocinio
1684 5059 1866 5124 communi·

212 5179 295 5224 mus.
339 5158 430 5222 Nulli
455 5180 598 5243 ergo-
620 5165 731 5224 nostre
755 5160 1008 5224 confirmationis
1032 5167 1094 5225 etc.
1140 5160 1175 5225 Si
1200 5161 1272 5247 qnia
1296 5168 1407 5226 autem
1430 5166 1492 5226 etc.

320 5277 397 5344 Dat.
420 5276 574 5343 Lateran.
598 5279 648 5346 Id.
671 5280 776 5365 April.
800 5302 885 5346 anno
908 5282 1022 5368 primo.

315 5501 341 5568 ι)
359 5503 441 5555 ann.
529 5503 615 5569 nn,-
631 5505 728 5558 asur.

319 5621 346 5688 ι)
366 5618 469 5673 notan
486 5619 600 5675 necet
616 5620 742 5676 ncces
759 5621 939 5687 anaante·
954 5622 987 5690 cs.
1006 5622 1240 5693 mama-ate«,
1258 5624 1413 5682 remano
1430 5629 1456 5681 n
1472 5624 1574 5685 nnc.

1916 4552 1943 4591 80

1918 5070 1943 5110 lt
