4328 6232
261 344 320 406 124
810 338 858 394 EX
876 338 1094 395 INNOCENTII
1113 338 1153 393 IV
1170 336 1353 394 sneisane

261 536 335 579 esse
359 514 391 577 in
416 522 584 598 postemm
609 513 730 599 poteris
754 511 978 598 multiplieiter
1000 511 1187 576 fructuosus
1198 512 1220 592 ¹,
1244 533 1318 577 eum
1340 511 1442 576 nobili
1458 512 1593 578 muliere
1611 511 1757 591 Adewie,
1779 518 1814 576 te
1835 533 1911 576 eon·

257 618 405 702 tingente
429 622 545 702 quarto
568 617 735 681 affinitatis
758 615 872 702 gradu,
895 617 1136 680 matrimonium
1159 617 1192 680 in
1215 616 1299 681 facie
1323 617 1464 682 ecclesie
1487 615 1621 681 duxeris
1644 613 1913 693 contrahendum,

258 742 329 803 nos,
353 720 418 784 tuis
442 718 737 806 supplicationibus
761 719 919 801 inclinati,
941 726 979 783 ut
998 758 1038 767 -
1055 720 1160 805 gradu
1183 720 1369 785 huiusmodi
1386 742 1452 785 non
1468 721 1621 786 obstante
1637 760 1679 768 —
1695 729 1730 785 tu
1747 726 1781 786 et
1796 719 1913 786 eadem

258 823 374 891 mulier
396 824 429 887 in
452 823 660 889 matrimonio
683 825 731 888 sie
754 830 921 889 contracto
945 824 1034 890 licite
1056 846 1228 890 remanere
1253 823 1396 912 possitis,
1419 825 1614 890 auctoritate
1637 824 1840 911 presentium
1863 823 1912 888 in-

261 926 445 1012 dulgemus.
490 925 581 991 Nulli
604 948 683 1012 ergo
708 933 770 992 ete.
928 924 930 929 ’

367 1048 445 1115 Dat.
468 1048 633 1135 Lugduni,
649 1048 735 1114 VIII
758 1048 836 1116 Kal.
858 1049 948 1131 Maii,
972 1071 1058 1116 anno
1081 1049 1144 1117 ΠΙ.

1046 1452 1128 1526 164.

363 1550 580 1643 Ῑηηοοωιίὲαε
594 1575 619 1640 Ι
622 1575 653 1640 V
664 1597 754 1660 paupe
768 1575 975 1660 [Rupnnldo]
989 1576 1128 1656 episcmro
1145 1577 1292 1653 Ostiensi,
1315 1575 1509 1662 Slteplrano]
1530 1575 1619 1639 tituli
1633 1574 1769 1640 sannae
1783 1575 1915 1639 Mariae

264 1683 492 1748 Transtiberim
507 1681 689 1764 presbytero
710 1683 740 1745 et
761 1679 937 1765 R[icordo]
959 1680 1072 1746 Sancti
1095 1679 1211 1761 Anpcli
1232 1680 1362 1744 (tiamne
1384 1679 1602 1744 cardinalitio
1623 1678 1741 1756 scribit,
1762 1678 1915 1761 praedem

259 1785 413 1862 tristitiam
434 1787 629 1849 commum
650 1804 682 1849 se
703 1804 776 1861 esse,
804 1783 888 1865 quod
908 1784 1038 1865 quidem
1059 1783 1179 1849 nobiles
1199 1784 1290 1866 repsi
1311 1782 1444 1848 Siciliae
1463 1781 1629 1847 Friderire
1650 1801 1683 1847 se
1704 1782 1915 1866 opposuerint,

258 1908 366 1970 eosque
401 1887 555 1966 bortatur,
592 1891 626 1951 ut
653 1907 717 1966 eos,
751 1887 807 1969 qai
835 1908 856 1951 a
881 1890 980 1970 parte
1003 1887 1212 1970 persecutoris
1240 1886 1284 1950 ed
1312 1885 1455 1952 ccclesiae
1477 1885 1675 1970 numidiam
1704 1883 1915 1970 ceasuperint

259 1991 388 2074 beateae
407 1991 543 2072 foveant.
1356 1992 1449 2068 1246,
1467 1989 1569 2073 paulo
1590 1993 1665 2053 aab
1679 1990 1759 2070 Apr.
1774 1990 1829 2054 26.

364 2111 429 2165 Issa.
444 2109 494 2163 IV
509 2110 574 2179 ch.
594 2110 687 2179 Votr,
705 2116 770 2174 3οη
788 2109 848 2164 lae.
861 2108 919 2178 HI,
939 2125 996 2164 cur.
1008 2117 1048 2165 20.

362 2196 547 2266 Berper1985.

323 2414 362 2431 ..
392 2359 622 2450 episcopo
651 2357 879 2445 Ostiensi,
908 2356 945 2430 S.
973 2356 1107 2429 tituli
1135 2357 1306 2432 Sancte
1333 2358 1476 2432 Marie
1504 2356 1849 2432 Transtiberim

377 2480 659 2571 presbytero
688 2482 732 2552 et
759 2478 805 2552 R.
836 2477 1001 2551 Sancti
1027 2477 1196 2570 Angeli
1223 2478 1425 2553 diacono
1454 2476 1797 2553 cardinalibus,

369 2608 533 2675 Grandem
557 2631 655 2695 super
685 2631 724 2674 eo
753 2608 860 2674 cordis
892 2610 1060 2674 consecuti
1090 2610 1244 2690 letitiam,
1275 2608 1361 2696 quod
1384 2609 1552 2674 institutor
1574 2610 1731 2688 ecclesie,
1763 2608 1915 2674 dominns

260 2715 355 2778 Iesus
378 2711 537 2789 Christus,
559 2713 646 2777 illius
671 2712 800 2778 videtur
823 2713 953 2777 tristitie
977 2713 1211 2778 consolationis
1235 2712 1380 2778 remedie
1404 2714 1595 2793 contulisse,
1623 2712 1665 2778 ad
1688 2713 1749 2777 hoc
1772 2711 1916 2778 deducte

260 2824 474 2902 persecutore
497 2816 584 2896 fidei,
607 2823 644 2881 ut
667 2838 724 2882 eos
748 2815 789 2881 de
812 2816 978 2881 nobilibus
1002 2816 1096 2901 regni
1113 2816 1234 2902 Sycilie
1258 2823 1370 2902 gemat
1392 2817 1453 2881 sibi
1469 2816 1582 2882 videre
1605 2817 1727 2897 obices,
1752 2838 1834 2901 quos
1858 2837 1915 2881 sue

261 2920 438 2985 voluntatis
462 2921 560 3006 impie
583 2921 660 2986 olim
683 2919 798 2985 habuit
820 2927 1021 3005 promotores
1031 2918 1054 2998 ²,
1081 2920 1175 2985 iuxta
1198 2940 1331 2984 suasum
1355 2920 1560 2986 discretionis
1583 2928 1693 2986 vestre
1716 2919 1914 2985 laudabilem

261 3024 398 3088 fratrum
421 3030 608 3088 nostrorum
632 3024 768 3088 consilio
793 3024 1030 3088 communicato
1048 3023 1261 3109 providimus,
1286 3023 1372 3108 quod
1386 3023 1609 3111 promovendo
1627 3023 1743 3088 salutis
1760 3024 1915 3089 inchoate

261 3128 393 3212 negotio
410 3128 543 3213 vigilem
563 3127 767 3213 diligentiam
784 3146 996 3214 apponamus,
1021 3127 1082 3190 sub
1098 3149 1157 3213 spe
1174 3126 1284 3192 divine
1301 3128 1489 3206 clementie,
1514 3126 1599 3214 qnod
1616 3148 1659 3192 ex
1673 3127 1736 3191 hoe
1753 3125 1916 3192 industrie

260 3235 370 3295 vestre
406 3238 603 3317 cooperante
641 3231 748 3295 studio
783 3231 954 3315 multiplex
990 3229 1031 3294 ad
1064 3229 1221 3295 honorem
1252 3231 1393 3295 ecclesie
1425 3229 1546 3296 debeat
1576 3231 1699 3295 utilitas
1731 3232 1916 3317 provenire.

262 3333 415 3399 Ceterum
439 3356 512 3398 cum
535 3333 634 3399 corda
656 3333 816 3399 nobilium
839 3333 933 3418 regni
957 3331 1115 3412 eiusdem,
1139 3333 1195 3418 qui
1218 3332 1297 3397 dicti
1320 3335 1541 3419 persecutoris
1564 3334 1673 3400 iacula
1694 3333 1861 3420 fugientes
1875 3334 1916 3400 ad

261 3437 403 3502 ecclesie
426 3437 605 3524 presidium
622 3443 867 3516 concurrerunt,
891 3458 951 3523 per
967 3435 1156 3500 instantiam
1173 3437 1365 3501 attentionis
1381 3437 1514 3522 provide
1529 3436 1607 3502 boni
1624 3437 1784 3523 propositi
1798 3437 1917 3503 deceat

260 3540 413 3605 firmitate
436 3540 558 3621 fulciri,
582 3540 622 3606 ad
646 3541 708 3605 hoe
732 3539 879 3605 intendat
900 3546 1012 3604 restra
1035 3539 1197 3620 sollertia,
1227 3547 1281 3620 ut,
1305 3541 1389 3605 sieut
1411 3541 1489 3605 olim
1513 3540 1731 3620 landabiliter,
1755 3542 1803 3606 sic
1825 3543 1914 3607 etin

260 3649 429 3728 posterum
458 3644 548 3730 ipsos
578 3644 731 3729 benignis
761 3643 899 3708 foveatis
930 3641 1116 3722 affectibus,
1152 3648 1187 3707 et
1215 3643 1301 3728 quod
1333 3665 1393 3729 per
1421 3644 1637 3709 ministerium
1666 3644 1846 3710 eomndem
1877 3667 1917 3710 ac

262 3745 400 3809 aliorum
423 3745 617 3812 devotorum
640 3747 780 3812 eeclesia
805 3766 904 3811 eausa
920 3745 982 3810 Dei
1005 3745 1163 3831 preficiat,
1187 3766 1285 3832 quam
1309 3745 1408 3833 digne
1431 3749 1595 3833 poteritis,
1616 3768 1714 3835 opem
1730 3755 1764 3814 et
1782 3769 1918 3836 operam

261 3848 468 3933 apponatis³.

1051 4145 1133 4219 165.

366 4240 584 4334 democretius
598 4268 623 4332 Ι
626 4266 655 4330 V
667 4289 760 4350 papa
782 4269 992 4354 R[iocrdruu]
1014 4269 1126 4335 Seresti
1140 4268 1257 4351 Acoeti
1278 4268 1445 4333 finenem
1466 4270 1660 4334 sorditatem
1682 4274 1795 4348 moed,
1816 4275 1852 4333 ut
1874 4269 1919 4334 ud

261 4370 296 4434 id
315 4373 460 4450 ‹rffcdum
488 4391 581 4436 nrum
607 4375 777 4451 meree,
808 4378 844 4436 nt
866 4394 927 4453 per
954 4371 1113 4436 asadiam
1141 4372 1283 4450 illoram,
1314 4373 1371 4454 qni
1392 4372 1557 4440 Friderico
1584 4373 1742 4456 emuna
1768 4373 1918 4459 fauentes

261 4495 345 4539 aare
366 4476 396 4539 ei
418 4475 580 4555 ciselam,
603 4479 632 4541 et
648 4478 819 4560 maecipuc
838 4498 898 4558 per
913 4477 1089 4557 potentiam
1110 4476 1219 4541 domm
1240 4495 1325 4554 suec,
1347 4476 1447 4542 horror
1466 4477 1610 4542 coebsicc
1626 4478 1785 4562 proficiat.

365 4630 429 4770 133.
445 4628 495 4682 Ιν
510 4630 573 4699 ne.
592 4630 761 4698 nenne
778 4630 837 4684 ns.
851 4630 912 4698 rn,
929 4647 985 4686 aa.
997 4638 1036 4685 ει.
1357 4582 1568 4664 1216,paazo
1588 4585 1662 4646 ane
1676 4581 1829 4661 Arar-26·

423 4732 469 4786 φα
482 4723 552 4771 ress.

366 4908 392 4970 l)
409 4925 435 4959 a
450 4913 522 4972 1246,
542 4905 597 4959 Iul.
612 4913 642 4960 21
660 4907 690 4959 iss
702 4905 796 4960 clerte
808 4905 924 4960 liutici
942 4906 1007 4974 repis
1023 4906 1096 4960 testis
1107 4907 1253 4973 rqroeitam
1271 4906 1503 4974 emm-atera,
1517 4907 1534 4960 t
1546 4923 1567 4961 e
1580 4913 1655 4961 4869.
1720 4910 1749 4976 2)
1761 4907 1868 4962 ΑΜ
1879 4907 1918 4961 ad

260 4991 475 5046 mutuationem
486 5010 505 5045 a
513 4991 672 5060 ᾳκῶιιαίαιι
681 4991 852 5044 nobilissimis
864 4991 937 5059 requi
947 4991 1055 5045 Siciliae
1066 4991 1103 5044 ud
1113 4992 1291 5059 imperatorne
1303 4993 1512 5059 interficiaris-r
1518 4994 1626 5060 sodon,
1637 5009 1706 5060 quoe
1713 5011 1739 5047 u
1747 5000 1819 5061 12⁴6,
1832 4994 1917 5048 Mart

261 5078 380 5131 Gemit
391 5077 493 5132 ddeeto
504 5084 548 5145 ed,
566 5083 590 5131 et
601 5077 638 5130 nd
647 5077 796 5131 seditem
808 5076 901 5130 smerde
913 5078 943 5129 ta
956 5093 1034 5145 rupae
1045 5083 1210 5143 mundam
1228 5079 1461 5146 Belem-Ficta,
1479 5081 1497 5133 l.
1508 5096 1530 5133 c.
1539 5087 1627 5134 &547⁰
1638 5085 1661 5134 et
1672 5096 1742 5148 aqu.
1794 5081 1823 5147 3)
1835 5079 1920 5135 nme

259 5181 297 5232 cp.
315 5170 339 5217 et
359 5182 386 5219 rr.
400 5171 538 5218 res-167
553 5165 692 5218 nonnullis
709 5162 801 5217 diebus
818 5170 881 5217 uate
900 5165 966 5231 Apu.
979 5171 1011 5216 26
1028 5162 1070 5232 [a.
1084 5166 1144 5233 168]
1162 5165 1275 5232 msice
1291 5181 1344 5217 csse
1361 5165 1499 5232 missus,
1522 5166 1569 5219 abi
1582 5167 1701 5234 prim
1714 5182 1792 5234 papa
1807 5164 1840 5219 dc
1856 5182 1918 5220 cu»-

260 5251 395 5304 inmtierrc
411 5250 567 5318 cessem
584 5257 608 5305 et
629 5250 754 5305 seditiosu
777 5256 867 5304 cuono
889 5250 982 5303 artior
1005 5252 1095 5316 sedeas
1117 5250 1197 5314 serait
1219 5257 1243 5303 et
1262 5251 1424 5318 primumn
1444 5252 1586 5320 ρὶιιωαὶἰ,
1611 5251 1708 5319 queue
1730 5250 1918 5307 medinm

259 5337 399 5404 tepidioris
416 5337 536 5403 omnen
552 5339 759 5392 mmmm.
791 5336 833 5390 De
850 5342 916 5390 noto
932 5336 1047 5389 emsa.
1059 5335 1190 5401 eleisum
1206 5337 1239 5401 (γ’.
1248 5355 1277 5404 p.
1293 5344 1345 5404 m,
1363 5343 1417 5391 not.
1430 5345 1453 5391 2.
1467 5367 1499 5377 -
1514 5339 1660 5406 Inpcsruor
1666 5355 1769 5407 pem
1780 5343 1918 5393 Μααι

260 5422 345 5489 ipsius
356 5423 562 5491 mentionis
571 5430 664 5493 prostes
674 5422 823 5491 nuntiari,
835 5437 1024 5475 meast
1037 5421 1416 5489 mtarsssmmpmticism
1428 5423 1661 5492 natm-meree,
1677 5424 1813 5480 tama
1839 5423 1920 5479 Nm

258 5505 1279 5578 toemnstalmeqristolnetsaquestrbasdiiudtenriuonpetcst,
1302 5508 1368 5575 euin
1389 5508 1921 5581 mmmm

260 5593 1640 5664 armisqxrtiuulapdnswnsncslemnioeputuitdimbucceplrtoiudratoenioeoefl·
1873 5592 1921 5648 ‘n-

258 5678 1218 5751 wmmissceteosspimtomfaqioeopadmian
1236 5683 1632 5750 mnfirfficfidimat
