4328 6232
850 342 1051 399 EPISTOLAE
1068 344 1259 403 SELECTAE.
1296 349 1371 402 1246.

1282 432 1300 472 a

386 698 607 794 Ismenus
628 727 685 794 ιν
702 748 793 811 papa
824 731 923 797 eoem
951 732 995 797 aa
1023 745 1130 814 praes
1156 733 1327 819 arenata]
1360 735 1443 817 rae
1474 733 1690 799 amoma
1723 734 1867 813 manaa
1904 739 1939 799 a

293 829 448 896 l'ridcrs'co
479 830 519 897 dc
543 830 708 912 Drioorte,
739 834 922 899 masitiario
952 835 1055 916 ipsias
1087 836 1183 919 repis,
1217 855 1312 917 snper
1347 837 1544 902 relaxatione
1572 838 1744 902 tnranrenti
1775 837 1940 904 cninsdmn

287 934 456 1016 provideat.
1582 940 1695 1025 [1246,
1718 942 1784 1010 Int.
1802 941 1851 1027 5.]

386 1054 584 1126 lusitana.
603 1055 767 1127 VoLL4185
783 1057 844 1113 lna.
854 1057 908 1128 IV,
919 1073 976 1114 cnr.
989 1067 1026 1115 17.

246 1162 254 1199 s
387 1141 572 1213 Bucam&

1014 1238 1207 1314 Eidem.

385 1359 440 1426 Ex
467 1367 562 1448 parte
590 1360 750 1426 carissimi
778 1363 812 1427 iu
841 1360 972 1428 Christo
1002 1362 1060 1427 filii
1089 1364 1190 1428 nostri
1219 1362 1262 1430 H.
1285 1363 1509 1428 Romanorum
1546 1363 1634 1448 regis
1668 1363 1807 1429 illustris
1837 1362 1934 1429 nobis

285 1465 389 1531 extitit
422 1465 659 1552 supplicatum,
692 1471 729 1529 ut
757 1486 831 1531 eum
857 1467 978 1532 nobilis
1008 1467 1058 1531 vir
1088 1466 1284 1533 Fredericus
1318 1466 1359 1532 dc
1389 1465 1540 1532 Drivorte
1552 1468 1573 1548 ¹,
1608 1467 1812 1532 consiliarius
1847 1488 1935 1547 suus,

284 1568 450 1647 iuraverit,
472 1568 560 1654 quod
583 1590 641 1655 pro
665 1570 755 1635 nullo
778 1569 983 1651 fideiuberct,
1007 1570 1084 1635 dum
1102 1573 1237 1652 viveret,
1261 1578 1295 1636 ct
1317 1571 1380 1636 hoc
1396 1571 1429 1635 in
1449 1571 1553 1656 ipsius
1570 1570 1659 1656 regis
1675 1572 1781 1658 possit
1802 1570 1935 1658 dispen-

235 1706 250 1744 s
285 1673 370 1738 dium
395 1671 594 1754 redundare,
624 1671 746 1738 dictum
769 1673 914 1739 nobilem
936 1674 978 1739 ab
1002 1673 1188 1739 huiusmodi
1217 1674 1400 1738 iuramento
1424 1674 1596 1739 absolvero
1620 1696 1659 1740 ac
1683 1696 1742 1740 sue
1765 1674 1877 1755 saluti,
1907 1675 1934 1738 si

283 1778 392 1842 forsan
415 1775 496 1842 illud
519 1776 679 1843 hactenus
701 1799 767 1843 non
790 1779 942 1857 servavit,
967 1778 1136 1844 consulere
1152 1777 1406 1843 misericorditer
1429 1798 1627 1843 curaremus.
1672 1778 1818 1864 Ideoque
1841 1800 1934 1843 man-

283 1882 407 1964 dsmus,
430 1882 584 1967 quatinus
607 1903 706 1969 super
729 1883 902 1949 violatione
926 1884 1101 1948 temeraria
1123 1882 1298 1948 iuramenti
1313 1882 1464 1969 predicti,
1488 1882 1575 1969 quod
1598 1880 1640 1947 ad
1663 1883 1802 1947 salutem
1825 1882 1933 1948 anime

282 1985 383 2072 ipsius
406 1984 526 2049 nobilis
543 1986 717 2071 pertineat,
742 2008 841 2073 super
855 1988 1062 2053 relaxatione
1079 2008 1156 2053 vero
1173 1986 1322 2053 ciusdem
1345 1987 1529 2068 iuramenti,
1553 1985 1639 2072 quod
1655 1986 1854 2051 necessitate
1878 1991 1934 2050 aut

283 2089 422 2154 utilitate
444 2091 592 2175 pensatis
615 2090 774 2177 expedire
798 2090 929 2171 videris,
952 2092 1148 2156 auctoritate
1171 2098 1284 2156 nostra
1306 2089 1480 2176 providere
1505 2088 1690 2176 procuresb.

932 2318 955 2323 .-
962 2319 1008 2323 -—
1021 2317 1312 2325 .·—.—.-.—--——-

1064 2542 1151 2616 913.

229 2683 245 2721 ¹⁵
383 2641 600 2734 Innocentius
613 2667 638 2731 I
641 2666 669 2730 V
673 2686 763 2748 papa
773 2664 953 2751 [Sipesrido
961 2663 1042 2750 III]
1054 2664 1282 2748 archiepiscopo
1295 2663 1489 2746 Maanntino
1503 2664 1642 2740 mandat,
1658 2668 1694 2726 at
1706 2664 1930 2728 monasterinm

281 2770 316 2836 de
336 2769 625 2837 Reirslsardstrnnn
646 2792 668 2835 a
683 2769 937 2853 proaeninribrn
958 2768 1129 2854 H[enrica]
1149 2768 1232 2853 repis
1253 2766 1470 2834 Romanorum
1489 2767 1660 2849 tandatwn
1682 2765 1839 2851 reformet.

1617 2872 1711 2948 1246,
1734 2869 1799 2935 Inl.
1814 2870 1845 2935 5.

382 2958 447 3015 nn.
459 2958 508 3014 sn
521 2957 585 3029 aa.
603 2958 659 3015 nr.
672 2959 696 3029 r
709 2965 778 3027 aaz
790 2957 852 3015 aa.
864 2958 918 3027 IV,
936 2973 994 3013 aa.
1008 2964 1045 3014 rs.

382 3044 568 3114 Benenate.

227 3190 245 3230 s
723 3212 792 3234 ...
819 3154 1182 3247 archiepiscopo
1209 3153 1494 3248 Maguntina

386 3289 480 3370 Cum,
503 3290 587 3356 sicut
602 3290 723 3357 nostris
739 3290 790 3356 est
805 3289 937 3354 auribus
952 3289 1147 3368 intimatum,
1172 3289 1407 3353 monasterium
1424 3288 1464 3354 de
1480 3287 1787 3354 Reinherisbrun.⁰²
1808 3287 1930 3353 ordinis

279 3391 380 3456 sancti
406 3391 581 3460 Benedicti
608 3399 664 3459 tuo
694 3393 848 3474 diocesis,
885 3390 971 3478 quod
1000 3392 1227 3478 progenitores
1256 3392 1417 3456 carissimi
1443 3393 1477 3457 in
1509 3390 1638 3457 Christo
1670 3391 1727 3457 filii
1761 3393 1863 3456 nostri
1886 3391 1929 3456 H.

280 3495 365 3581 regis
387 3495 613 3562 Romanorum
635 3497 773 3563 illustris
795 3495 954 3561 fundasse
976 3495 1139 3575 dicuntur,
1163 3495 1261 3559 sitin
1285 3495 1510 3582 spiritualibus
1534 3495 1679 3580 graviter
1701 3495 1929 3576 deformatum,

279 3600 472 3667 fraternitati
494 3606 550 3667 tuc
573 3602 774 3688 presentium
804 3601 1000 3666 auctoritate
1031 3598 1239 3680 mandamus,
1271 3600 1424 3686 quatinus
1452 3600 1609 3686 inquisita
1637 3620 1736 3686 supcr
1764 3599 1826 3665 hoc
1854 3599 1928 3664 dili-

223 3725 241 3764 s
279 3706 408 3789 gentius
436 3706 590 3787 veritate,
624 3707 651 3770 si
683 3725 753 3770 rem
776 3705 940 3770 inveneris
969 3706 1015 3769 ita
1042 3725 1132 3784 csse,
1164 3704 1346 3791 predictum
1369 3705 1604 3770 monasterium
1636 3705 1669 3768 in
1701 3724 1776 3785 suo,
1808 3704 1837 3768 si
1859 3704 1930 3770 fieri

280 3806 430 3894 poterin,
454 3807 582 3890 ordine,
606 3809 805 3894 alioquinin
829 3809 903 3889 alio,
927 3815 1024 3895 prout
1046 3807 1168 3874 videris
1194 3808 1366 3896 expedire,
1396 3809 1591 3874 auctoritate
1615 3814 1729 3873 nostra
1750 3807 1929 3873 reformare

279 3931 445 3996 procures,
468 3911 616 3977 eiusdem
638 3912 829 3977 monasterii
851 3911 1020 3978 monachis
1044 3911 1077 3976 in
1101 3913 1173 3977 aliis
1197 3913 1407 3979 monasteriis
1431 3913 1481 3978 sui
1505 3912 1627 3978 ordinis
1643 3911 1827 3986 collocatis;
1851 3932 1928 3976 con-

279 4013 472 4082 tradictores
495 4023 558 4081 cte.

384 4135 462 4202 Dat.
485 4143 522 4202 ut
545 4158 653 4225 supra.

216 4607 235 4647 a
381 4551 599 4644 [necmias
620 4575 676 4641 IV
689 4595 778 4662 papa
800 4575 947 4662 [Ottonr']
966 4575 1105 4659 episcopo
1130 4574 1317 4652 Tascnnno,
1338 4574 1524 4658 apostoticae
1545 4574 1628 4640 seda
1649 4574 1756 4655 tepato,
1779 4572 1927 4654 intanptt,

277 4686 310 4746 at
326 4680 596 4767 praedicationem
617 4679 719 4746 arnis
735 4699 797 4760 pro
816 4679 931 4743 Terrae
947 4680 1084 4746 Sanctae
1099 4678 1238 4743 sanato
1249 4699 1310 4761 per
1328 4677 1511 4743 Tentonrarn
1532 4676 1721 4758 artibnsdam
1735 4677 1929 4740 corrrrnimam

275 4788 388 4851 aerato
408 4782 558 4862 inhibeat,
579 4802 650 4848 cnm
670 4786 707 4846 at
726 4781 840 4847 itidem
855 4782 981 4848 verbam
996 4783 1099 4848 anais
1113 4785 1223 4847 contra
1237 4780 1439 4847 Fridaricnm
1454 4780 1611 4862 qnoniam
1627 4781 1844 4864 imperatorem
1852 4799 1929 4860 pro-

272 4891 421 4967 ponatur,
443 4885 649 4951 mandaverit.
1619 4888 1713 4963 1246,
1730 4883 1795 4950 Inl.
1811 4885 1841 4951 5.

379 5003 506 5060 ΜΝ
520 5005 584 5075 Ra.
607 5005 664 5062 Vol.
684 5010 713 5074 Ι,
732 5013 793 5074 418,·
821 5005 879 5061 Iao.
897 5005 947 5074 IV,
965 5022 1022 5062 cnr.
1039 5015 1077 5061 19.
1122 5004 1170 5059 na
1191 5006 1323 5075 caemar
1347 5003 1447 5060 Parni
1468 5002 1640 5060 affibnirm
1661 5008 1769 5072 praeter
1791 5001 1831 5069 id,
1858 5000 1929 5070 asad

207 5108 229 5147 a
277 5090 746 5247 &suffimentum
762 5092 886 5149 aaran
904 5094 932 5163 r,
950 5101 994 5160 aa·
1011 5093 1152 5161 aeas.

495 5185 571 5235 2935.

381 5352 406 5420 ⁸)
427 5354 553 5409 onaan
568 5372 596 5408 n.
607 5359 668 5409 204.
738 5354 763 5423 ι’)
783 5358 862 5410 verba
878 5359 937 5410 Dat
957 5365 1083 5425 utsupra
1100 5358 1128 5409 in
1149 5374 1188 5424 ep.
1206 5357 1418 5422 amoenans,
1435 5375 1462 5409 n.
1480 5361 1540 5422 204,
1567 5365 1590 5408 et
1611 5353 1770 5421 amittas
1787 5351 1929 5419 adraipta,

276 5456 308 5492 aa
323 5455 414 5494 erroro
431 5441 527 5494 onon
537 5450 678 5510 putenm
695 5446 730 5512 es.
743 5462 774 5512 p.
787 5447 845 5510 166,
861 5452 913 5497 not.
925 5461 951 5497 a.
1022 5445 1046 5508 ο)
1064 5445 1267 5498 Reinhsrisbrnn
1276 5444 1308 5498 B.
1378 5442 1405 5511 ἃ)
1424 5444 1504 5513 possit
1515 5443 1546 5495 B.

381 5576 407 5643 l)
428 5575 552 5647 Mart,
562 5575 779 5649 inmanius
792 5594 855 5634 ner.
872 5583 897 5634 et
907 5579 1012 5634 aaran
1024 5579 1218 5648 Metellinam,-
1229 5580 1262 5636 aa
1273 5579 1505 5636 massaneto
1515 5578 1546 5645 a<
1557 5575 1787 5644 Batnon-lictor,
1800 5577 1846 5631 tc.
1857 5582 1928 5632 4879.

199 5670 227 5711 fl
275 5660 973 5735 emmerammenses.

377 5754 587 5815 halwil.
1686 5756 1721 5812 21
