4328 6232
198 339 238 401 58
751 332 798 387 EX
816 333 1034 388 INNOCENTII
1052 332 1091 386 IV
1110 331 1290 387 sestertio

203 515 312 572 autem
337 517 483 573 nostrum
507 507 705 572 desiderium
730 509 792 586 sie,
823 508 869 571 iili
894 507 1150 583 benedictionis,
1178 506 1373 592 adimpleas,
1402 511 1438 568 ut
1464 526 1524 567 nos
1552 505 1583 569 in
1613 511 1647 569 te
1673 503 1859 589 gaudentes

200 614 376 678 zelatorem
414 613 546 677 honoris
581 612 721 677 ecclesie
757 612 957 697 repperisse,
996 633 1059 695 que
1091 608 1270 675 secundum
1299 608 1407 674 Deum
1438 607 1469 673 in
1501 609 1644 673 futurum
1677 607 1736 672 tibi
1764 613 1860 694 grata

200 718 411 798 senserimus,
436 717 580 804 paternis
602 715 775 780 affectibus
795 735 1039 801 prosequamur.

308 837 384 903 Dat.
409 845 444 904 ut
467 860 566 926 supra
588 840 621 901 in
645 837 795 924 proxima
808 838 830 900 ¹.

304 1409 524 1502 Innocentius
545 1431 602 1497 IV
622 1453 713 1513 popo
744 1434 892 1516 potestati
921 1437 950 1496 ot
980 1433 1110 1498 consitio
1135 1433 1308 1497 Tereisinis
1341 1433 1469 1496 riseritiot
1496 1454 1528 1498 sc
1558 1434 1717 1498 mutieres
1744 1433 1786 1498 ab
1819 1435 1862 1500 iis
1923 1451 1935 1486 ⁵

202 1540 334 1604 Ezetino
356 1538 394 1602 dc
416 1537 559 1601 Ronmno
576 1557 638 1620 pro
660 1536 806 1601 solvendo
824 1538 962 1620 panerio
979 1538 1154 1620 praestitas
1177 1538 1330 1602 irritasse.
1463 1576 1465 1581 -
1534 1539 1626 1615 1245,
1649 1536 1724 1602 Ion.
1741 1539 1773 1604 5.

305 1656 430 1710 Inan
442 1655 507 1725 aaa.
524 1655 689 1723 Venena·
707 1655 768 1709 Lib.
784 1656 824 1723 ll,
838 1663 876 1711 98.

306 1743 406 1813 Bane
420 1748 480 1797 sss.

573 1891 612 1910 ..
641 1837 873 1928 potestati
902 1842 946 1910 et
972 1835 1179 1910 consilio
1207 1835 1488 1911 'tervisinis

310 1968 468 2034 Precibus
492 1969 611 2034 vestris
634 1969 813 2053 benignum
836 1970 1062 2055 impertientes
1086 1991 1266 2047 assensum,
1290 1971 1462 2036 cautiones
1485 1994 1505 2036 a
1528 1971 1619 2035 vobis
1643 1971 1694 2034 vel
1718 1970 1761 2035 sb
1784 1970 1859 2034 eliis
1912 1993 1936 2031 ro

202 2075 333 2138 nomine
356 2080 466 2139 vestro
490 2073 645 2158 prestitas
665 2071 804 2138 Ezelino
828 2072 868 2137 de
883 2071 1031 2136 Romano
1057 2073 1108 2136 vel
1132 2073 1186 2136 elii
1210 2074 1283 2138 loeo
1307 2075 1379 2138 eius
1402 2096 1461 2160 pro
1485 2073 1641 2138 solvenda
1665 2075 1696 2138 ei
1719 2073 1860 2158 quadam

202 2177 340 2264 pecunie
365 2177 556 2262 quantitate,
580 2197 639 2261 pro
657 2198 721 2261 que
737 2175 869 2242 obsides
887 2175 954 2240 dati
972 2176 1114 2255 luerunt,
1139 2177 1237 2241 etiam
1253 2177 1435 2242 iuramento
1449 2178 1604 2258 firmatas,
1628 2176 1861 2242 denuntiamus

203 2282 395 2347 auctoritate
419 2281 619 2366 presentium
644 2280 754 2345 irrites
778 2286 811 2346 et
833 2281 956 2346 inanes.

311 2400 388 2466 Dat.
411 2400 576 2486 Lugduni,
600 2401 705 2467 Nonis
729 2402 861 2467 Ianuar.
885 2424 970 2467 anno
994 2402 1147 2467 secundo.

825 2665 1237 2673 —————.-

1003 2911 1064 2984 80.

308 3003 527 3096 Beneeentins
543 3032 598 3095 IV
605 3054 696 3115 erispa
718 3033 828 3097 ¹iisdem
852 3034 958 3097 barino
981 3037 1009 3097 ct
1031 3037 1159 3111 statuto,
1182 3055 1262 3116 qsroc
1284 3039 1393 3099 ceretro
1414 3033 1565 3114 quosdam
1585 3033 1623 3097 dc
1644 3033 1769 3097 eicitrte
1791 3054 1860 3112 sno,
1914 3057 1936 3096 n

205 3137 240 3199 in
262 3157 299 3200 co
321 3134 510 3200 discordiam
532 3136 730 3214 seminantes
752 3136 916 3214 ediderint,
940 3141 1112 3218 confirmat.
1534 3139 1627 3216 1245,
1651 3138 1726 3204 lon.
1744 3139 1774 3202 5.

309 3256 372 3309 lnn.
388 3255 438 3308 IV
453 3255 514 3324 Rey.
531 3255 627 3323 Voti,
647 3263 706 3322 129;
724 3255 783 3309 Le.
799 3256 841 3322 ΙΙ,
861 3265 917 3311 100.

310 3343 412 3411 Berpcr
429 3348 486 3396 850.
563 3339 566 3345 '

583 3492 622 3508 ..
652 3439 884 3527 potestati
913 3443 955 3511 et
981 3438 1185 3513 consilio
1214 3440 1489 3514 Tervisinis

314 3566 411 3647 Cum,
444 3570 527 3633 sicut
557 3589 599 3632 ex
630 3574 723 3654 parte
753 3577 859 3633 vestro
889 3570 950 3633 fuit
980 3572 1180 3656 propositum
1212 3594 1321 3637 eoram
1352 3573 1463 3650 nobis,
1494 3580 1607 3638 eontra
1638 3571 1797 3659 quosdam
1821 3570 1863 3637 do
1915 3600 1940 3640 so

206 3671 339 3735 civitate
370 3677 496 3749 vestra,
536 3673 590 3757 qui
620 3671 801 3737 discordias
829 3674 1029 3739 seminantes
1060 3675 1092 3738 in
1122 3696 1178 3756 ea,
1213 3674 1302 3739 illam
1336 3682 1405 3742 erte
1437 3677 1615 3764 proditoris
1645 3675 1800 3762 periculis
1831 3681 1865 3740 et

205 3773 348 3839 dissidiis
391 3796 558 3860 exponere
596 3774 809 3850 conabantur,
849 3775 960 3840 banna
995 3776 1161 3841 edideritis
1197 3784 1230 3842 et
1264 3785 1404 3860 statuta,
1444 3801 1520 3861 nos,
1558 3781 1675 3845 vestris
1709 3776 1864 3865 precibus

206 3884 401 3957 annuentes,
426 3879 535 3942 banna
558 3886 591 3942 et
615 3884 739 3942 statuta
761 3879 958 3961 huiusmodi,
984 3882 1067 3945 siout
1090 3880 1226 3967 provide
1249 3883 1336 3947 facta
1359 3890 1444 3965 sunt,
1468 3884 1661 3949 auctoritate
1684 3883 1866 3969 apostolica

209 3982 439 4046 confirmamus
468 3988 502 4046 et
524 3983 689 4068 presentis
713 3984 826 4069 scripti
849 3984 1031 4070 patrocinio
1053 3984 1300 4050 communimus.
1345 3986 1436 4052 Nulli
1461 4009 1539 4072 ergo
1563 3994 1627 4053 etc.
1650 3993 1763 4052 nostre
1786 4008 1864 4052 eon-

207 4086 396 4150 firmationis
421 4094 483 4150 etc.
529 4085 565 4150 Si
588 4086 660 4172 quis
684 4092 744 4152 etc.
1914 4117 1938 4158 n

314 4205 389 4271 Dat.
412 4206 575 4290 Lugduni,
599 4206 701 4272 Nonis
723 4207 852 4273 Ianuar.
876 4232 960 4274 anno
985 4210 1139 4276 secundo.

830 4471 1240 4479 ————-—-—————..

1003 4716 1048 4788 81

312 4810 531 4903 Innocentius
553 4837 609 4901 IV
631 4858 721 4918 pepo
749 4839 899 4919 irrepistro
929 4837 966 4902 dc
995 4838 1029 4902 lo
1054 4838 1153 4904 Curre
1182 4838 1448 4922 archiprrcsbybro
1470 4839 1627 4906 Podncno
1654 4842 1797 4922 mandat,
1829 4848 1865 4907 nt

207 4939 452 5028 [Bertboldnm]
471 4940 688 5023 patriercham
703 4941 954 5023 Aquitcpienscm
977 4944 1005 5003 ct
1027 4941 1202 5024 cpiscrprnnr
1216 4941 1252 5004 F
1248 4941 1409 5005 citrensem
1427 4963 1448 5005 a
1463 4943 1613 5008 molestiis
1630 4944 1865 5012 Teroisinornni

207 5046 353 5111 desistere
375 5042 481 5127 faciat
507 5064 615 5126 cosque
637 5049 666 5109 et
687 5044 852 5130 [Iacobum
879 5045 1068 5130 Tercentum]
1094 5045 1198 5109 decenn
1222 5049 1251 5109 et
1272 5045 1436 5109 consilinm
1456 5045 1639 5111 Venetonon
1663 5047 1804 5128 induret,
1830 5055 1866 5114 nt

208 5147 395 5214 eietnolibns
416 5150 446 5211 et
462 5149 599 5232 pecnnia
622 5149 730 5213 iisdem
753 5147 950 5215 subveniant.
1537 5153 1631 5229 1245,
1654 5151 1729 5220 lon.
1746 5158 1776 5218 7.
1915 5182 1940 5221 n

314 5267 899 5337 1nn.1VRe9.V01.I,me;lno.ll,eo.

314 5355 481 5424 Berocrsse.

1217 5487 1223 5490 .
1257 5484 1309 5492 μ..
1328 5487 1346 5491 —
1407 5485 1659 5492 ..--—-——-—-...
1683 5485 1758 5492 *-

316 5563 341 5626 1)
365 5560 461 5615 aaron
484 5562 622 5616 mnam
640 5580 831 5632 pesonaruns,
860 5563 898 5618 od
919 5580 988 5632 qam
1008 5570 1146 5633 praesen
1168 5566 1218 5619 troc
1242 5565 1364 5633 eparcho
1385 5565 1532 5635 encyclicae
1552 5565 1646 5621 notens
1665 5563 1780 5636 suniat,
1803 5566 1868 5633 nl,

210 5665 238 5704 n.
253 5656 298 5704 ter
315 5654 339 5703 et
359 5656 404 5704 785
420 5648 598 5717 sinuessa,
614 5650 656 5706 bic
672 5651 755 5707 doessr
772 5650 921 5707 netondnni
937 5657 988 5720 est;
1004 5652 1035 5719 d.
1049 5650 1181 5729 Pcttttost,
1198 5651 1262 5720 Rs.
1274 5658 1475 5723 11497-11500,
