4328 6232
759 353 807 409 EX
826 352 1045 410 Innocuam
1062 352 1102 408 IV
1119 352 1300 411 unotsvno

425 621 465 641 ..
493 567 707 661 episcopo
734 566 1007 656 Tusculano,
1035 542 1285 663 apostolice
1311 566 1433 641 sedis
1460 565 1639 659 legeint

309 713 391 779 Cum
422 715 561 780 dilectus
590 715 677 780 filius
706 715 825 780 nobilis
855 717 905 780 vir
929 766 961 782 ..
985 716 1053 781 dux
1079 715 1315 802 Lotharingic⁸
1343 722 1377 782 et
1404 715 1585 781 Brabantie
1614 716 1739 803 cupiat,
1773 715 1864 778 sicut

198 819 330 893 asserit,
362 819 467 884 crucis
499 819 649 904 insigniri
673 825 856 902 caractere,
886 821 920 884 in
942 819 1044 886 Terre
1069 820 1189 885 Sancte
1220 819 1401 885 subsidium
1431 820 1652 906 profecturus,
1683 840 1756 893 nos,
1787 818 1862 882 cius

199 922 365 988 laudabile
395 922 599 1008 propositum
628 921 735 1008 dignis
764 924 796 988 in
819 922 962 989 Domino
994 923 1147 989 laudibus
1176 923 1442 989 commendantes
1470 945 1509 988 ac
1537 930 1607 988 tum
1637 944 1680 988 ex
1702 921 1765 988 boc
1789 928 1862 986 tum

199 1025 298 1089 ctiam
322 1045 381 1090 sue
405 1023 589 1091 devotionis
613 1025 749 1091 obtentu
772 1025 982 1093 intendentes
1006 1048 1081 1092 eum
1104 1026 1259 1113 prosequi
1282 1027 1390 1113 gratia
1419 1034 1453 1092 et
1480 1026 1624 1107 favore²,
1653 1024 1863 1104 mandamus,
1934 1042 1945 1075 τ·

200 1129 354 1214 quatinus
378 1128 418 1193 dc
442 1129 744 1214 crucesignatorum
768 1136 854 1195 terre
879 1151 949 1209 sue,
973 1151 1011 1195 ac
1034 1130 1163 1195 illorum
1188 1130 1330 1196 maxime
1355 1131 1410 1216 qui
1426 1131 1548 1196 luerint
1562 1131 1595 1197 in
1612 1131 1773 1196 societate
1790 1149 1864 1203 sua,

200 1233 308 1313 bouis,
338 1253 402 1317 que
426 1233 487 1319 ipsi
510 1233 708 1298 decedentes
731 1234 839 1299 eundo
863 1235 916 1299 vel
939 1233 1108 1301 redeundo
1131 1255 1191 1299 seu
1213 1232 1294 1298 inibi
1315 1234 1471 1299 morando
1495 1233 1689 1320 reliquerint
1712 1231 1864 1298 subsidio

200 1335 287 1401 dicte
320 1343 424 1407 terre.
455 1356 514 1400 seu
543 1337 608 1400 alio
640 1336 735 1401 modo
764 1337 806 1401 ad
833 1359 948 1402 manus
971 1343 1046 1402 tuas
1070 1337 1246 1422 contigerit
1274 1336 1447 1418 devenire,
1479 1337 1526 1402 sic
1548 1339 1580 1403 in
1605 1336 1864 1403 subventionem

201 1460 420 1525 expensarum
453 1460 585 1503 suarum
616 1439 841 1506 faciendarum
868 1463 925 1527 pro
953 1443 1025 1528 ipso
1056 1441 1202 1506 subsidio
1232 1462 1376 1527 congrue
1405 1441 1468 1506 sibi
1492 1439 1627 1507 studeas
1650 1438 1862 1526 providere⁸‚

201 1543 287 1629 quod
311 1542 398 1608 idom
424 1541 490 1606 dux
514 1565 557 1608 ex
580 1544 643 1607 biis
667 1564 810 1630 congruo
835 1544 980 1610 subsidio
1002 1546 1158 1609 fulciatur
1181 1551 1214 1609 et
1236 1544 1293 1609 fiat
1315 1544 1465 1610 devotior
1488 1566 1530 1609 ex
1554 1544 1684 1610 devoto.

310 1666 386 1730 Dat.
410 1663 573 1749 Lugduni,
598 1663 701 1730 XHII
724 1663 798 1731 Kal.
823 1666 976 1753 Augusti,
1000 1688 1085 1731 anno
1108 1665 1167 1730 IV.

829 1947 1238 1955 ..ψ-.-

990 2223 1077 2295 230.

306 2337 523 2431 Birrcccntias
541 2365 563 2429 1
569 2364 596 2428 V
602 2386 692 2446 parpa
707 2363 889 2449 [Gnidum]
904 2363 1044 2443 episcopo
1063 2363 1281 2428 Corncraccnsi
1303 2361 1442 2439 arrondat,
1466 2365 1501 2424 at
1523 2382 1592 2425 carn
1606 2359 1787 2446 [chricas
1803 2360 1848 2424 11
1840 2360 1864 2444 ]

201 2470 268 2533 dccc
291 2469 491 2534 [transactae
516 2471 549 2532 in
575 2468 706 2533 Tarraca
730 2469 881 2534 Sanctam
898 2467 1058 2547 proticisci
1081 2466 1201 2547 caprina,
1228 2466 1348 2541 onrrria,
1378 2486 1459 2546 qaae
1482 2465 1516 2526 in
1538 2469 1622 2528 terra
1645 2465 1714 2529 cias
1735 2464 1863 2529 collecta

202 2574 248 2637 ccl
278 2573 382 2655 lcpcta
417 2574 481 2637 sint
510 2593 571 2655 pro
607 2571 892 2636 sabsidiofflnrm
921 2569 1070 2646 Sanctae,
1104 2569 1293 2653 [Goswino]
1318 2569 1425 2632 abbati
1451 2567 1527 2632 Loci
1555 2567 1668 2632 Sancti
1696 2567 1863 2631 Bcrrrcrdi

202 2678 355 2743 restituat.
382 2716 419 2724 -
443 2677 556 2740 Eidem
579 2676 719 2752 rescindat,
742 2680 776 2738 at
799 2675 970 2739 collectioni
992 2673 1127 2737 dccincnc
1151 2673 1184 2735 in
1207 2676 1293 2735 terra
1315 2671 1403 2736 dacis
1425 2670 1561 2735 ciusdem
1583 2669 1793 2754 snprcrscdcat.

1524 2777 1617 2849 1246,
1640 2773 1706 2838 Iud.
1727 2775 1776 2835 19.

307 2864 368 2916 Inn.
383 2864 430 2917 IV
447 2865 510 2932 Rea.
531 2864 583 2918 Vol.
599 2865 623 2931 1,
644 2871 788 2929 312-313;
807 2863 864 2916 Luc.
880 2863 898 2915 1
903 2863 930 2929 V,
949 2871 983 2917 37
997 2869 1021 2915 ct
1040 2868 1083 2915 38.

311 2950 410 3019 aaran
427 2958 493 3005 acas
508 2957 532 3003 er
550 2956 624 3005 scas.

1022 3053 1047 3116 Ι.

697 3237 734 3252 ..
766 3182 996 3272 episcopo
1032 3179 1360 3253 Cameracensi.

313 3332 395 3396 Cum
426 3331 565 3395 dilectus
597 3333 682 3395 tilius
717 3331 835 3395 nobilis
867 3332 915 3394 vir
944 3380 980 3395 ..
1007 3329 1074 3394 dux
1102 3329 1316 3414 Lotharingie
1346 3335 1379 3392 et
1410 3329 1588 3393 Brabantio
1619 3326 1744 3412 cupiat.
1781 3327 1865 3390 sicut
1917 3368 1926 3379 ·

203 3437 336 3500 asserit.
366 3436 470 3499 crucis
495 3444 663 3499 caractere
686 3435 852 3520 insigniri.
876 3434 1083 3519 profecturus
1107 3434 1140 3496 iu
1164 3431 1346 3497 subsidium
1370 3431 1472 3496 Terre
1496 3432 1634 3497 Sancte.
1658 3450 1734 3508 nos.
1759 3428 1866 3494 cidem

203 3539 380 3625 gratificari
403 3539 570 3609 volentes.
598 3539 805 3604 mandamus.
835 3539 988 3624 quatinus
1015 3558 1219 3622 quecumque
1249 3535 1388 3600 collecta
1411 3543 1486 3600 sunt
1509 3535 1549 3600 de
1573 3534 1729 3600 mandato
1753 3540 1868 3598 nostro

204 3664 263 3707 scu
286 3644 398 3727 legata
421 3641 462 3707 dc
486 3642 615 3708 decima
638 3645 691 3708 vel
715 3642 998 3728 redemptionibus
1022 3663 1082 3706 seu
1106 3640 1360 3704 obventionibus
1384 3646 1533 3704 votorum
1561 3639 1868 3723 crucesignatorum

204 3747 236 3809 in
261 3752 350 3810 terra
373 3767 432 3810 sua
455 3767 515 3831 per
539 3754 612 3810 tuas
629 3747 681 3810 vel
707 3746 884 3809 cuiuslibet
904 3745 1040 3810 alterius
1057 3765 1172 3807 uranus
1188 3764 1248 3827 pro
1264 3749 1352 3807 terre
1370 3740 1516 3807 subsidio
1532 3747 1722 3820 memorate,
1747 3741 1868 3805 dilecto

204 3849 269 3913 lilio
293 3848 406 3912 abbati
430 3847 510 3911 Loci
535 3848 647 3912 Sancti
672 3847 853 3911 Bernardi⁴
878 3846 1107 3911 Cisterciensis
1131 3845 1253 3909 ordinis
1270 3844 1519 3910 Cameracensis
1541 3843 1686 3909 diocesis
1711 3845 1868 3908 restituas
1919 3860 1936 3894 ²2

204 3962 238 4016 ct
263 3953 391 4016 restitui
415 3951 527 4015 iacias.
552 3974 611 4036 per
635 3972 708 4016 eum
733 3959 845 4016 nostro
870 3952 1001 4015 nomine
1026 3949 1240 4014 reservanda:
1265 3949 1522 4014 contradictores
1546 3958 1625 4015 etc:
1649 3950 1868 4034 quantitatem

205 4076 316 4121 eorum
340 4055 436 4118 nobis
460 4055 524 4119 tuis
548 4056 665 4119 litteris
688 4054 830 4119 tideliter
853 4056 1085 4140 rescripturus:
1111 4091 1148 4100 —
1174 4074 1238 4117 non
1256 4053 1405 4117 obstante
1422 4052 1626 4137 indulgentia
1642 4051 1723 4115 etc.''
1747 4072 1869 4136 usque:

206 4159 415 4223 vacationem.

314 4277 390 4343 Dat.
415 4278 579 4364 Lugduni.
604 4279 706 4344 Xllll
729 4280 803 4345 Kal.
828 4280 982 4364 Augusti.
1005 4297 1090 4340 anno
1115 4276 1173 4341 ll'.

1014 4481 1057 4545 ΙΙ.
1095 4468 1108 4490 ‘

949 4607 1120 4681 Eidem.

315 4744 395 4807 t'unr
426 4742 567 4807 dilectus
596 4743 678 4806 lilius
710 4741 828 4805 nobilis
856 4741 965 4803 vir..
990 4739 1055 4803 dux
1088 4740 1318 4824 lothoringiec
1348 4748 1380 4804 ct
1409 4741 1589 4804 Brabantio
1619 4747 1743 4804 torrarn
1774 4760 1868 4803 suam

206 4862 335 4912 asscmt
358 4868 423 4910 nou
447 4846 609 4910 modicum
634 4868 706 4909 esse
730 4860 914 4928 gravatam.
946 4865 986 4907 ex
1012 4866 1051 4907 co
1075 4843 1161 4929 qtrod
1186 4844 1345 4908 decimam
1369 4866 1428 4930 pro
1451 4844 1552 4909 Terre
1577 4842 1698 4907 Structo
1722 4841 1869 4906 subsidio

206 4951 248 5015 de.
272 4950 426 5015 mandato
451 4956 563 5013 nostro
586 4948 743 5032 colligere
767 4945 886 5010 diceris
911 4947 943 5009 in
960 4946 1085 5011 cadem.
1110 4947 1314 5013 rrrandamus.
1338 4948 1491 5032 quatinus
1507 4948 1541 5011 in
1556 4949 1628 5032 ipsa
1643 4952 1734 5009 terra
1751 4966 1867 5029 supcr-

207 5054 324 5120 scdcas
348 5054 536 5118 collectioni
559 5051 687 5116 decime
711 5064 902 5114 memorate.

316 5175 392 5240 Dat.
419 5184 587 5259 utsupra.

499 5330 709 5340 ————-
945 5326 990 5335 ——

311 5434 436 5497 emron.
541 5433 770 5493 clusianae.
875 5426 998 5481 clusa.

315 5573 340 5625 a
359 5568 670 5634 maa-assa
734 5562 1137 5630 arcanissaeaann.
1158 5562 1502 5634 rasaaamaan.
1572 5562 1872 5631 aicaamasss.

206 5659 235 5712 n
256 5655 449 5711 assarna
465 5661 509 5724 aa
528 5654 623 5723 aaa,
638 5670 721 5724 μομ
738 5648 936 5719 ,samiam
951 5648 983 5714 a.
999 5654 1089 5704 assa
1105 5654 1163 5705 aar.

1919 4628 1943 4665 St)
