<?xml version="1.0" encoding="UTF-8"?>
<!DOCTYPE html PUBLIC "-//W3C//DTD XHTML 1.0 Transitional//EN"
    "http://www.w3.org/TR/xhtml1/DTD/xhtml1-transitional.dtd">
<html xmlns="http://www.w3.org/1999/xhtml" xml:lang="en" lang="en">
 <head>
  <title>
</title>
<meta http-equiv="Content-Type" content="text/html;charset=utf-8" />
  <meta name='ocr-system' content='tesseract 3.04.00' />
  <meta name='ocr-capabilities' content='ocr_page ocr_carea ocr_par ocr_line ocrx_word'/>
</head>
<body>
  <div class='ocr_page' id='page_1' title='image "./monumentagerman00popegoog_0359.png"; bbox 0 0 4328 6232; ppageno 0'>
   <div class='ocr_carea' id='block_1_1' title="bbox 252 357 1346 425">
    <p class='ocr_par' dir='ltr' id='par_1_1' title="bbox 252 357 1346 425">
     <span class='ocr_line' id='line_1_1' title="bbox 252 357 1346 425; baseline -0.008 -1"><span class='ocrx_word' id='word_1_1' title='bbox 252 361 314 425; x_wconf 82' lang='grc'><strong>338</strong></span> <span class='ocrx_word' id='word_1_2' title='bbox 803 358 850 413; x_wconf 83' lang='lat' dir='ltr'><strong>EX</strong></span> <span class='ocrx_word' id='word_1_3' title='bbox 869 358 1088 414; x_wconf 82' lang='lat' dir='ltr'>INNOOENTII</span> <span class='ocrx_word' id='word_1_4' title='bbox 1106 358 1145 413; x_wconf 89' lang='lat' dir='ltr'><strong>lV</strong></span> <span class='ocrx_word' id='word_1_5' title='bbox 1164 357 1346 416; x_wconf 69' lang='lat' dir='ltr'><strong>arelatae</strong></span> 
     </span>
    </p>
   </div>
   <div class='ocr_carea' id='block_1_2' title="bbox 252 532 1905 1115">
    <p class='ocr_par' dir='ltr' id='par_1_2' title="bbox 252 532 1905 1115">
     <span class='ocr_line' id='line_1_2' title="bbox 252 532 1902 620; baseline 0 -24"><span class='ocrx_word' id='word_1_6' title='bbox 252 533 379 614; x_wconf 90' lang='lat' dir='ltr'><strong>ventui,</strong></span> <span class='ocrx_word' id='word_1_7' title='bbox 415 532 501 618; x_wconf 91' lang='lat' dir='ltr'><strong>quod</strong></span> <span class='ocrx_word' id='word_1_8' title='bbox 539 555 655 598; x_wconf 90' lang='lat' dir='ltr'><strong>novem</strong></span> <span class='ocrx_word' id='word_1_9' title='bbox 692 534 850 597; x_wconf 87' lang='lat' dir='ltr'><strong>ecclosias</strong></span> <span class='ocrx_word' id='word_1_10' title='bbox 885 554 928 596; x_wconf 85' lang='lat' dir='ltr'><strong>ox</strong></span> <span class='ocrx_word' id='word_1_11' title='bbox 956 532 1037 610; x_wconf 89' lang='lat' dir='ltr'><strong>illis,</strong></span> <span class='ocrx_word' id='word_1_12' title='bbox 1061 533 1093 595; x_wconf 89' lang='lat' dir='ltr'><strong>in</strong></span> <span class='ocrx_word' id='word_1_13' title='bbox 1118 533 1235 618; x_wconf 89' lang='lat' dir='ltr'><strong>quibus</strong></span> <span class='ocrx_word' id='word_1_14' title='bbox 1266 535 1316 599; x_wconf 90' lang='lat' dir='ltr'><strong>ius</strong></span> <span class='ocrx_word' id='word_1_15' title='bbox 1341 534 1489 598; x_wconf 81' lang='lat' dir='ltr'><strong>obtinent</strong></span> <span class='ocrx_word' id='word_1_16' title='bbox 1511 542 1723 620; x_wconf 86' lang='lat' dir='ltr'><strong>patronatus,</strong></span> <span class='ocrx_word' id='word_1_17' title='bbox 1747 556 1822 599; x_wconf 90' lang='lat' dir='ltr'><strong>cum</strong></span> <span class='ocrx_word' id='word_1_18' title='bbox 1846 554 1902 598; x_wconf 86' lang='lat' dir='ltr'><strong>eas</strong></span> 
     </span>
     <span class='ocr_line' id='line_1_3' title="bbox 252 634 1901 721; baseline 0.002 -23"><span class='ocrx_word' id='word_1_19' title='bbox 252 657 369 701; x_wconf 86' lang='lat' dir='ltr'><strong>vacare</strong></span> <span class='ocrx_word' id='word_1_20' title='bbox 394 638 577 721; x_wconf 84' lang='lat' dir='ltr'><strong>contigerit,</strong></span> <span class='ocrx_word' id='word_1_21' title='bbox 602 634 642 699; x_wconf 90' lang='lat' dir='ltr'><strong>ad</strong></span> <span class='ocrx_word' id='word_1_22' title='bbox 666 658 781 700; x_wconf 84' lang='lat' dir='ltr'><strong>manus</strong></span> <span class='ocrx_word' id='word_1_23' title='bbox 798 658 873 700; x_wconf 88' lang='lat' dir='ltr'><strong>suas</strong></span> <span class='ocrx_word' id='word_1_24' title='bbox 888 657 946 721; x_wconf 89' lang='lat' dir='ltr'><strong>per</strong></span> <span class='ocrx_word' id='word_1_25' title='bbox 961 657 1059 699; x_wconf 91' lang='lat' dir='ltr'><strong>unum</strong></span> <span class='ocrx_word' id='word_1_26' title='bbox 1078 658 1200 700; x_wconf 88' lang='lat' dir='ltr'><strong>anuum</strong></span> <span class='ocrx_word' id='word_1_27' title='bbox 1216 636 1386 702; x_wconf 79' lang='lat' dir='ltr'><strong>dumtaxat</strong></span> <span class='ocrx_word' id='word_1_28' title='bbox 1409 639 1549 702; x_wconf 89' lang='lat' dir='ltr'><strong>retinere</strong></span> <span class='ocrx_word' id='word_1_29' title='bbox 1565 639 1699 703; x_wconf 90' lang='lat' dir='ltr'><strong>valeant</strong></span> <span class='ocrx_word' id='word_1_30' title='bbox 1723 646 1758 702; x_wconf 88' lang='lat' dir='ltr'><strong>et</strong></span> <span class='ocrx_word' id='word_1_31' title='bbox 1772 638 1901 702; x_wconf 88' lang='lat' dir='ltr'><strong>illamm</strong></span> 
     </span>
     <span class='ocr_line' id='line_1_4' title="bbox 252 740 1903 824; baseline 0.001 -22"><span class='ocrx_word' id='word_1_32' title='bbox 252 746 429 824; x_wconf 87' lang='lat' dir='ltr'><strong>proventus</strong></span> <span class='ocrx_word' id='word_1_33' title='bbox 465 740 592 824; x_wconf 79' lang='lat' dir='ltr'>integre</span> <span class='ocrx_word' id='word_1_34' title='bbox 625 741 657 803; x_wconf 93' lang='lat' dir='ltr'><strong>iu</strong></span> <span class='ocrx_word' id='word_1_35' title='bbox 691 740 885 804; x_wconf 89' lang='lat' dir='ltr'><strong>solutionem</strong></span> <span class='ocrx_word' id='word_1_36' title='bbox 919 748 1111 805; x_wconf 88' lang='lat' dir='ltr'><strong>convertere</strong></span> <span class='ocrx_word' id='word_1_37' title='bbox 1151 740 1335 805; x_wconf 91' lang='lat' dir='ltr'><strong>huiusmodi</strong></span> <span class='ocrx_word' id='word_1_38' title='bbox 1369 740 1569 821; x_wconf 89' lang='lat' dir='ltr'><strong>debitorum,</strong></span> <span class='ocrx_word' id='word_1_39' title='bbox 1605 743 1732 806; x_wconf 77' lang='lat' dir='ltr'><strong>tribuas</strong></span> <span class='ocrx_word' id='word_1_40' title='bbox 1764 741 1903 807; x_wconf 86' lang='lat' dir='ltr'><strong>liberam</strong></span> 
     </span>
     <span class='ocr_line' id='line_1_5' title="bbox 252 842 1905 930; baseline 0.002 -25"><span class='ocrx_word' id='word_1_41' title='bbox 252 842 458 922; x_wconf 82' lang='lat' dir='ltr'><strong>facultatem,</strong></span> <span class='ocrx_word' id='word_1_42' title='bbox 482 844 529 908; x_wconf 89' lang='lat' dir='ltr'><strong>ita</strong></span> <span class='ocrx_word' id='word_1_43' title='bbox 552 850 662 907; x_wconf 90' lang='lat' dir='ltr'><strong>tamen</strong></span> <span class='ocrx_word' id='word_1_44' title='bbox 686 843 772 928; x_wconf 90' lang='lat' dir='ltr'><strong>quod</strong></span> <span class='ocrx_word' id='word_1_45' title='bbox 795 843 935 908; x_wconf 88' lang='lat' dir='ltr'><strong>ecclesie</strong></span> <span class='ocrx_word' id='word_1_46' title='bbox 968 844 1038 929; x_wconf 84' lang='lat' dir='ltr'><strong>ipse</strong></span> <span class='ocrx_word' id='word_1_47' title='bbox 1070 842 1185 908; x_wconf 90' lang='lat' dir='ltr'><strong>debitis</strong></span> <span class='ocrx_word' id='word_1_48' title='bbox 1214 844 1380 930; x_wconf 89' lang='lat' dir='ltr'><strong>obsequiis</strong></span> <span class='ocrx_word' id='word_1_49' title='bbox 1405 845 1534 909; x_wconf 88' lang='lat' dir='ltr'><strong>interim</strong></span> <span class='ocrx_word' id='word_1_50' title='bbox 1563 866 1627 909; x_wconf 90' lang='lat' dir='ltr'><strong>non</strong></span> <span class='ocrx_word' id='word_1_51' title='bbox 1655 843 1851 909; x_wconf 78' lang='lat' dir='ltr'><strong>fraudentur</strong></span> <span class='ocrx_word' id='word_1_52' title='bbox 1873 855 1905 909; x_wconf 87' lang='lat' dir='ltr'><strong>et</strong></span> 
     </span>
     <span class='ocr_line' id='line_1_6' title="bbox 252 945 1902 1035; baseline 0.002 -27"><span class='ocrx_word' id='word_1_53' title='bbox 252 947 408 1009; x_wconf 82' lang='lat' dir='ltr'><strong>ministris</strong></span> <span class='ocrx_word' id='word_1_54' title='bbox 433 968 545 1011; x_wconf 86' lang='lat' dir='ltr'><strong>earum</strong></span> <span class='ocrx_word' id='word_1_55' title='bbox 567 947 607 1010; x_wconf 95' lang='lat' dir='ltr'><strong>de</strong></span> <span class='ocrx_word' id='word_1_56' title='bbox 631 948 774 1033; x_wconf 86' lang='lat' dir='ltr'><strong>ipsamm</strong></span> <span class='ocrx_word' id='word_1_57' title='bbox 795 945 1009 1033; x_wconf 85' lang='lat' dir='ltr'><strong>proventibus</strong></span> <span class='ocrx_word' id='word_1_58' title='bbox 1033 952 1224 1032; x_wconf 87' lang='lat' dir='ltr'><strong>competens</strong></span> <span class='ocrx_word' id='word_1_59' title='bbox 1248 949 1352 1033; x_wconf 88' lang='lat' dir='ltr'><strong>portio</strong></span> <span class='ocrx_word' id='word_1_60' title='bbox 1370 949 1582 1035; x_wconf 87' lang='lat' dir='ltr'><strong>relinquatur,</strong></span> <span class='ocrx_word' id='word_1_61' title='bbox 1604 947 1645 1012; x_wconf 89' lang='lat' dir='ltr'><strong>de</strong></span> <span class='ocrx_word' id='word_1_62' title='bbox 1668 969 1734 1034; x_wconf 84' lang='lat' dir='ltr'><strong>qua</strong></span> <span class='ocrx_word' id='word_1_63' title='bbox 1756 968 1902 1033; x_wconf 84' lang='lat' dir='ltr'><strong>congrue</strong></span> 
     </span>
     <span class='ocr_line' id='line_1_7' title="bbox 253 1049 593 1115; baseline 0.012 -4"><span class='ocrx_word' id='word_1_64' title='bbox 253 1049 385 1113; x_wconf 90' lang='lat' dir='ltr'><strong>valeant</strong></span> <span class='ocrx_word' id='word_1_65' title='bbox 409 1052 593 1115; x_wconf 89' lang='lat' dir='ltr'><strong>sustentari.</strong></span> 
     </span>
    </p>
   </div>
   <div class='ocr_carea' id='block_1_3' title="bbox 356 1142 1301 1260">
    <p class='ocr_par' dir='ltr' id='par_1_3' title="bbox 356 1142 1301 1260">
     <span class='ocr_line' id='line_1_8' title="bbox 356 1142 1301 1260; baseline 0.003 -24"><span class='ocrx_word' id='word_1_66' title='bbox 356 1170 431 1236; x_wconf 90' lang='lat' dir='ltr'><strong>Dat.</strong></span> <span class='ocrx_word' id='word_1_67' title='bbox 455 1170 618 1260; x_wconf 83' lang='lat' dir='ltr'><strong>Lugduni,</strong></span> <span class='ocrx_word' id='word_1_68' title='bbox 641 1171 676 1235; x_wconf 90' lang='lat' dir='ltr'><strong>II</strong></span> <span class='ocrx_word' id='word_1_69' title='bbox 699 1170 777 1236; x_wconf 89' lang='lat' dir='ltr'><strong>Idus</strong></span> <span class='ocrx_word' id='word_1_70' title='bbox 799 1171 1003 1251; x_wconf 85' lang='lat' dir='ltr'><strong>Decembris,</strong></span> <span class='ocrx_word' id='word_1_71' title='bbox 1027 1192 1113 1236; x_wconf 88' lang='lat' dir='ltr'><strong>anuo</strong></span> <span class='ocrx_word' id='word_1_72' title='bbox 1136 1142 1301 1257; x_wconf 51' lang='lat' dir='ltr'><strong>quincei&amp;</strong></span> 
     </span>
    </p>
   </div>
   <div class='ocr_carea' id='block_1_4' title="bbox 869 1396 1279 1404">
    <p class='ocr_par' dir='ltr' id='par_1_4' title="bbox 869 1396 1279 1404">
     <span class='ocr_line' id='line_1_9' title="bbox 869 1396 1279 1404; baseline 0 0"><span class='ocrx_word' id='word_1_73' title='bbox 869 1396 1279 1404; x_wconf 53' lang='lat' dir='ltr'><strong>mm</strong></span> 
     </span>
    </p>
   </div>
   <div class='ocr_carea' id='block_1_5' title="bbox 1035 1606 1122 1679">
    <p class='ocr_par' dir='ltr' id='par_1_5' title="bbox 1035 1606 1122 1679">
     <span class='ocr_line' id='line_1_10' title="bbox 1035 1606 1122 1679; baseline 0.011 -1"><span class='ocrx_word' id='word_1_74' title='bbox 1035 1606 1122 1679; x_wconf 78' lang='lat'>475.</span> 
     </span>
    </p>
   </div>
   <div class='ocr_carea' id='block_1_6' title="bbox 254 1717 1906 2041">
    <p class='ocr_par' dir='ltr' id='par_1_6' title="bbox 254 1717 1906 2041">
     <span class='ocr_line' id='line_1_11' title="bbox 359 1717 1905 1832; baseline -0.001 -22"><span class='ocrx_word' id='word_1_75' title='bbox 359 1717 577 1810; x_wconf 67' lang='lat' dir='ltr'><strong>Innocentius</strong></span> <span class='ocrx_word' id='word_1_76' title='bbox 600 1747 656 1811; x_wconf 90' lang='lat' dir='ltr'><strong>IV</strong></span> <span class='ocrx_word' id='word_1_77' title='bbox 671 1769 760 1828; x_wconf 66' lang='lat' dir='ltr'><strong>pupae</strong></span> <span class='ocrx_word' id='word_1_78' title='bbox 786 1747 966 1832; x_wconf 68' lang='lat' dir='ltr'><strong>[Sincfride</strong></span> <span class='ocrx_word' id='word_1_79' title='bbox 989 1747 1069 1832; x_wconf 84' lang='lat' dir='ltr'><em>III]</em></span> <span class='ocrx_word' id='word_1_80' title='bbox 1094 1746 1323 1826; x_wconf 73' lang='lat' dir='ltr'><strong>ercle-icpiseope</strong></span> <span class='ocrx_word' id='word_1_81' title='bbox 1349 1745 1543 1828; x_wconf 65' lang='lat' dir='ltr'><strong>Menantino</strong></span> <span class='ocrx_word' id='word_1_82' title='bbox 1567 1752 1739 1826; x_wconf 75' lang='lat' dir='ltr'><strong>proventus</strong></span> <span class='ocrx_word' id='word_1_83' title='bbox 1766 1748 1905 1810; x_wconf 70' lang='lat' dir='ltr'><strong>carinium</strong></span> 
     </span>
     <span class='ocr_line' id='line_1_12' title="bbox 255 1849 1906 1932; baseline 0.001 -20"><span class='ocrx_word' id='word_1_84' title='bbox 255 1849 467 1930; x_wconf 73' lang='lat' dir='ltr'><strong>beneficiorem</strong></span> <span class='ocrx_word' id='word_1_85' title='bbox 499 1851 786 1928; x_wconf 80' lang='lat' dir='ltr'><strong>ecclesiasticorum,</strong></span> <span class='ocrx_word' id='word_1_86' title='bbox 816 1872 895 1931; x_wconf 80' lang='lat' dir='ltr'><strong>qnae</strong></span> <span class='ocrx_word' id='word_1_87' title='bbox 926 1851 960 1914; x_wconf 81' lang='lat' dir='ltr'><strong>in</strong></span> <span class='ocrx_word' id='word_1_88' title='bbox 994 1852 1117 1915; x_wconf 79' lang='lat' dir='ltr'><strong>cio-itote</strong></span> <span class='ocrx_word' id='word_1_89' title='bbox 1147 1854 1176 1914; x_wconf 84' lang='lat' dir='ltr'><strong>et</strong></span> <span class='ocrx_word' id='word_1_90' title='bbox 1207 1850 1320 1914; x_wconf 80' lang='lat' dir='ltr'><strong>diocesi</strong></span> <span class='ocrx_word' id='word_1_91' title='bbox 1351 1870 1411 1913; x_wconf 74' lang='lat' dir='ltr'><strong>senc</strong></span> <span class='ocrx_word' id='word_1_92' title='bbox 1444 1870 1541 1931; x_wconf 75' lang='lat' dir='ltr'><strong>nsqvw</strong></span> <span class='ocrx_word' id='word_1_93' title='bbox 1569 1850 1613 1914; x_wconf 86' lang='lat' dir='ltr'><strong>ud</strong></span> <span class='ocrx_word' id='word_1_94' title='bbox 1639 1852 1778 1932; x_wconf 63' lang='lat' dir='ltr'><strong>quirinae</strong></span> <span class='ocrx_word' id='word_1_95' title='bbox 1804 1872 1906 1914; x_wconf 67' lang='lat' dir='ltr'><strong>annuos</strong></span> 
     </span>
     <span class='ocr_line' id='line_1_13' title="bbox 254 1953 1820 2041; baseline 0.003 -26"><span class='ocrx_word' id='word_1_96' title='bbox 254 1973 365 2016; x_wconf 75' lang='lat' dir='ltr'><strong>centra</strong></span> <span class='ocrx_word' id='word_1_97' title='bbox 387 1955 556 2035; x_wconf 75' lang='lat' dir='ltr'><strong>contiperit,</strong></span> <span class='ocrx_word' id='word_1_98' title='bbox 574 1976 634 2035; x_wconf 80' lang='lat' dir='ltr'><strong>per</strong></span> <span class='ocrx_word' id='word_1_99' title='bbox 657 1955 817 2018; x_wconf 77' lang='lat' dir='ltr'><strong>biennium</strong></span> <span class='ocrx_word' id='word_1_100' title='bbox 839 1954 995 2019; x_wconf 79' lang='lat' dir='ltr'><strong>retinendi</strong></span> <span class='ocrx_word' id='word_1_101' title='bbox 1012 1955 1199 2041; x_wconf 77' lang='lat' dir='ltr'><strong>facultatem</strong></span> <span class='ocrx_word' id='word_1_102' title='bbox 1222 1954 1366 2022; x_wconf 66' lang='lat' dir='ltr'><strong>cnvenit.</strong></span> <span class='ocrx_word' id='word_1_103' title='bbox 1551 1956 1644 2033; x_wconf 69' lang='lat'><strong>1247,</strong></span> <span class='ocrx_word' id='word_1_104' title='bbox 1666 1953 1742 2019; x_wconf 88' lang='lat' dir='ltr'><strong>Dec.</strong></span> <span class='ocrx_word' id='word_1_105' title='bbox 1767 1957 1820 2020; x_wconf 88' lang='grc'><strong>19.</strong></span> 
     </span>
    </p>
   </div>
   <div class='ocr_carea' id='block_1_7' title="bbox 358 2073 976 2230">
    <p class='ocr_par' dir='ltr' id='par_1_7' title="bbox 358 2073 976 2230">
     <span class='ocr_line' id='line_1_14' title="bbox 359 2073 976 2143; baseline 0.005 -17"><span class='ocrx_word' id='word_1_106' title='bbox 359 2074 423 2127; x_wconf 84' lang='lat' dir='ltr'><strong>Inn.</strong></span> <span class='ocrx_word' id='word_1_107' title='bbox 446 2074 464 2126; x_wconf 85' lang='lat' dir='ltr'><strong>l</strong></span> <span class='ocrx_word' id='word_1_108' title='bbox 467 2073 492 2126; x_wconf 90' lang='lat' dir='ltr'><em>V</em></span> <span class='ocrx_word' id='word_1_109' title='bbox 508 2074 571 2142; x_wconf 76' lang='lat' dir='ltr'><strong>Ray.</strong></span> <span class='ocrx_word' id='word_1_110' title='bbox 591 2073 644 2128; x_wconf 85' lang='lat' dir='ltr'><strong>Vei.</strong></span> <span class='ocrx_word' id='word_1_111' title='bbox 665 2075 690 2142; x_wconf 87' lang='grc' dir='ltr'><strong>Ι,</strong></span> <span class='ocrx_word' id='word_1_112' title='bbox 710 2083 775 2142; x_wconf 73' lang='grc'><strong><em>494,·</em></strong></span> <span class='ocrx_word' id='word_1_113' title='bbox 792 2073 850 2129; x_wconf 71' lang='lat' dir='ltr'><strong>Iao.</strong></span> <span class='ocrx_word' id='word_1_114' title='bbox 870 2075 899 2143; x_wconf 88' lang='lat' dir='ltr'><strong>V,</strong></span> <span class='ocrx_word' id='word_1_115' title='bbox 918 2083 976 2131; x_wconf 71' lang='lat'><strong><em>448.</em></strong></span> 
     </span>
     <span class='ocr_line' id='line_1_15' title="bbox 358 2161 545 2230; baseline 0 -16"><span class='ocrx_word' id='word_1_116' title='bbox 358 2161 455 2230; x_wconf 75' lang='lat' dir='ltr'><strong>Berycr</strong></span> <span class='ocrx_word' id='word_1_117' title='bbox 472 2167 545 2216; x_wconf 72' lang='lat'><strong><em>3498.</em></strong></span> 
     </span>
    </p>
   </div>
   <div class='ocr_carea' id='block_1_8' title="bbox 723 2292 1444 2385">
    <p class='ocr_par' dir='ltr' id='par_1_8' title="bbox 723 2292 1444 2385">
     <span class='ocr_line' id='line_1_16' title="bbox 723 2292 1444 2385; baseline 0 -21"><span class='ocrx_word' id='word_1_118' title='bbox 723 2348 731 2364; x_wconf 91' lang='lat'><strong>.</strong></span> <span class='ocrx_word' id='word_1_119' title='bbox 761 2348 769 2364; x_wconf 93' lang='lat'><strong>.</strong></span> <span class='ocrx_word' id='word_1_120' title='bbox 798 2292 1145 2385; x_wconf 86' lang='lat' dir='ltr'><strong>archiepiscopo</strong></span> <span class='ocrx_word' id='word_1_121' title='bbox 1173 2293 1444 2385; x_wconf 77' lang='lat' dir='ltr'><strong>maguntino.</strong></span> 
     </span>
    </p>
   </div>
   <div class='ocr_carea' id='block_1_9' title="bbox 256 2440 1908 3356">
    <p class='ocr_par' dir='ltr' id='par_1_9' title="bbox 256 2440 1908 3356">
     <span class='ocr_line' id='line_1_17' title="bbox 363 2440 1906 2529; baseline -0.001 -23"><span class='ocrx_word' id='word_1_122' title='bbox 363 2441 460 2522; x_wconf 83' lang='lat' dir='ltr'><strong>Cum,</strong></span> <span class='ocrx_word' id='word_1_123' title='bbox 489 2441 573 2505; x_wconf 86' lang='lat' dir='ltr'><strong>siout</strong></span> <span class='ocrx_word' id='word_1_124' title='bbox 600 2449 633 2506; x_wconf 90' lang='lat' dir='ltr'><strong>te</strong></span> <span class='ocrx_word' id='word_1_125' title='bbox 663 2442 849 2527; x_wconf 89' lang='lat' dir='ltr'><strong>accepimus</strong></span> <span class='ocrx_word' id='word_1_126' title='bbox 872 2442 1059 2522; x_wconf 88' lang='lat' dir='ltr'><strong>intimante,</strong></span> <span class='ocrx_word' id='word_1_127' title='bbox 1084 2464 1142 2528; x_wconf 93' lang='lat' dir='ltr'><strong>pro</strong></span> <span class='ocrx_word' id='word_1_128' title='bbox 1172 2442 1313 2507; x_wconf 82' lang='lat' dir='ltr'><strong>ecclesie</strong></span> <span class='ocrx_word' id='word_1_129' title='bbox 1336 2440 1483 2505; x_wconf 85' lang='lat' dir='ltr'><strong>Romane</strong></span> <span class='ocrx_word' id='word_1_130' title='bbox 1513 2443 1652 2527; x_wconf 78' lang='lat' dir='ltr'><strong>negotiis</strong></span> <span class='ocrx_word' id='word_1_131' title='bbox 1674 2441 1906 2529; x_wconf 89' lang='lat' dir='ltr'><strong>promovendis</strong></span> 
     </span>
     <span class='ocr_line' id='line_1_18' title="bbox 256 2546 1907 2634; baseline 0.001 -25"><span class='ocrx_word' id='word_1_132' title='bbox 256 2567 321 2610; x_wconf 91' lang='lat' dir='ltr'><strong>non</strong></span> <span class='ocrx_word' id='word_1_133' title='bbox 353 2546 496 2610; x_wconf 87' lang='lat' dir='ltr'><strong>modicas</strong></span> <span class='ocrx_word' id='word_1_134' title='bbox 526 2568 690 2632; x_wconf 83' lang='lat' dir='ltr'><strong>expensas</strong></span> <span class='ocrx_word' id='word_1_135' title='bbox 718 2547 834 2611; x_wconf 86' lang='lat' dir='ltr'><strong>feceris</strong></span> <span class='ocrx_word' id='word_1_136' title='bbox 865 2555 898 2611; x_wconf 88' lang='lat' dir='ltr'><strong>et</strong></span> <span class='ocrx_word' id='word_1_137' title='bbox 926 2547 1031 2612; x_wconf 89' lang='lat' dir='ltr'><strong>adhue</strong></span> <span class='ocrx_word' id='word_1_138' title='bbox 1055 2555 1087 2612; x_wconf 91' lang='lat' dir='ltr'><strong>tc</strong></span> <span class='ocrx_word' id='word_1_139' title='bbox 1112 2548 1221 2612; x_wconf 89' lang='lat' dir='ltr'><strong>subire</strong></span> <span class='ocrx_word' id='word_1_140' title='bbox 1245 2554 1396 2633; x_wconf 90' lang='lat' dir='ltr'><strong>oporteat</strong></span> <span class='ocrx_word' id='word_1_141' title='bbox 1420 2568 1554 2633; x_wconf 80' lang='lat' dir='ltr'><strong>magnos</strong></span> <span class='ocrx_word' id='word_1_142' title='bbox 1578 2555 1746 2634; x_wconf 79' lang='lat' dir='ltr'><strong>sumptus,</strong></span> <span class='ocrx_word' id='word_1_143' title='bbox 1772 2570 1849 2627; x_wconf 85' lang='lat' dir='ltr'><strong>uos,</strong></span> <span class='ocrx_word' id='word_1_144' title='bbox 1873 2558 1907 2611; x_wconf 89' lang='lat' dir='ltr'><strong>ut</strong></span> 
     </span>
     <span class='ocr_line' id='line_1_19' title="bbox 259 2649 1906 2738; baseline 0.001 -25"><span class='ocrx_word' id='word_1_145' title='bbox 259 2649 376 2713; x_wconf 88' lang='lat' dir='ltr'><strong>eadem</strong></span> <span class='ocrx_word' id='word_1_146' title='bbox 399 2651 531 2735; x_wconf 86' lang='lat' dir='ltr'><strong>negotia</strong></span> <span class='ocrx_word' id='word_1_147' title='bbox 554 2658 610 2714; x_wconf 90' lang='lat' dir='ltr'><strong>tuo</strong></span> <span class='ocrx_word' id='word_1_148' title='bbox 635 2650 743 2714; x_wconf 89' lang='lat' dir='ltr'><strong>studio</strong></span> <span class='ocrx_word' id='word_1_149' title='bbox 767 2650 877 2714; x_wconf 88' lang='lat' dir='ltr'><strong>utilius</strong></span> <span class='ocrx_word' id='word_1_150' title='bbox 900 2651 1085 2736; x_wconf 90' lang='lat' dir='ltr'><strong>promoveri</strong></span> <span class='ocrx_word' id='word_1_151' title='bbox 1107 2652 1256 2726; x_wconf 89' lang='lat' dir='ltr'><strong>valeant,</strong></span> <span class='ocrx_word' id='word_1_152' title='bbox 1280 2650 1338 2713; x_wconf 91' lang='lat' dir='ltr'><strong>tibi</strong></span> <span class='ocrx_word' id='word_1_153' title='bbox 1363 2650 1525 2715; x_wconf 89' lang='lat' dir='ltr'><strong>retinendi</strong></span> <span class='ocrx_word' id='word_1_154' title='bbox 1552 2673 1611 2738; x_wconf 88' lang='lat' dir='ltr'><strong>per</strong></span> <span class='ocrx_word' id='word_1_155' title='bbox 1637 2651 1808 2717; x_wconf 86' lang='lat' dir='ltr'><strong>biennium</strong></span> <span class='ocrx_word' id='word_1_156' title='bbox 1833 2672 1906 2738; x_wconf 89' lang='lat' dir='ltr'><strong>pro·</strong></span> 
     </span>
     <span class='ocr_line' id='line_1_20' title="bbox 257 2753 1908 2829; baseline 0.002 -14"><span class='ocrx_word' id='word_1_157' title='bbox 257 2761 374 2816; x_wconf 88' lang='lat' dir='ltr'><strong>ventus</strong></span> <span class='ocrx_word' id='word_1_158' title='bbox 407 2753 549 2817; x_wconf 90' lang='lat' dir='ltr'><strong>omnium</strong></span> <span class='ocrx_word' id='word_1_159' title='bbox 587 2755 886 2818; x_wconf 85' lang='lat' dir='ltr'><strong>ecclesiasticorum</strong></span> <span class='ocrx_word' id='word_1_160' title='bbox 921 2755 1170 2829; x_wconf 90' lang='lat' dir='ltr'><strong>beneficiorum,</strong></span> <span class='ocrx_word' id='word_1_161' title='bbox 1210 2756 1308 2818; x_wconf 91' lang='lat' dir='ltr'><strong>etiam</strong></span> <span class='ocrx_word' id='word_1_162' title='bbox 1344 2775 1456 2819; x_wconf 86' lang='lat' dir='ltr'><strong>euram</strong></span> <span class='ocrx_word' id='word_1_163' title='bbox 1494 2754 1686 2820; x_wconf 83' lang='lat' dir='ltr'><strong>habentium</strong></span> <span class='ocrx_word' id='word_1_164' title='bbox 1725 2758 1908 2821; x_wconf 86' lang='lat' dir='ltr'><strong>animarum</strong></span> 
     </span>
     <span class='ocr_line' id='line_1_21' title="bbox 258 2856 1907 2944; baseline 0.003 -26"><span class='ocrx_word' id='word_1_165' title='bbox 258 2876 439 2932; x_wconf 83' lang='lat' dir='ltr'><strong>annexam,</strong></span> <span class='ocrx_word' id='word_1_166' title='bbox 468 2877 530 2940; x_wconf 88' lang='lat' dir='ltr'><strong>que</strong></span> <span class='ocrx_word' id='word_1_167' title='bbox 560 2858 593 2921; x_wconf 93' lang='lat' dir='ltr'><strong>in</strong></span> <span class='ocrx_word' id='word_1_168' title='bbox 616 2857 807 2942; x_wconf 86' lang='lat' dir='ltr'><strong>Maguntina</strong></span> <span class='ocrx_word' id='word_1_169' title='bbox 830 2858 961 2922; x_wconf 89' lang='lat' dir='ltr'><strong>civitate</strong></span> <span class='ocrx_word' id='word_1_170' title='bbox 991 2880 1027 2921; x_wconf 87' lang='lat' dir='ltr'><strong>ac</strong></span> <span class='ocrx_word' id='word_1_171' title='bbox 1055 2856 1179 2922; x_wconf 88' lang='lat' dir='ltr'><strong>diocesi</strong></span> <span class='ocrx_word' id='word_1_172' title='bbox 1202 2880 1306 2943; x_wconf 87' lang='lat' dir='ltr'><strong>usque</strong></span> <span class='ocrx_word' id='word_1_173' title='bbox 1330 2859 1371 2921; x_wconf 92' lang='lat' dir='ltr'><strong>ad</strong></span> <span class='ocrx_word' id='word_1_174' title='bbox 1396 2860 1537 2944; x_wconf 90' lang='lat' dir='ltr'><strong>quinque</strong></span> <span class='ocrx_word' id='word_1_175' title='bbox 1562 2879 1663 2924; x_wconf 85' lang='lat' dir='ltr'><strong>annos</strong></span> <span class='ocrx_word' id='word_1_176' title='bbox 1686 2881 1806 2924; x_wconf 87' lang='lat' dir='ltr'><strong>vacare</strong></span> <span class='ocrx_word' id='word_1_177' title='bbox 1830 2881 1907 2924; x_wconf 88' lang='lat' dir='ltr'><strong>cou-</strong></span> 
     </span>
     <span class='ocr_line' id='line_1_22' title="bbox 258 2960 1906 3049; baseline 0.003 -28"><span class='ocrx_word' id='word_1_178' title='bbox 258 2960 383 3043; x_wconf 87' lang='lat' dir='ltr'><strong>tigerit,</strong></span> <span class='ocrx_word' id='word_1_179' title='bbox 408 2968 441 3023; x_wconf 91' lang='lat' dir='ltr'><strong>et</strong></span> <span class='ocrx_word' id='word_1_180' title='bbox 464 2961 721 3026; x_wconf 87' lang='lat' dir='ltr'><strong>contradictores</strong></span> <span class='ocrx_word' id='word_1_181' title='bbox 745 2983 803 3047; x_wconf 87' lang='lat' dir='ltr'><strong>per</strong></span> <span class='ocrx_word' id='word_1_182' title='bbox 827 2982 997 3025; x_wconf 87' lang='lat' dir='ltr'><strong>censuram</strong></span> <span class='ocrx_word' id='word_1_183' title='bbox 1022 2962 1282 3026; x_wconf 86' lang='lat' dir='ltr'><strong>ecclesiasticam</strong></span> <span class='ocrx_word' id='word_1_184' title='bbox 1306 2962 1526 3047; x_wconf 86' lang='lat' dir='ltr'><strong>appellatione</strong></span> <span class='ocrx_word' id='word_1_185' title='bbox 1550 2963 1734 3049; x_wconf 86' lang='lat' dir='ltr'><strong>postposita</strong></span> <span class='ocrx_word' id='word_1_186' title='bbox 1757 2984 1906 3049; x_wconf 90' lang='lat' dir='ltr'><strong>compes·</strong></span> 
     </span>
     <span class='ocr_line' id='line_1_23' title="bbox 261 3062 1908 3150; baseline 0.002 -25"><span class='ocrx_word' id='word_1_187' title='bbox 261 3062 355 3126; x_wconf 92' lang='lat' dir='ltr'><strong>cendi</strong></span> <span class='ocrx_word' id='word_1_188' title='bbox 378 3063 573 3128; x_wconf 86' lang='lat' dir='ltr'><strong>auctoritate</strong></span> <span class='ocrx_word' id='word_1_189' title='bbox 596 3065 796 3149; x_wconf 85' lang='lat' dir='ltr'><strong>presentium</strong></span> <span class='ocrx_word' id='word_1_190' title='bbox 821 3063 1030 3128; x_wconf 87' lang='lat' dir='ltr'><strong>concedimus</strong></span> <span class='ocrx_word' id='word_1_191' title='bbox 1055 3064 1261 3146; x_wconf 86' lang='lat' dir='ltr'><strong>facultatem,</strong></span> <span class='ocrx_word' id='word_1_192' title='bbox 1292 3066 1421 3149; x_wconf 87' lang='lat' dir='ltr'><strong>proviso</strong></span> <span class='ocrx_word' id='word_1_193' title='bbox 1451 3063 1536 3150; x_wconf 89' lang='lat' dir='ltr'><strong>quod</strong></span> <span class='ocrx_word' id='word_1_194' title='bbox 1568 3070 1694 3130; x_wconf 87' lang='lat' dir='ltr'><strong>tantum</strong></span> <span class='ocrx_word' id='word_1_195' title='bbox 1718 3088 1761 3130; x_wconf 84' lang='lat' dir='ltr'><strong>ex</strong></span> <span class='ocrx_word' id='word_1_196' title='bbox 1785 3066 1908 3130; x_wconf 87' lang='lat' dir='ltr'><strong>eisdem</strong></span> 
     </span>
     <span class='ocr_line' id='line_1_24' title="bbox 258 3166 1908 3254; baseline 0.002 -25"><span class='ocrx_word' id='word_1_197' title='bbox 258 3166 471 3251; x_wconf 83' lang='lat' dir='ltr'><strong>proventibus</strong></span> <span class='ocrx_word' id='word_1_198' title='bbox 502 3174 705 3247; x_wconf 85' lang='lat' dir='ltr'><strong>reservetur,</strong></span> <span class='ocrx_word' id='word_1_199' title='bbox 733 3168 819 3253; x_wconf 92' lang='lat' dir='ltr'><strong>quod</strong></span> <span class='ocrx_word' id='word_1_200' title='bbox 846 3169 949 3254; x_wconf 87' lang='lat' dir='ltr'><strong>possit</strong></span> <span class='ocrx_word' id='word_1_201' title='bbox 972 3168 1102 3232; x_wconf 91' lang='lat' dir='ltr'><strong>interim</strong></span> <span class='ocrx_word' id='word_1_202' title='bbox 1125 3169 1157 3231; x_wconf 89' lang='lat' dir='ltr'><strong>in</strong></span> <span class='ocrx_word' id='word_1_203' title='bbox 1182 3170 1347 3249; x_wconf 87' lang='lat' dir='ltr'><strong>ecelesiis,</strong></span> <span class='ocrx_word' id='word_1_204' title='bbox 1371 3169 1404 3232; x_wconf 91' lang='lat' dir='ltr'><strong>iu</strong></span> <span class='ocrx_word' id='word_1_205' title='bbox 1432 3168 1548 3253; x_wconf 91' lang='lat' dir='ltr'><strong>quibus</strong></span> <span class='ocrx_word' id='word_1_206' title='bbox 1577 3169 1768 3233; x_wconf 88' lang='lat' dir='ltr'><strong>obtinentur</strong></span> <span class='ocrx_word' id='word_1_207' title='bbox 1795 3169 1908 3233; x_wconf 91' lang='lat' dir='ltr'><strong>huius-</strong></span> 
     </span>
     <span class='ocr_line' id='line_1_25' title="bbox 258 3270 1322 3356; baseline 0.003 -23"><span class='ocrx_word' id='word_1_208' title='bbox 258 3270 343 3334; x_wconf 91' lang='lat' dir='ltr'><strong>modi</strong></span> <span class='ocrx_word' id='word_1_209' title='bbox 366 3270 536 3350; x_wconf 87' lang='lat' dir='ltr'><strong>beneficia,</strong></span> <span class='ocrx_word' id='word_1_210' title='bbox 558 3291 617 3356; x_wconf 89' lang='lat' dir='ltr'><strong>per</strong></span> <span class='ocrx_word' id='word_1_211' title='bbox 639 3273 778 3336; x_wconf 86' lang='lat' dir='ltr'><strong>vicarios</strong></span> <span class='ocrx_word' id='word_1_212' title='bbox 801 3271 938 3336; x_wconf 87' lang='lat' dir='ltr'><strong>idoneos</strong></span> <span class='ocrx_word' id='word_1_213' title='bbox 963 3271 1129 3335; x_wconf 87' lang='lat' dir='ltr'><strong>commode</strong></span> <span class='ocrx_word' id='word_1_214' title='bbox 1153 3272 1322 3336; x_wconf 87' lang='lat' dir='ltr'><strong>deserviri.</strong></span> 
     </span>
    </p>
   </div>
   <div class='ocr_carea' id='block_1_10' title="bbox 364 3390 1208 3478">
    <p class='ocr_par' dir='ltr' id='par_1_10' title="bbox 364 3390 1208 3478">
     <span class='ocr_line' id='line_1_26' title="bbox 364 3390 1208 3478; baseline 0.005 -23"><span class='ocrx_word' id='word_1_215' title='bbox 364 3390 441 3460; x_wconf 89' lang='lat' dir='ltr'><strong>Dat.</strong></span> <span class='ocrx_word' id='word_1_216' title='bbox 465 3391 628 3478; x_wconf 86' lang='lat' dir='ltr'><strong>Lugduni,</strong></span> <span class='ocrx_word' id='word_1_217' title='bbox 651 3392 756 3457; x_wconf 83' lang='lat' dir='ltr'>XIIII</span> <span class='ocrx_word' id='word_1_218' title='bbox 778 3392 853 3457; x_wconf 90' lang='lat' dir='ltr'><strong>Kal.</strong></span> <span class='ocrx_word' id='word_1_219' title='bbox 878 3393 1007 3459; x_wconf 82' lang='lat' dir='ltr'><strong>ianuar.</strong></span> <span class='ocrx_word' id='word_1_220' title='bbox 1032 3415 1117 3458; x_wconf 90' lang='lat' dir='ltr'><strong>anno</strong></span> <span class='ocrx_word' id='word_1_221' title='bbox 1133 3393 1208 3460; x_wconf 82' lang='lat' dir='ltr'>V⁰⁸.</span> 
     </span>
    </p>
   </div>
   <div class='ocr_carea' id='block_1_11' title="bbox 928 3620 1290 3628">
    <p class='ocr_par' dir='ltr' id='par_1_11' title="bbox 928 3620 1290 3628">
     <span class='ocr_line' id='line_1_27' title="bbox 928 3620 1290 3628; baseline 0.008 -3"><span class='ocrx_word' id='word_1_222' title='bbox 928 3620 939 3625; x_wconf 84' lang='lat'>-</span> <span class='ocrx_word' id='word_1_223' title='bbox 957 3620 1228 3627; x_wconf 80' lang='lat'><em>——--———-—</em></span> <span class='ocrx_word' id='word_1_224' title='bbox 1251 3622 1290 3628; x_wconf 83' lang='lat'><strong>—-.</strong></span> 
     </span>
    </p>
   </div>
   <div class='ocr_carea' id='block_1_12' title="bbox 1039 3830 1126 3901">
    <p class='ocr_par' dir='ltr' id='par_1_12' title="bbox 1039 3830 1126 3901">
     <span class='ocr_line' id='line_1_28' title="bbox 1039 3830 1126 3901; baseline -0.023 0"><span class='ocrx_word' id='word_1_225' title='bbox 1039 3830 1126 3901; x_wconf 82' lang='lat'><strong>476.</strong></span> 
     </span>
    </p>
   </div>
   <div class='ocr_carea' id='block_1_13' title="bbox 262 3937 1929 4363">
    <p class='ocr_par' dir='ltr' id='par_1_13' title="bbox 262 3937 1929 4363">
     <span class='ocr_line' id='line_1_29' title="bbox 366 3937 1929 4053; baseline 0.004 -23"><span class='ocrx_word' id='word_1_226' title='bbox 366 3937 584 4030; x_wconf 77' lang='lat' dir='ltr'><strong>Innocentius</strong></span> <span class='ocrx_word' id='word_1_227' title='bbox 606 3966 662 4030; x_wconf 87' lang='lat' dir='ltr'><strong>IV</strong></span> <span class='ocrx_word' id='word_1_228' title='bbox 677 3988 766 4047; x_wconf 78' lang='lat' dir='ltr'><strong>pape</strong></span> <span class='ocrx_word' id='word_1_229' title='bbox 795 3968 910 4033; x_wconf 72' lang='lat' dir='ltr'><strong>decem</strong></span> <span class='ocrx_word' id='word_1_230' title='bbox 940 3973 969 4031; x_wconf 85' lang='lat' dir='ltr'><strong>ct</strong></span> <span class='ocrx_word' id='word_1_231' title='bbox 994 3970 1132 4050; x_wconf 80' lang='lat' dir='ltr'><strong>capitulo</strong></span> <span class='ocrx_word' id='word_1_232' title='bbox 1155 3969 1266 4032; x_wconf 81' lang='lat' dir='ltr'><strong>Sancti</strong></span> <span class='ocrx_word' id='word_1_233' title='bbox 1288 3968 1414 4033; x_wconf 86' lang='lat' dir='ltr'><strong>Nicolni</strong></span> <span class='ocrx_word' id='word_1_234' title='bbox 1437 3969 1718 4053; x_wconf 70' lang='lat' dir='ltr'><strong>Mopdcbnrpcnsis</strong></span> <span class='ocrx_word' id='word_1_235' title='bbox 1743 3973 1789 4036; x_wconf 87' lang='lat' dir='ltr'><strong>ed</strong></span> <span class='ocrx_word' id='word_1_236' title='bbox 1805 3991 1929 4052; x_wconf 57' lang='lat' dir='ltr'><strong>preces</strong></span> 
     </span>
     <span class='ocr_line' id='line_1_30' title="bbox 262 4068 1929 4159; baseline 0.003 -25"><span class='ocrx_word' id='word_1_237' title='bbox 262 4070 431 4155; x_wconf 76' lang='lat' dir='ltr'><strong>H[ennici]</strong></span> <span class='ocrx_word' id='word_1_238' title='bbox 454 4070 491 4133; x_wconf 78' lang='lat' dir='ltr'><strong>dc</strong></span> <span class='ocrx_word' id='word_1_239' title='bbox 516 4068 692 4135; x_wconf 83' lang='lat' dir='ltr'><strong>Oldcnbnrc</strong></span> <span class='ocrx_word' id='word_1_240' title='bbox 714 4076 743 4135; x_wconf 87' lang='lat' dir='ltr'><strong>ct</strong></span> <span class='ocrx_word' id='word_1_241' title='bbox 764 4070 934 4158; x_wconf 58' lang='lat' dir='ltr'><strong>Mennim]</strong></span> <span class='ocrx_word' id='word_1_242' title='bbox 956 4074 1109 4138; x_wconf 80' lang='lat' dir='ltr'><strong>Ascariuc</strong></span> <span class='ocrx_word' id='word_1_243' title='bbox 1137 4075 1280 4137; x_wconf 70' lang='lat' dir='ltr'><strong>concitam</strong></span> <span class='ocrx_word' id='word_1_244' title='bbox 1308 4077 1337 4136; x_wconf 83' lang='lat' dir='ltr'><strong>ct</strong></span> <span class='ocrx_word' id='word_1_245' title='bbox 1361 4074 1559 4159; x_wconf 72' lang='lat' dir='ltr'><strong>Blnrcardc]</strong></span> <span class='ocrx_word' id='word_1_246' title='bbox 1581 4075 1761 4157; x_wconf 76' lang='lat' dir='ltr'><strong>bnrcprnoii</strong></span> <span class='ocrx_word' id='word_1_247' title='bbox 1783 4076 1929 4159; x_wconf 58' lang='grc' dir='ltr'><em>Μαράθ-</em></span> 
     </span>
     <span class='ocr_line' id='line_1_31' title="bbox 264 4173 1929 4258; baseline 0.002 -19"><span class='ocrx_word' id='word_1_248' title='bbox 264 4175 435 4256; x_wconf 79' lang='lat' dir='ltr'><strong>bnryensis,</strong></span> <span class='ocrx_word' id='word_1_249' title='bbox 458 4173 635 4238; x_wconf 79' lang='lat' dir='ltr'><strong>devotorum</strong></span> <span class='ocrx_word' id='word_1_250' title='bbox 657 4176 808 4253; x_wconf 79' lang='lat' dir='ltr'><strong>ecclcsiae,</strong></span> <span class='ocrx_word' id='word_1_251' title='bbox 832 4176 976 4254; x_wconf 80' lang='lat' dir='ltr'><strong>mundat,</strong></span> <span class='ocrx_word' id='word_1_252' title='bbox 1008 4181 1042 4240; x_wconf 84' lang='lat' dir='ltr'><strong>nt</strong></span> <span class='ocrx_word' id='word_1_253' title='bbox 1064 4178 1245 4242; x_wconf 82' lang='lat' dir='ltr'><strong>Arnoidnnv</strong></span> <span class='ocrx_word' id='word_1_254' title='bbox 1267 4177 1410 4240; x_wconf 84' lang='lat' dir='ltr'><strong>clericum</strong></span> <span class='ocrx_word' id='word_1_255' title='bbox 1434 4178 1471 4240; x_wconf 84' lang='lat' dir='ltr'><strong>dc</strong></span> <span class='ocrx_word' id='word_1_256' title='bbox 1493 4177 1699 4258; x_wconf 75' lang='lat' dir='ltr'><strong>Mepdeburc,</strong></span> <span class='ocrx_word' id='word_1_257' title='bbox 1722 4179 1752 4242; x_wconf 82' lang='lat' dir='ltr'><strong>si</strong></span> <span class='ocrx_word' id='word_1_258' title='bbox 1774 4180 1929 4243; x_wconf 63' lang='lat' dir='ltr'><strong>mndata</strong></span> 
     </span>
     <span class='ocr_line' id='line_1_32' title="bbox 263 4278 1830 4363; baseline 0.003 -22"><span class='ocrx_word' id='word_1_259' title='bbox 263 4278 343 4344; x_wconf 82' lang='lat' dir='ltr'><strong>alibi</strong></span> <span class='ocrx_word' id='word_1_260' title='bbox 359 4298 423 4358; x_wconf 77' lang='lat' dir='ltr'><strong>pro</strong></span> <span class='ocrx_word' id='word_1_261' title='bbox 444 4299 479 4342; x_wconf 87' lang='lat' dir='ltr'><strong>eo</strong></span> <span class='ocrx_word' id='word_1_262' title='bbox 501 4280 651 4359; x_wconf 61' lang='lat' dir='ltr'><strong>saeptam</strong></span> <span class='ocrx_word' id='word_1_263' title='bbox 669 4279 781 4362; x_wconf 81' lang='lat' dir='ltr'><strong>fuerit,</strong></span> <span class='ocrx_word' id='word_1_264' title='bbox 806 4280 839 4342; x_wconf 83' lang='lat' dir='ltr'><strong>in</strong></span> <span class='ocrx_word' id='word_1_265' title='bbox 857 4280 994 4363; x_wconf 78' lang='lat' dir='ltr'><strong>fratrem</strong></span> <span class='ocrx_word' id='word_1_266' title='bbox 1016 4285 1045 4343; x_wconf 87' lang='lat' dir='ltr'><strong>ct</strong></span> <span class='ocrx_word' id='word_1_267' title='bbox 1066 4283 1251 4346; x_wconf 82' lang='lat' dir='ltr'><strong>canonicum</strong></span> <span class='ocrx_word' id='word_1_268' title='bbox 1273 4281 1453 4344; x_wconf 84' lang='lat' dir='ltr'><strong>admittant.</strong></span> <span class='ocrx_word' id='word_1_269' title='bbox 1558 4284 1651 4358; x_wconf 79' lang='lat'><strong>1247,</strong></span> <span class='ocrx_word' id='word_1_270' title='bbox 1673 4279 1749 4346; x_wconf 86' lang='lat' dir='ltr'><strong>Dec.</strong></span> <span class='ocrx_word' id='word_1_271' title='bbox 1774 4286 1830 4346; x_wconf 84' lang='lat'><strong>20.</strong></span> 
     </span>
    </p>
   </div>
   <div class='ocr_carea' id='block_1_14' title="bbox 366 4397 1795 4553">
    <p class='ocr_par' dir='ltr' id='par_1_14' title="bbox 366 4397 1795 4553">
     <span class='ocr_line' id='line_1_33' title="bbox 367 4397 1795 4468; baseline 0.002 -16"><span class='ocrx_word' id='word_1_272' title='bbox 367 4399 430 4452; x_wconf 78' lang='lat' dir='ltr'><strong>lan.</strong></span> <span class='ocrx_word' id='word_1_273' title='bbox 449 4398 470 4450; x_wconf 87' lang='lat'><em>1</em></span> <span class='ocrx_word' id='word_1_274' title='bbox 473 4398 499 4451; x_wconf 89' lang='lat' dir='ltr'><em>V</em></span> <span class='ocrx_word' id='word_1_275' title='bbox 508 4399 571 4467; x_wconf 73' lang='lat' dir='ltr'><strong>Ray.</strong></span> <span class='ocrx_word' id='word_1_276' title='bbox 591 4398 645 4453; x_wconf 88' lang='lat' dir='ltr'><strong>Vol.</strong></span> <span class='ocrx_word' id='word_1_277' title='bbox 667 4399 690 4467; x_wconf 92' lang='lat' dir='ltr'><strong>I,</strong></span> <span class='ocrx_word' id='word_1_278' title='bbox 709 4407 774 4465; x_wconf 70' lang='lat'><strong>4943</strong></span> <span class='ocrx_word' id='word_1_279' title='bbox 792 4397 852 4452; x_wconf 73' lang='lat' dir='ltr'><strong>tio.</strong></span> <span class='ocrx_word' id='word_1_280' title='bbox 873 4399 901 4466; x_wconf 86' lang='lat' dir='ltr'><strong>V,</strong></span> <span class='ocrx_word' id='word_1_281' title='bbox 915 4408 972 4453; x_wconf 68' lang='lat'><strong>449.</strong></span> <span class='ocrx_word' id='word_1_282' title='bbox 1010 4399 1159 4467; x_wconf 64' lang='lat' dir='ltr'><strong>Epictetum</strong></span> <span class='ocrx_word' id='word_1_283' title='bbox 1176 4415 1208 4454; x_wconf 66' lang='lat' dir='ltr'><strong>aa</strong></span> <span class='ocrx_word' id='word_1_284' title='bbox 1227 4399 1345 4468; x_wconf 65' lang='lat' dir='ltr'><strong>lieentia</strong></span> <span class='ocrx_word' id='word_1_285' title='bbox 1363 4398 1499 4467; x_wconf 59' lang='lat' dir='ltr'><strong>demun</strong></span> <span class='ocrx_word' id='word_1_286' title='bbox 1516 4399 1545 4452; x_wconf 89' lang='lat' dir='ltr'><strong>V.</strong></span> <span class='ocrx_word' id='word_1_287' title='bbox 1560 4398 1599 4453; x_wconf 81' lang='lat'><strong>01.</strong></span> <span class='ocrx_word' id='word_1_288' title='bbox 1613 4398 1643 4452; x_wconf 88' lang='lat'><strong>0.</strong></span> <span class='ocrx_word' id='word_1_289' title='bbox 1653 4398 1686 4452; x_wconf 78' lang='lat' dir='ltr'><strong>de</strong></span> <span class='ocrx_word' id='word_1_290' title='bbox 1698 4398 1795 4455; x_wconf 66' lang='lat' dir='ltr'><strong>r’aua</strong></span> 
     </span>
     <span class='ocr_line' id='line_1_34' title="bbox 366 4485 554 4553; baseline 0 -15"><span class='ocrx_word' id='word_1_291' title='bbox 366 4485 464 4553; x_wconf 71' lang='lat' dir='ltr'><strong>Berper</strong></span> <span class='ocrx_word' id='word_1_292' title='bbox 481 4492 554 4540; x_wconf 73' lang='grc'><strong>3499.</strong></span> 
     </span>
    </p>
   </div>
   <div class='ocr_carea' id='block_1_15' title="bbox 382 4661 1811 4758">
    <p class='ocr_par' dir='ltr' id='par_1_15' title="bbox 382 4661 1811 4758">
     <span class='ocr_line' id='line_1_35' title="bbox 382 4661 1811 4758; baseline 0.002 -22"><span class='ocrx_word' id='word_1_293' title='bbox 382 4721 389 4736; x_wconf 95' lang='grc'><strong>.</strong></span> <span class='ocrx_word' id='word_1_294' title='bbox 419 4720 427 4736; x_wconf 93' lang='grc'><strong>.</strong></span> <span class='ocrx_word' id='word_1_295' title='bbox 456 4664 635 4738; x_wconf 85' lang='lat' dir='ltr'><strong>decano</strong></span> <span class='ocrx_word' id='word_1_296' title='bbox 663 4670 706 4737; x_wconf 82' lang='lat' dir='ltr'><strong>el</strong></span> <span class='ocrx_word' id='word_1_297' title='bbox 735 4663 948 4755; x_wconf 86' lang='lat' dir='ltr'><strong>capitulo</strong></span> <span class='ocrx_word' id='word_1_298' title='bbox 976 4663 1143 4737; x_wconf 86' lang='lat' dir='ltr'><strong>Sancti</strong></span> <span class='ocrx_word' id='word_1_299' title='bbox 1169 4661 1354 4738; x_wconf 87' lang='lat' dir='ltr'><strong>Nicolai</strong></span> <span class='ocrx_word' id='word_1_300' title='bbox 1381 4666 1811 4758; x_wconf 82' lang='lat' dir='ltr'><strong>Magdeburgensis.</strong></span> 
     </span>
    </p>
   </div>
   <div class='ocr_carea' id='block_1_16' title="bbox 267 4812 1929 5001">
    <p class='ocr_par' dir='ltr' id='par_1_16' title="bbox 267 4812 1929 5001">
     <span class='ocr_line' id='line_1_36' title="bbox 367 4812 1920 4898; baseline 0.003 -21"><span class='ocrx_word' id='word_1_301' title='bbox 367 4812 463 4898; x_wconf 86' lang='lat' dir='ltr'><strong>Apud</strong></span> <span class='ocrx_word' id='word_1_302' title='bbox 488 4812 599 4877; x_wconf 87' lang='lat' dir='ltr'><strong>sedem</strong></span> <span class='ocrx_word' id='word_1_303' title='bbox 623 4813 836 4898; x_wconf 85' lang='lat' dir='ltr'><strong>apostolicam</strong></span> <span class='ocrx_word' id='word_1_304' title='bbox 861 4813 972 4877; x_wconf 87' lang='lat' dir='ltr'><strong>dilecti</strong></span> <span class='ocrx_word' id='word_1_305' title='bbox 995 4813 1052 4876; x_wconf 92' lang='lat' dir='ltr'><strong>filii</strong></span> <span class='ocrx_word' id='word_1_306' title='bbox 1076 4813 1203 4877; x_wconf 91' lang='lat' dir='ltr'><strong>nobiles</strong></span> <span class='ocrx_word' id='word_1_307' title='bbox 1226 4814 1287 4877; x_wconf 92' lang='lat' dir='ltr'><strong>viri</strong></span> <span class='ocrx_word' id='word_1_308' title='bbox 1315 4813 1357 4878; x_wconf 91' lang='lat' dir='ltr'><strong>H.</strong></span> <span class='ocrx_word' id='word_1_309' title='bbox 1387 4814 1428 4879; x_wconf 93' lang='lat' dir='ltr'><strong>de</strong></span> <span class='ocrx_word' id='word_1_310' title='bbox 1452 4812 1701 4878; x_wconf 68' lang='lat' dir='ltr'><strong>Obdriborchl²</strong></span> <span class='ocrx_word' id='word_1_311' title='bbox 1725 4822 1760 4878; x_wconf 90' lang='lat' dir='ltr'><strong>et</strong></span> <span class='ocrx_word' id='word_1_312' title='bbox 1783 4815 1829 4882; x_wconf 89' lang='lat' dir='ltr'><strong>H.</strong></span> <span class='ocrx_word' id='word_1_313' title='bbox 1854 4817 1920 4881; x_wconf 81' lang='lat' dir='ltr'><strong>Aa·</strong></span> 
     </span>
     <span class='ocr_line' id='line_1_37' title="bbox 267 4915 1929 5001; baseline 0.002 -19"><span class='ocrx_word' id='word_1_314' title='bbox 267 4920 353 4984; x_wconf 88' lang='lat' dir='ltr'><strong>carie</strong></span> <span class='ocrx_word' id='word_1_315' title='bbox 376 4919 513 4981; x_wconf 87' lang='lat' dir='ltr'><strong>comites</strong></span> <span class='ocrx_word' id='word_1_316' title='bbox 543 4923 577 4980; x_wconf 89' lang='lat' dir='ltr'><strong>et</strong></span> <span class='ocrx_word' id='word_1_317' title='bbox 599 4915 638 4980; x_wconf 88' lang='lat' dir='ltr'><strong>B.</strong></span> <span class='ocrx_word' id='word_1_318' title='bbox 661 4916 893 4981; x_wconf 77' lang='lat' dir='ltr'><strong>burehervius⁰</strong></span> <span class='ocrx_word' id='word_1_319' title='bbox 915 4916 1211 5001; x_wconf 84' lang='lat' dir='ltr'><strong>Magdeburgensis</strong></span> <span class='ocrx_word' id='word_1_320' title='bbox 1241 4937 1300 5001; x_wconf 87' lang='lat' dir='ltr'><strong>per</strong></span> <span class='ocrx_word' id='word_1_321' title='bbox 1330 4937 1388 4981; x_wconf 89' lang='lat' dir='ltr'><strong>suc</strong></span> <span class='ocrx_word' id='word_1_322' title='bbox 1419 4916 1603 4982; x_wconf 89' lang='lat' dir='ltr'><strong>devotionis</strong></span> <span class='ocrx_word' id='word_1_323' title='bbox 1631 4925 1665 4982; x_wconf 91' lang='lat' dir='ltr'><strong>et</strong></span> <span class='ocrx_word' id='word_1_324' title='bbox 1693 4917 1773 4984; x_wconf 87' lang='lat' dir='ltr'><strong>fidei</strong></span> <span class='ocrx_word' id='word_1_325' title='bbox 1800 4920 1929 4984; x_wconf 82' lang='lat' dir='ltr'><strong>merita.</strong></span> 
     </span>
    </p>
   </div>
   <div class='ocr_carea' id='block_1_17' title="bbox 370 5156 1929 5247">
    <p class='ocr_par' dir='ltr' id='par_1_17' title="bbox 370 5156 1929 5247">
     <span class='ocr_line' id='line_1_38' title="bbox 370 5156 1929 5247; baseline 0.001 -17"><span class='ocrx_word' id='word_1_326' title='bbox 370 5182 394 5243; x_wconf 78' lang='lat'><strong>⁸)</strong></span> <span class='ocrx_word' id='word_1_327' title='bbox 412 5181 470 5231; x_wconf 85' lang='lat' dir='ltr'><strong>Dat.</strong></span> <span class='ocrx_word' id='word_1_328' title='bbox 490 5186 614 5246; x_wconf 83' lang='lat' dir='ltr'><strong>utsupra</strong></span> <span class='ocrx_word' id='word_1_329' title='bbox 631 5179 665 5231; x_wconf 84' lang='lat' dir='ltr'><strong>R.</strong></span> <span class='ocrx_word' id='word_1_330' title='bbox 774 5177 799 5242; x_wconf 51' lang='grc' dir='ltr'><strong>ι2)</strong></span> <span class='ocrx_word' id='word_1_331' title='bbox 818 5177 970 5229; x_wconf 90' lang='lat' dir='ltr'><strong>Oldriboroh</strong></span> <span class='ocrx_word' id='word_1_332' title='bbox 988 5177 1021 5227; x_wconf 88' lang='lat' dir='ltr'><strong>B.</strong></span> <span class='ocrx_word' id='word_1_333' title='bbox 1132 5178 1154 5241; x_wconf 79' lang='grc' dir='ltr'><strong>ο)</strong></span> <span class='ocrx_word' id='word_1_334' title='bbox 1176 5156 1317 5227; x_wconf 80' lang='lat' dir='ltr'><strong>burclivius</strong></span> <span class='ocrx_word' id='word_1_335' title='bbox 1335 5176 1382 5237; x_wconf 85' lang='lat' dir='ltr'><strong>B.,·</strong></span> <span class='ocrx_word' id='word_1_336' title='bbox 1404 5177 1450 5243; x_wconf 71' lang='lat' dir='ltr'><strong>leq.</strong></span> <span class='ocrx_word' id='word_1_337' title='bbox 1469 5177 1640 5229; x_wconf 79' lang='lat' dir='ltr'><strong>humbrarius</strong></span> <span class='ocrx_word' id='word_1_338' title='bbox 1661 5178 1677 5228; x_wconf 85' lang='lat' dir='ltr'><strong>i.</strong></span> <span class='ocrx_word' id='word_1_339' title='bbox 1696 5195 1717 5229; x_wconf 75' lang='lat' dir='ltr'><strong>a.</strong></span> <span class='ocrx_word' id='word_1_340' title='bbox 1736 5178 1929 5247; x_wconf 71' lang='lat' dir='ltr'><strong>burcgravius.</strong></span> 
     </span>
    </p>
   </div>
   <div class='ocr_carea' id='block_1_18' title="bbox 264 5293 1929 5713">
    <p class='ocr_par' dir='ltr' id='par_1_18' title="bbox 264 5293 1929 5713">
     <span class='ocr_line' id='line_1_39' title="bbox 372 5293 1929 5366; baseline 0.001 -16"><span class='ocrx_word' id='word_1_341' title='bbox 372 5299 397 5365; x_wconf 84' lang='lat' dir='ltr'><strong>l)</strong></span> <span class='ocrx_word' id='word_1_342' title='bbox 418 5296 499 5366; x_wconf 83' lang='lat' dir='ltr'><strong>Papa</strong></span> <span class='ocrx_word' id='word_1_343' title='bbox 510 5296 604 5351; x_wconf 68' lang='lat' dir='ltr'><strong>dadan</strong></span> <span class='ocrx_word' id='word_1_344' title='bbox 616 5295 706 5349; x_wconf 82' lang='lat' dir='ltr'><strong>abbati</strong></span> <span class='ocrx_word' id='word_1_345' title='bbox 723 5301 746 5350; x_wconf 82' lang='lat' dir='ltr'><strong>et</strong></span> <span class='ocrx_word' id='word_1_346' title='bbox 762 5296 905 5350; x_wconf 77' lang='lat' dir='ltr'><strong>concentui</strong></span> <span class='ocrx_word' id='word_1_347' title='bbox 921 5296 970 5350; x_wconf 72' lang='lat' dir='ltr'><strong>aab</strong></span> <span class='ocrx_word' id='word_1_348' title='bbox 982 5295 1069 5364; x_wconf 79' lang='lat' dir='ltr'><strong>April.</strong></span> <span class='ocrx_word' id='word_1_349' title='bbox 1083 5304 1115 5349; x_wconf 86' lang='grc'><strong>22</strong></span> <span class='ocrx_word' id='word_1_350' title='bbox 1132 5295 1277 5362; x_wconf 73' lang='lat' dir='ltr'><strong>mandarit,</strong></span> <span class='ocrx_word' id='word_1_351' title='bbox 1295 5300 1327 5347; x_wconf 84' lang='lat' dir='ltr'><strong>nt</strong></span> <span class='ocrx_word' id='word_1_352' title='bbox 1339 5293 1496 5348; x_wconf 77' lang='lat' dir='ltr'><strong>Eccrlmrdo</strong></span> <span class='ocrx_word' id='word_1_353' title='bbox 1507 5294 1538 5347; x_wconf 83' lang='lat' dir='ltr'><strong>dc</strong></span> <span class='ocrx_word' id='word_1_354' title='bbox 1549 5294 1639 5348; x_wconf 80' lang='lat' dir='ltr'><strong>Herbe</strong></span> <span class='ocrx_word' id='word_1_355' title='bbox 1652 5294 1753 5364; x_wconf 80' lang='lat' dir='ltr'><strong>clerieo,</strong></span> <span class='ocrx_word' id='word_1_356' title='bbox 1765 5296 1818 5351; x_wconf 73' lang='lat' dir='ltr'><strong>aab</strong></span> <span class='ocrx_word' id='word_1_357' title='bbox 1828 5296 1929 5352; x_wconf 72' lang='lat' dir='ltr'><strong>eodm</strong></span> 
     </span>
     <span class='ocr_line' id='line_1_40' title="bbox 265 5379 1929 5452; baseline -0.002 -14"><span class='ocrx_word' id='word_1_358' title='bbox 265 5384 328 5438; x_wconf 87' lang='lat' dir='ltr'><strong>Dec.</strong></span> <span class='ocrx_word' id='word_1_359' title='bbox 350 5391 379 5437; x_wconf 85' lang='lat'><strong>12</strong></span> <span class='ocrx_word' id='word_1_360' title='bbox 400 5383 436 5436; x_wconf 85' lang='lat' dir='ltr'><strong>ad</strong></span> <span class='ocrx_word' id='word_1_361' title='bbox 455 5399 545 5451; x_wconf 81' lang='lat' dir='ltr'><strong>preces</strong></span> <span class='ocrx_word' id='word_1_362' title='bbox 571 5400 635 5437; x_wconf 75' lang='lat' dir='ltr'><strong>neas</strong></span> <span class='ocrx_word' id='word_1_363' title='bbox 658 5389 681 5437; x_wconf 81' lang='lat' dir='ltr'><strong>et</strong></span> <span class='ocrx_word' id='word_1_364' title='bbox 706 5383 819 5451; x_wconf 72' lang='lat' dir='ltr'><strong>qrbcopi</strong></span> <span class='ocrx_word' id='word_1_365' title='bbox 845 5383 1070 5437; x_wconf 74' lang='lat' dir='ltr'><strong>etrenr&#39;rersitutis</strong></span> <span class='ocrx_word' id='word_1_366' title='bbox 1089 5382 1336 5452; x_wconf 74' lang='lat' dir='ltr'><strong>Arpentinensinnr,</strong></span> <span class='ocrx_word' id='word_1_367' title='bbox 1355 5386 1386 5433; x_wconf 86' lang='lat' dir='ltr'><strong>ut</strong></span> <span class='ocrx_word' id='word_1_368' title='bbox 1406 5379 1558 5434; x_wconf 77' lang='lat' dir='ltr'><strong>Reinsbeldo</strong></span> <span class='ocrx_word' id='word_1_369' title='bbox 1573 5381 1677 5448; x_wconf 81' lang='lat' dir='ltr'><strong>clerice,</strong></span> <span class='ocrx_word' id='word_1_370' title='bbox 1693 5382 1751 5448; x_wconf 72' lang='lat' dir='ltr'><strong>filio</strong></span> <span class='ocrx_word' id='word_1_371' title='bbox 1770 5380 1929 5439; x_wconf 71' lang='lat' dir='ltr'><strong>Reinboffi</strong></span> 
     </span>
     <span class='ocr_line' id='line_1_41' title="bbox 264 5465 1929 5538; baseline -0.001 -14"><span class='ocrx_word' id='word_1_372' title='bbox 264 5470 364 5524; x_wconf 68' lang='lat' dir='ltr'><strong>eueni</strong></span> <span class='ocrx_word' id='word_1_373' title='bbox 391 5469 423 5524; x_wconf 82' lang='lat' dir='ltr'><strong>de</strong></span> <span class='ocrx_word' id='word_1_374' title='bbox 452 5468 636 5538; x_wconf 69' lang='lat' dir='ltr'><strong>Gcnqnsbrveb,</strong></span> <span class='ocrx_word' id='word_1_375' title='bbox 662 5470 711 5537; x_wconf 76' lang='lat' dir='ltr'><strong>qui</strong></span> <span class='ocrx_word' id='word_1_376' title='bbox 743 5469 893 5524; x_wconf 70' lang='lat' dir='ltr'><strong>dotalitium</strong></span> <span class='ocrx_word' id='word_1_377' title='bbox 927 5469 1060 5523; x_wconf 61' lang='lat' dir='ltr'><strong>Fridernci</strong></span> <span class='ocrx_word' id='word_1_378' title='bbox 1090 5468 1249 5534; x_wconf 63' lang='lat' dir='ltr'><strong>extenuaret,</strong></span> <span class='ocrx_word' id='word_1_379' title='bbox 1279 5467 1358 5520; x_wconf 72' lang='lat' dir='ltr'><strong>croire</strong></span> <span class='ocrx_word' id='word_1_380' title='bbox 1394 5466 1529 5520; x_wconf 78' lang='lat' dir='ltr'><strong>inatitisael</strong></span> <span class='ocrx_word' id='word_1_381' title='bbox 1560 5465 1702 5537; x_wconf 57' lang='lat' dir='ltr'><strong>emar,</strong></span> <span class='ocrx_word' id='word_1_382' title='bbox 1732 5466 1767 5523; x_wconf 78' lang='lat' dir='ltr'><strong>de</strong></span> <span class='ocrx_word' id='word_1_383' title='bbox 1799 5468 1929 5537; x_wconf 59' lang='lat' dir='ltr'><strong>benficia</strong></span> 
     </span>
     <span class='ocr_line' id='line_1_42' title="bbox 264 5553 1929 5627; baseline 0.001 -18"><span class='ocrx_word' id='word_1_384' title='bbox 264 5556 433 5611; x_wconf 61' lang='lat' dir='ltr'><strong>carlemanno</strong></span> <span class='ocrx_word' id='word_1_385' title='bbox 448 5556 598 5626; x_wconf 64' lang='lat' dir='ltr'><strong>winnoci</strong></span> <span class='ocrx_word' id='word_1_386' title='bbox 614 5561 745 5625; x_wconf 58' lang='lat' dir='ltr'><strong>sarmenta</strong></span> <span class='ocrx_word' id='word_1_387' title='bbox 762 5555 799 5610; x_wconf 83' lang='lat' dir='ltr'><strong>ud</strong></span> <span class='ocrx_word' id='word_1_388' title='bbox 815 5555 977 5610; x_wconf 62' lang='grc' dir='ltr'><strong>ωααέίοκωη</strong></span> <span class='ocrx_word' id='word_1_389' title='bbox 994 5572 1072 5609; x_wconf 75' lang='lat' dir='ltr'><strong>artum</strong></span> <span class='ocrx_word' id='word_1_390' title='bbox 1086 5553 1251 5624; x_wconf 68' lang='lat' dir='ltr'><strong>prociderant</strong></span> <span class='ocrx_word' id='word_1_391' title='bbox 1260 5573 1269 5619; x_wconf 91' lang='lat'><strong>,·</strong></span> <span class='ocrx_word' id='word_1_392' title='bbox 1292 5555 1392 5621; x_wconf 70' lang='lat' dir='ltr'><strong>Berper</strong></span> <span class='ocrx_word' id='word_1_393' title='bbox 1409 5560 1481 5620; x_wconf 68' lang='grc'><strong><em>2841,</em></strong></span> <span class='ocrx_word' id='word_1_394' title='bbox 1499 5558 1574 5620; x_wconf 65' lang='lat'><strong>3664,</strong></span> <span class='ocrx_word' id='word_1_395' title='bbox 1592 5558 1672 5619; x_wconf 65' lang='lat' dir='ltr'><strong>eom</strong></span> <span class='ocrx_word' id='word_1_396' title='bbox 1691 5556 1730 5622; x_wconf 74' lang='lat' dir='ltr'><strong>es.</strong></span> <span class='ocrx_word' id='word_1_397' title='bbox 1745 5554 1829 5611; x_wconf 61' lang='lat' dir='ltr'><strong>aaa</strong></span> <span class='ocrx_word' id='word_1_398' title='bbox 1846 5560 1929 5627; x_wconf 68' lang='lat' dir='ltr'><strong>nat,</strong></span> 
     </span>
     <span class='ocr_line' id='line_1_43' title="bbox 266 5638 1745 5713; baseline 0.001 -16"><span class='ocrx_word' id='word_1_399' title='bbox 266 5650 337 5711; x_wconf 86' lang='grc'><strong><em>2823,</em></strong></span> <span class='ocrx_word' id='word_1_400' title='bbox 358 5649 431 5700; x_wconf 82' lang='grc'><strong>3073.</strong></span> <span class='ocrx_word' id='word_1_401' title='bbox 534 5645 562 5713; x_wconf 84' lang='grc'><strong>2)</strong></span> <span class='ocrx_word' id='word_1_402' title='bbox 581 5642 641 5700; x_wconf 69' lang='lat' dir='ltr'><strong>&amp;a</strong></span> <span class='ocrx_word' id='word_1_403' title='bbox 660 5643 796 5698; x_wconf 82' lang='lat' dir='ltr'><strong>Henricua</strong></span> <span class='ocrx_word' id='word_1_404' title='bbox 813 5660 897 5698; x_wconf 73' lang='lat' dir='ltr'><strong>centes</strong></span> <span class='ocrx_word' id='word_1_405' title='bbox 914 5642 946 5697; x_wconf 87' lang='lat' dir='ltr'><strong>de</strong></span> <span class='ocrx_word' id='word_1_406' title='bbox 968 5643 1124 5712; x_wconf 72' lang='lat' dir='ltr'><strong>Oldervbnrc,</strong></span> <span class='ocrx_word' id='word_1_407' title='bbox 1142 5643 1174 5697; x_wconf 84' lang='lat' dir='ltr'><strong>de</strong></span> <span class='ocrx_word' id='word_1_408' title='bbox 1191 5659 1245 5711; x_wconf 79' lang='lat' dir='ltr'><strong>qao</strong></span> <span class='ocrx_word' id='word_1_409' title='bbox 1260 5643 1292 5710; x_wconf 68' lang='lat' dir='ltr'><strong>eti</strong></span> <span class='ocrx_word' id='word_1_410' title='bbox 1312 5642 1384 5710; x_wconf 72' lang='lat' dir='ltr'><strong>insen</strong></span> <span class='ocrx_word' id='word_1_411' title='bbox 1401 5640 1452 5695; x_wconf 77' lang='lat' dir='ltr'><strong>aab</strong></span> <span class='ocrx_word' id='word_1_412' title='bbox 1467 5657 1494 5697; x_wconf 74' lang='lat' dir='ltr'><strong>a</strong></span> <span class='ocrx_word' id='word_1_413' title='bbox 1511 5646 1585 5711; x_wconf 63' lang='lat'><strong>1248,</strong></span> <span class='ocrx_word' id='word_1_414' title='bbox 1601 5638 1689 5699; x_wconf 70' lang='grc' dir='ltr'><strong>ΙΙΙ.</strong></span> <span class='ocrx_word' id='word_1_415' title='bbox 1705 5648 1745 5701; x_wconf 62' lang='grc' dir='ltr'><strong>Β.</strong></span> 
     </span>
    </p>
   </div>
   <div class='ocr_carea' id='block_1_19' title="bbox 0 0 2179 6228">
    <p class='ocr_par' dir='ltr' id='par_1_19' title="bbox 0 0 2179 6228">
     <span class='ocr_line' id='line_1_44' title="bbox 0 0 2179 6228; baseline 0 0"><span class='ocrx_word' id='word_1_416' title='bbox 0 0 2179 6228; x_wconf 95' lang='lat' dir='ltr'><strong> </strong></span> 
     </span>
    </p>
   </div>
  </div>
 </body>
</html>
