4328 6232
826 352 1027 408 selsronss
1045 352 1237 409 SELEC'I'AE.
1273 354 1349 410 1243.
1880 361 1920 424 25

270 543 322 609 pro
354 523 526 610 stipendiis
554 525 693 589 militum
722 533 756 591 st
787 527 936 613 peditum
965 528 1183 613 predictorum
1212 529 1456 594 retinendorum
1485 551 1543 616 pcr
1567 552 1726 612 mensem,
1764 534 1791 597 si
1820 532 1922 596 fuerit

271 634 474 713 oportunum,
503 629 692 694 discretioni
716 637 771 696 tue
795 653 856 716 per
878 631 1032 697 dilectum
1056 633 1157 696 filium
1181 634 1374 718 magistrum
1397 632 1571 697 Martinam
1595 635 1750 701 clericum
1773 643 1921 700 nestrum

271 731 401 795 latorem
425 733 629 818 presentium
653 733 866 816 destinamus,
889 736 1005 801 harum
1022 737 1107 801 serie
1124 737 1341 815 declarantes,
1366 739 1451 801 sicut
1467 744 1623 802 oretenus
1639 739 1781 803 diximus
1798 741 1920 805 nuntiis

272 841 300 898 et
317 835 612 901 ambassiatoribus
636 838 814 924 prelibatis,
838 839 924 925 quod
948 839 988 904 ad
1012 840 1117 904 nullos
1134 861 1290 926 equorum
1313 841 1367 904 vel
1388 861 1550 904 armorum
1567 862 1626 906 seu
1642 843 1740 906 etiam
1764 863 1918 928 quarum-

271 939 344 1004 libet
378 961 487 1005 rerum
517 942 623 1007 teneri
653 943 801 1008 volumus
836 944 982 1010 redditus
1012 946 1065 1009 vel
1096 944 1266 1020 emendas,
1304 950 1338 1008 et
1366 965 1439 1007 eum
1468 964 1527 1030 pro
1556 944 1747 1012 defensione
1779 947 1920 1011 civitatis

271 1042 382 1107 militia
409 1045 518 1109 minus
547 1047 732 1110 necessaria
760 1046 924 1127 videatur,
954 1046 1083 1133 pedites
1112 1054 1223 1111 antem
1245 1047 1395 1112 utiliores
1428 1068 1502 1111 esse
1526 1055 1718 1128 noscantur,
1748 1048 1920 1136 provideat

272 1145 513 1231 cicumspeetio
536 1154 607 1226 tua,
630 1148 716 1234 quod
740 1171 841 1235 snper
862 1151 923 1214 hoe
948 1152 1065 1215 melius
1088 1158 1121 1215 et
1143 1151 1255 1214 utilius
1279 1149 1398 1214 viderit
1421 1151 1588 1236 expedire,
1611 1152 1747 1216 firmiter
1771 1151 1919 1233 eredens,

273 1268 328 1333 quc
352 1248 459 1315 dictus
482 1252 622 1317 clericus
647 1273 688 1316 ex
712 1260 806 1339 parte
830 1257 938 1319 nostra
961 1255 1021 1319 tibi
1046 1276 1144 1341 snper
1167 1255 1335 1341 premissis
1359 1254 1490 1320 duxerit
1514 1254 1696 1320 referenda.

373 1352 450 1420 Dat.
473 1355 637 1442 Anagnia,
660 1354 745 1423 Non.
768 1356 931 1439 Octobris,
955 1379 1039 1422 anno
1065 1358 1112 1424 1¹.

216 1842 233 1879 ¹⁰
370 1799 588 1897 Innocentius
602 1833 627 1897 Ι
631 1831 659 1896 V
673 1852 762 1912 papa
779 1831 802 1915 [
800 1830 983 1916 Gerbardo]
1005 1832 1154 1914 mcpistro
1176 1835 1205 1895 ct
1224 1830 1383 1911 fratribus
1404 1829 1569 1911 hospitalis
1587 1831 1824 1896 Tsuioaieorum
1845 1852 1917 1897 con·

264 1933 369 2012 firmat
391 1932 527 1997 insertus
549 1934 680 2013 litteras,
703 1935 816 2016 quibus
832 1933 1017 2000 Willrclmus
1039 1935 1198 2015 episcopus
1219 1933 1377 2016 quendem
1392 1932 1598 2011 Mutinensis,
1620 1935 1808 2014 apostolicae
1830 1935 1914 1999 sedis

267 2035 392 2117 imatus,
415 2036 452 2100 de
474 2036 622 2101 nsandeto
641 2059 745 2119 papae
766 2059 795 2101 a.
813 2039 906 2115 1243,
929 2038 994 2103 Iol.
1009 2040 1053 2102 28
1075 2042 1222 2119 quattuor
1238 2037 1389 2101 Prosciee
1411 2040 1441 2100 ct
1462 2041 1563 2101 terroe
1588 2037 1765 2103 &aloensis
1786 2038 1919 2104 dioceses

267 2139 456 2204 limitcocrit.
498 2139 547 2220 Cf,
570 2144 639 2204 c.4
662 2144 692 2205 et
714 2142 743 2206 5.
1595 2143 1689 2220 1243,
1714 2140 1777 2207 oo.
1800 2145 1832 2206 8.

369 2258 433 2313 lae.
448 2258 495 2311 IV
511 2258 573 2327 lisy.
591 2259 645 2313 Vol.
660 2269 773 2327 19—20;
792 2260 889 2328 Libl,
908 2269 958 2314 121.
989 2261 1115 2329 Diplome
1133 2262 1211 2331 afflet
1228 2260 1388 2314 castrilocus
1405 2277 1467 2314 eure
1483 2260 1634 2315 aretlantieo
1652 2262 1728 2330 aprcd
1747 2262 1842 2316 Gcbscr
1859 2260 1918 2314 aad

266 2342 370 2413 licem,
389 2343 547 2397 Doetkirrbe
562 2361 596 2397 ru
614 2344 778 2414 Kersipsberp
796 2352 811 2399 t.
825 2347 848 2414 1,
863 2354 947 2413 p.19,·
964 2345 1143 2413 cfiPerlbacli,
1162 2347 1267 2401 Reuss.
1283 2346 1345 2415 Rep.
1363 2363 1390 2399 a.
1406 2353 1461 2401 198.

271 2509 273 2512 y
371 2430 503 2498 Parthae,
524 2431 589 2500 ch.
605 2441 692 2499 11157;
710 2432 809 2502 Berpcr
821 2441 872 2487 121.

452 2649 491 2667 ..
519 2596 742 2687 magistro
778 2599 820 2668 et
852 2593 1079 2668 fratribus
1113 2594 1366 2686 hospitalis
1399 2600 1562 2669 sancte
1594 2595 1732 2670 Maris

679 2714 1068 2789 Tbeutonicorum
1102 2713 1502 2789 ierosolimitana.

372 2845 471 2910 Iustis
495 2849 676 2933 petentium
701 2855 761 2913 ete.
785 2868 905 2932 usque:
930 2866 1075 2927 assensu,
1098 2847 1325 2910 limitationem
1347 2847 1513 2913 dicessum
1531 2848 1665 2912 Pruscie
1690 2854 1723 2912 et
1744 2849 1916 2913 coniuncte

201 2996 210 3008 .
267 2947 326 3012 sibi
350 2955 437 3014 terre
462 2948 646 3016 Oulmcnsis
674 2974 713 3016 ac
741 2952 934 3015 divisionem
960 2955 1120 3013 terrarum
1147 2950 1252 3035 ipsius
1276 2949 1428 3032 Proseis,
1460 2972 1540 3037 quas
1565 2949 1782 3015 demandato
1806 2957 1918 3015 nostro

266 3051 350 3136 apud
375 3052 488 3118 sedem
512 3056 726 3139 apostolicam
751 3054 886 3141 provida
910 3053 1148 3119 deliberatione
1172 3053 1345 3140 prehabita
1367 3055 1447 3120 feeit
1462 3054 1661 3120 venerabilis
1684 3054 1785 3120 frater
1807 3062 1919 3119 noster

267 3154 440 3241 episeopus
468 3157 631 3243 quondam
659 3159 853 3223 Mutinensis
883 3159 1134 3244 penitentiarius
1158 3165 1285 3239 noster,
1309 3159 1511 3243 inpartibus
1535 3158 1600 3222 illis
1624 3158 1804 3244 apostolice
1829 3156 1918 3221 sedis

266 3257 410 3341 legatus,
433 3268 528 3346 prout
550 3262 583 3325 in
606 3263 708 3348 ipsius
731 3262 850 3326 litteris
875 3284 975 3348 super
996 3263 1059 3326 hoo
1083 3262 1240 3326 confectis
1264 3261 1393 3346 plenius
1417 3263 1614 3341 continetur,
1643 3267 1732 3325 ratas
1756 3258 1918 3325 habentes

267 3367 298 3424 ct
320 3360 445 3431 firmas.
476 3387 532 3429 aas
562 3367 754 3430 auctoritate
777 3367 959 3452 apostolica
983 3365 1212 3429 confirmamus
1243 3372 1276 3430 ot
1299 3366 1464 3452 presentis
1490 3365 1602 3450 scripti
1625 3364 1805 3451 patrocinio
1829 3384 1917 3427 eom-

267 3464 438 3529 munimus.
484 3467 645 3533 Tenerem
668 3476 777 3533 autem
800 3470 981 3533 litterarum
1004 3471 1147 3555 ipsarum
1164 3469 1371 3554 presentibus
1388 3468 1429 3533 do
1446 3469 1547 3534 verbo
1568 3467 1761 3532 adverbum
1781 3467 1918 3532 fecimus

267 3568 431 3641 annotari;
456 3572 511 3656 qui
534 3573 608 3636 talis
631 3578 695 3636 est:

372 3671 563 3740 Willelmus
598 3677 806 3740 miseratione
841 3675 949 3739 divina
980 3677 1153 3763 episeopus
1182 3676 1345 3762 quondam
1374 3675 1585 3755 Mutinensis,
1618 3676 1796 3763 apostolice
1831 3675 1918 3740 sedis

267 3772 404 3859 legatus,
428 3778 579 3842 omnibus
603 3787 773 3864 presentes
796 3781 922 3843 litteras
939 3779 1135 3866 inspecturis
1158 3781 1297 3845 salutem
1321 3779 1501 3843 innomine
1518 3779 1593 3844 Iesu
1611 3778 1745 3844 Christi.
1782 3777 1919 3844 Noverit

269 3881 462 3948 universitas
485 3890 608 3963 vestra,
639 3883 725 3968 quod
754 3883 980 3948 sanctissimus
1009 3890 1104 3968 pater
1135 3882 1283 3947 dominus
1312 3882 1526 3948 Innocentius
1554 3903 1640 3968 papa
1663 3880 1711 3945 lv
1734 3882 1819 3946 inter
1843 3883 1919 3961 alia,

269 4003 328 4067 qus
351 3985 394 4050 ad
415 3987 591 4072 legationis
615 3987 757 4050 officium
788 3987 967 4072 pertinent,
1000 3986 1160 4049 commisit
1189 3986 1284 4050 nobis
1312 3987 1345 4050 in
1375 3987 1445 4050 eius
1472 3986 1640 4071 presentia
1663 3986 1854 4061 constituto,
1883 3992 1919 4049 ut

270 4088 408 4153 limitare
431 4110 604 4175 possemus
627 4090 777 4154 dioceses
806 4090 889 4152 infra
919 4089 1074 4154 terminos
1106 4096 1214 4153 nostre
1238 4090 1411 4174 legationis
1435 4097 1469 4155 et
1492 4089 1666 4175 episcopos
1691 4090 1861 4153 instituere
1886 4089 1918 4152 in

269 4191 398 4257 eisdem.
445 4192 545 4257 Cuius
574 4194 769 4258 auctoritate
797 4191 837 4258 de
866 4192 1055 4277 regionibus
1084 4194 1149 4257 iam
1180 4195 1346 4259 conversis
1379 4196 1425 4259 sic
1460 4194 1609 4258 dioceses
1644 4194 1853 4258 limitavimus
1886 4194 1918 4257 in

270 4294 411 4361 Pruseia.
464 4297 606 4361 Primam
638 4298 726 4362 enim
756 4295 911 4362 diocesim
942 4297 1153 4361 limitavimus
1184 4297 1225 4361 de
1249 4304 1338 4363 terra
1361 4297 1546 4377 Oulmonsi,
1570 4299 1655 4361 sicut
1678 4298 1827 4362 circuunt
1851 4304 1917 4361 tros

270 4399 355 4465 fluvii
378 4401 494 4480 Vixla,
528 4399 702 4466 Dravanza
736 4408 770 4465 et
797 4399 915 4480 Ossa²,
949 4401 995 4464 ita
1024 4399 1109 4485 quod
1144 4401 1176 4464 in
1209 4400 1324 4464 eadem
1360 4399 1481 4466 diocesi
1513 4400 1689 4465 Lubovia³
1722 4398 1916 4464 includatur.

271 4503 391 4570 Verum
415 4510 525 4569 tamen
548 4505 581 4568 in
604 4512 692 4569 terra
708 4503 876 4569 Oulmensi
900 4503 941 4568 ad
965 4505 1164 4590 episcopum,
1188 4505 1243 4588 qui
1266 4526 1324 4591 pre
1349 4511 1495 4591 tempore
1519 4504 1627 4582 luerit,
1651 4505 1816 4589 pertineat
1838 4503 1918 4568 illud

271 4605 447 4687 dumtaxat,
471 4607 558 4694 quod
582 4607 622 4672 de
646 4608 809 4672 communi
831 4628 996 4671 consensu
1019 4614 1053 4672 et
1076 4607 1244 4671 voluntate
1270 4607 1417 4693 episcopi
1440 4606 1576 4670 Proseis
1601 4628 1639 4670 ac
1655 4607 1791 4670 fratrum
1807 4607 1917 4691 hospi-

271 4711 341 4775 talis
367 4718 479 4775 sancte
502 4710 606 4776 Maris
630 4711 907 4784 Thentonicorum
939 4718 972 4776 et
1001 4711 1167 4775 hominum
1197 4713 1229 4775 in
1259 4710 1373 4775 eadem
1400 4717 1489 4774 terra
1519 4708 1686 4774 Oulmensi
1716 4712 1917 4775 manentium

272 4812 451 4879 ordinatum
485 4813 561 4895 fuit,
597 4813 726 4899 quando
761 4815 865 4902 primo
900 4814 940 4878 ad
968 4815 1206 4880 habitationem
1234 4815 1322 4878 illius
1354 4813 1477 4878 deserti
1505 4814 1654 4879 homines
1683 4815 1918 4895 intraverunt4,

272 4916 421 4984 videlicet
444 4939 510 4983 una
530 4939 685 4983 mensura
707 4919 806 4983 tritici
829 4926 862 4983 et
884 4940 949 4983 una
972 4941 1124 4984 mensura
1148 4919 1286 5004 siliginis
1310 4918 1352 4984 de
1375 4925 1483 4982 aratro
1508 4924 1540 4981 et
1562 4939 1628 4982 una
1650 4940 1802 4984 mensura
1822 4920 1918 4983 tritici

371 5142 399 5210 1)
418 5140 519 5195 Eodem
536 5146 648 5210 tompore
660 5158 736 5211 papa
754 5141 889 5196 cardinali
906 5143 1041 5210 legationis
1057 5141 1178 5208 officiam
1189 5140 1343 5194 wirrnrbisse
1354 5139 1462 5208 addar,
1480 5156 1540 5194 einr
1551 5140 1629 5208 lepeti
1640 5141 1755 5209 titulum,
1774 5157 1825 5208 quo
1837 5155 1920 5208 raeque

272 5225 300 5279 is
314 5227 365 5283 linc
384 5228 493 5297 epistola
513 5244 595 5296 neque
615 5229 647 5280 ia
664 5246 691 5282 n.
706 5238 737 5284 10
754 5234 778 5283 ct
791 5239 818 5283 11
838 5229 922 5298 [Aue.
939 5231 985 5299 26]
1002 5229 1147 5297 insipnitoa
1170 5234 1219 5295 est,
1243 5228 1293 5280 seb
1313 5226 1368 5282 Oct.
1381 5237 1409 5281 11
1427 5227 1469 5298 [n.
1482 5229 1528 5298 32]
1551 5227 1653 5280 eminisci
1676 5227 1733 5280 eius
1755 5226 1920 5294 adseriyrtem

272 5313 389 5383 mus.
442 5313 886 5385 commemorassem,
907 5316 974 5370 Ossa
991 5331 1024 5368 ex
1041 5321 1103 5383 sept.
1123 5315 1171 5368 cie.
1186 5313 1333 5368 &audeas
1349 5313 1380 5366 ia
1398 5313 1511 5367 Wialcm
1528 5313 1627 5380 instuit.
1681 5313 1707 5372 3)
1721 5312 1805 5366 Lesid
1817 5312 1919 5368 bobas.

273 5400 298 5469 l)
312 5400 373 5457 Hoc
388 5401 481 5455 misus
497 5406 619 5455 ocereate
634 5401 733 5456 Mum
751 5408 801 5469 est;
818 5421 883 5455 neor
900 5404 958 5456 ecla
975 5401 1051 5455 solio
1068 5418 1152 5469 osque
1169 5401 1205 5456 de
1222 5418 1293 5455 unco
1311 5401 1388 5454 istem
1405 5399 1588 5468 wnspoeitioni
1604 5398 1760 5469 [Perlbacb
1779 5399 1796 5453 l.
1808 5416 1827 5452 c.
1845 5416 1873 5451 a.
1888 5405 1920 5453 81

274 5485 352 5559 m]
363 5484 529 5555 respondent,
545 5487 647 5556 celim
664 5488 765 5557 beatus
782 5506 834 5543 erio
851 5488 1009 5542 ammenta
1020 5504 1095 5542 striae
1105 5488 1203 5543 addere
1215 5487 1330 5553 milesin-
1346 5486 1391 5541 ssd
1401 5486 1450 5540 bus
1462 5485 1625 5540 condiisses
1636 5502 1724 5541 manes
1735 5486 1767 5538 is
1778 5485 1921 5539 eoncordia

214 5578 236 5619 ὓ
273 5567 338 5627 'uic
352 5578 466 5643 ando,
484 5570 563 5628 Febr.
578 5582 606 5628 11
622 5579 732 5643 111212,
752 5574 832 5629 Oetr
849 5575 929 5644 faeta,
954 5591 1023 5643 ques
1042 5591 1099 5629 non
1115 5580 1231 5645 aspersu
1249 5571 1530 5646 [cfiPcrlbueb,192],
1554 5577 1692 5627 contentus
1711 5571 1793 5638 fuisse
1809 5587 1841 5625 cx
1854 5588 1883 5639 p.
1896 5578 1920 5639 6,

273 5652 349 5715 &a
363 5654 551 5715 meam

370 5750 432 5809 ”n
447 5750 534 5811 Ἠ.
543 5752 580 5812 11.
1698 5755 1717 5808 4
