4784 6332
865 381 1065 438 EPISTOLAE
1083 380 1274 440 SELECTAE'.
1311 385 1386 440 1246.

992 739 995 744 ·
1084 703 1171 777 238.

402 817 621 910 Innocentius
635 843 694 908 IV
704 863 794 925 papa
817 841 1025 928 [Bonifatio]
1048 843 1276 928 archiepiscopo
1301 843 1528 910 (lantoniensi
1548 843 1695 924 mandat,
1725 848 1760 908 nt
1784 845 1955 912 Gnillclnro

299 948 422 1014 canton
446 947 663 1026 Lnnmncnsi
697 950 773 1012 nato
802 946 922 1011 comitis
951 945 1121 1026 Grncrina
1157 948 1193 1010 in
1223 967 1318 1030 rapno
1345 947 1483 1030 Anptioc
1511 947 1548 1012 dc
1579 947 1722 1029 beneficio
1752 949 1956 1014 ecclesiastico

296 1051 470 1136 pronam
1600 1053 1867 1134 1246,Anp.1r.

405 1173 468 1226 Inn.
481 1171 532 1226 IV
548 1171 612 1240 Rap.
631 1170 724 1241 Votl,
743 1176 803 1236 319,·
821 1169 883 1226 Lab.
896 1171 947 1240 IV,
969 1177 1005 1226 72.
1036 1171 1189 1241 Epstonn
1206 1185 1239 1226 en
1257 1171 1374 1240 Repertis
1392 1170 1527 1240 amanet
1545 1171 1573 1226 V.
1589 1171 1627 1226 Ol.
1640 1174 1673 1226 Α
1687 1171 1768 1226 Man.

234 1263 247 1302 ⁵
405 1259 586 1327 aeparnr.

721 1442 760 1462 ..
789 1386 1152 1480 archiepiscopo
1181 1385 1535 1462 cantuariensi.

408 1534 490 1600 Oum
513 1537 546 1600 in
569 1536 724 1622 amplexu
747 1535 929 1602 dulcedinis
952 1544 984 1602 et
1007 1536 1268 1602 mansuetudinis
1291 1537 1435 1622 alloquio
1458 1537 1638 1624 apostolice
1662 1536 1748 1602 sedis
1764 1537 1953 1624 benignitas

300 1639 472 1703 nonnullos
496 1639 663 1725 suscipiat,
686 1641 896 1726 prerogativa
919 1661 976 1706 eos
1000 1641 1123 1705 favoris
1143 1660 1346 1726 prosequens
1370 1646 1404 1705 et
1419 1642 1524 1726 gratie
1548 1641 1710 1726 specialis,
1734 1640 1867 1726 dignum
1884 1643 1954 1707 tore

300 1742 508 1828 providimus,
531 1749 567 1807 nt
582 1745 733 1829 personis
748 1744 919 1810 nobilitate
935 1745 1078 1830 generis,
1100 1745 1283 1810 litterarum
1303 1746 1441 1810 scientia
1457 1751 1491 1810 et
1507 1744 1602 1809 bonis
1618 1746 1764 1810 moribus
1781 1747 1955 1831 insignitis,

301 1868 436 1932 quorum
471 1847 614 1933 provisio
648 1848 863 1914 ecclesiarum
891 1850 1088 1914 utilitatibus
1119 1848 1255 1935 expedit
1285 1855 1319 1914 et
1345 1849 1475 1930 honori,
1513 1850 1699 1935 aperiamus
1731 1850 1957 1915 favorabiliter

299 1950 529 2016 beneficientie
552 1957 665 2018 nostre
687 1973 814 2017 manus.
860 1953 1081 2018 Attendentes
1105 1955 1214 2039 itaque
1238 1952 1404 2018 laudabile
1434 1954 1670 2034 testimonium,
1699 1952 1787 2038 quod
1814 1953 1855 2018 de
1878 1974 1954 2039 per-

300 2076 381 2119 sona
408 2053 519 2118 dilecti
546 2054 604 2119 filii
628 2053 795 2121 Guillelmi
824 2058 965 2121 cantoris
988 2057 1225 2135 Lausanensis‚
1258 2056 1325 2120 uati
1348 2057 1466 2121 nobilis
1490 2058 1548 2121 viri
1573 2104 1607 2122 ..
1631 2055 1760 2120 comitis
1784 2054 1954 2137 Gruerie¹‚

299 2157 497 2244 perhibetur,
521 2179 559 2222 aa
583 2180 643 2244 per
665 2158 728 2223 hoc
751 2158 877 2224 inducti
899 2160 1034 2246 speciali
1056 2181 1131 2225 eum
1154 2161 1325 2245 prevenire
1340 2162 1447 2246 gratia
1463 2161 1663 2247 cupientes⁸‚
1686 2159 1883 2224 fraternitati
1898 2165 1954 2224 tue

299 2285 360 2349 per
382 2263 560 2348 apostolica
583 2263 706 2349 scripta
728 2263 865 2329 tirmiter
885 2263 1099 2350 precipiendo
1122 2263 1326 2346 mandamus,
1351 2264 1504 2350 quatinus
1529 2263 1635 2330 eidem
1658 2265 1691 2328 in
1715 2284 1817 2350 regno
1833 2262 1955 2348 Anglie

300 2368 333 2430 in
357 2367 583 2432 ecclesiastico
605 2366 782 2450 beneficio,
811 2367 895 2453 quod
920 2368 1094 2454 sexaginta
1117 2388 1245 2433 marcas
1268 2368 1396 2453 argenti
1419 2369 1529 2434 valcat
1551 2368 1736 2450 annuatim,
1759 2367 1954 2432 auctoritate

299 2476 411 2535 nostra
438 2471 619 2537 liberaliter
646 2470 821 2557 providere
850 2493 1006 2558 procures
1029 2509 1071 2520 —
1093 2492 1159 2536 non
1182 2470 1356 2536 obstanteb
1381 2471 1409 2536 si
1438 2472 1597 2549 ecclesia*
1630 2471 1664 2534 in
1692 2491 1757 2556 qua
1789 2471 1851 2536 sibi
1879 2490 1954 2556 pro-

298 2573 473 2638 videndum
501 2574 650 2654 duxeris,
682 2595 792 2638 curam
821 2572 943 2640 babeat
965 2574 1162 2654 animarum,
1192 2580 1250 2638 aut
1272 2574 1305 2638 in
1329 2595 1371 2639 ea
1393 2573 1437 2640 sit
1459 2580 1618 2640 statutum
1641 2572 1682 2638 de
1706 2579 1797 2638 certo
1821 2573 1954 2638 canoni·

299 2699 410 2742 corum
438 2699 574 2743 numero
601 2679 783 2744 iuramento
811 2679 865 2744 vol
893 2677 1139 2743 confirmatione
1168 2677 1255 2742 sedis
1287 2679 1468 2765 apostolice
1491 2699 1550 2744 reu
1574 2697 1778 2764 quacumque
1801 2675 1955 2742 firmitate

299 2782 366 2846 alia
388 2781 591 2862 roboratum,
620 2783 672 2846 vel
695 2783 723 2846 si
744 2803 804 2868 pro
825 2783 899 2847 aliis
922 2782 956 2846 in
987 2781 1102 2848 cadem
1134 2781 1314 2848 direximus
1348 2784 1470 2870 scripta
1497 2787 1621 2862 nostra,
1656 2779 1774 2865 quibus
1803 2780 1954 2844 nolumus

300 2885 495 2950 auctoritate
517 2887 721 2972 presentium
743 2885 957 2973 preiudicium
979 2885 1145 2970 generari,
1173 2886 1227 2950 vel
1251 2887 1278 2951 si
1303 2887 1373 2952 eius
1397 2886 1515 2952 rectori
1538 2887 1592 2951 rel
1615 2883 1773 2970 capitulo,
1805 2882 1890 2968 quod
1914 2882 1955 2948 ad

299 2989 519 3075 provisionem
543 3009 602 3055 seu
625 2989 847 3076 receptionem
870 2989 1009 3054 alicuius
1032 3010 1091 3076 per
1113 2990 1242 3054 litterae
1265 2990 1464 3075 apostolicas
1488 2989 1621 3053 minime
1646 2985 1797 3072 compelli
1813 2986 1954 3067 valeant,

300 3112 492 3178 expressam
515 3113 581 3158 nou
604 3092 765 3159 facientes
788 3093 830 3158 de
853 3093 914 3159 hnc
935 3091 1141 3178 indulgentia
1157 3093 1369 3174 mentionem,
1393 3091 1507 3159 assde
1524 3091 1702 3178 apostolica
1718 3094 1769 3154 est
1784 3088 1955 3170 indultum,

299 3216 358 3260 seu
381 3196 454 3260 eliis
477 3196 735 3284 quibuscumque
758 3197 950 3284 privilegiis,
973 3196 1188 3284 indulgentia,
1213 3196 1450 3262 consuetudine
1473 3197 1526 3260 vel
1550 3193 1792 3272 constitutione,
1816 3214 1876 3278 per
1891 3213 1955 3277 que

301 3304 410 3384 posset
430 3299 617 3364 huiusmodi
639 3301 832 3387 provisionis
855 3302 960 3386 gratia
982 3299 1132 3387 impediri
1155 3324 1212 3378 -;
1235 3299 1493 3365 contradictores
1517 3303 1579 3363 etc.

409 3419 486 3486 Dat.
509 3421 674 3507 Lugduni,
696 3421 778 3488 XVI
800 3421 875 3488 Kal.
900 3420 991 3507 Sept.
1014 3441 1101 3486 anno
1126 3427 1253 3507 quarto.

923 3698 1334 3708 -——————-

1084 3963 1171 4039 t39.

369 4103 374 4108 '
405 4073 623 4167 Innocentius
634 4101 689 4167 IV
697 4123 787 4187 papa
800 4100 1006 4190 [Lintboldo]
1020 4104 1159 4190 episcopo
1172 4103 1353 4171 Basilicnsi
1374 4104 1499 4170 obtentu
1519 4101 1621 4170 Utrici
1639 4101 1759 4168 canitis
1772 4101 1809 4166 da
1824 4099 1955 4167 Ferrato

300 4211 331 4272 ct
344 4206 526 4273 Herrnanni
540 4205 725 4271 subdiaconi
738 4207 798 4284 sni,
819 4207 890 4271 nati
903 4206 1126 4293 [Moncpoldr‘]
1142 4210 1262 4274 concitis
1276 4209 1313 4273 dc
1333 4208 1492 4292 Wiltpcrc,
1515 4206 1659 4286 concedit,
1682 4209 1718 4270 nt
1732 4225 1801 4270 corn
1815 4203 1955 4269 chrico

300 4310 382 4376 dicto
397 4310 502 4376 Snctla
523 4313 638 4375 rectora
659 4311 802 4376 ecclcsiae
823 4310 861 4374 dc
876 4309 1026 4376 Mnrccbc
1047 4332 1142 4396 snper
1152 4314 1341 4394 pluralitate
1357 4312 1572 4394 bonerto-iorum
1586 4310 1771 4375 anctoritate
1785 4307 1955 4392 apostolico

300 4413 484 4495 dispensare
500 4415 612 4498 possit.
867 4489 869 4493 ,
1597 4415 1690 4490 1246,
1712 4413 1865 4494 Arp19.

405 4533 468 4587 Inn.
481 4533 529 4588 IV
540 4533 606 4602 rap.
621 4532 677 4587 Vol.
691 4533 792 4602 1,348,·
809 4534 871 4589 Inb.
884 4533 937 4603 IV,
950 4540 1008 4589 292.
1038 4534 1194 4604 Euangelon,
1216 4533 1290 4603 prod
1309 4534 1405 4603 Berpcr
1421 4531 1509 4600 edidit,
1531 4547 1591 4586 acm
1610 4530 1729 4600 ligastis
1749 4529 1955 4584 melitana

298 4620 336 4674 crs
352 4620 482 4689 snpplns't
499 4619 529 4674 V,
543 4618 582 4674 Ol.
594 4619 629 4675 A.
643 4619 724 4675 Marc.
761 4621 817 4690 Bp.
835 4622 906 4676 circa
920 4621 1003 4688 finam
1019 4623 1116 4677 nauis
1132 4621 1201 4677 Nor.
1219 4622 1251 4674 in
1270 4620 1336 4690 Rep.
1354 4621 1438 4675 rdctc
1456 4625 1500 4674 est.

403 4707 503 4776 Brrpcr
517 4713 590 4763 2288.

828 4892 866 4912 ..
896 4837 1124 4931 episcopo
1152 4834 1428 4910 Basiliensi.

410 4983 560 5052 Dilectus
582 4984 670 5050 filius
686 4984 853 5052 Henricus
876 4988 980 5055 dictus
998 4988 1130 5054 Suelle⁰
1153 4993 1261 5054 rector
1284 4985 1426 5054 ecclesie
1448 4984 1489 5050 de
1505 4981 1688 5048 Muzeche²
1702 4981 1953 5069 Argentinensis

273 5087 440 5155 -diocesis
463 5091 497 5154 in
520 5095 630 5154 nostra
653 5091 851 5156 constitutus
873 5092 1042 5178 presentia
1064 5091 1160 5156 nobis
1182 5091 1349 5156 humiliter
1373 5086 1587 5175 supplicavit,
1620 5093 1657 5151 ut
1684 5106 1757 5150 cum
1785 5107 1840 5168 eo,
1869 5086 1954 5172 quod

192 5185 211 5206 ⁸
301 5198 413 5279 preter
444 5193 607 5259 beneficia
641 5194 881 5278 ecclesiastiea,
921 5217 984 5282 que
1022 5217 1134 5261 curam
1168 5196 1350 5260 animarum
1384 5192 1540 5258 habentia
1574 5191 1715 5272 obtinet,
1755 5189 1860 5276 possit
1891 5190 1955 5255 alia

301 5297 526 5363 ecclesiastica
557 5297 732 5381 beneficia,
769 5301 898 5366 etiamsi
928 5301 1066 5367 similem
1094 5321 1205 5366 curam
1232 5299 1392 5380 habeant,
1423 5317 1527 5384 usque
1559 5295 1600 5361 ad
1631 5314 1791 5361 summam
1822 5298 1954 5359 centum

404 5559 429 5628 ¹)
446 5561 581 5630 cupiamus
594 5559 633 5610 Μ.
737 5557 762 5627 b)
780 5579 816 5612 an
833 5579 885 5614 non
902 5562 968 5615 obst.
987 5582 1020 5606 =
1038 5580 1089 5614 non
1107 5558 1290 5615 obstantibus?
1394 5556 1419 5624 ⁰)
1437 5557 1524 5610 Snella
1534 5556 1567 5608 B.

405 5695 431 5764 1)
446 5694 585 5766 fflnyira,
602 5696 633 5749 in
647 5696 724 5752 Gara.
738 5696 878 5769 Frcybrnp
891 5713 977 5767 prope
993 5697 1091 5769 [tamar
1108 5697 1212 5753 Souna
1294 5695 1321 5763 Ξ)
1341 5692 1445 5762 Macco
1461 5690 1620 5762 instatis,
1639 5705 1671 5746 aa
1682 5705 1734 5746 occ.
1745 5690 1791 5746 aa.
1806 5687 1952 5744 Motsbeirn.

1693 5785 1748 5844 23*
1875 5785 1877 5791 ’
