4784 6332
875 409 1076 467 nrrsronsn
1094 389 1300 468 suaseras(
1321 412 1395 468 raes.

706 626 962 719 Episcopis
989 627 1033 700 in
1060 626 1241 701 Friscia
1268 625 1563 699 constitutis.

417 775 462 840 Ut
484 783 653 856 voventes,
677 778 769 842 iuxta
792 777 1046 863 prophetarum⁸
1068 777 1235 856 eximium,
1260 776 1398 842 reddant
1413 776 1554 842 Domino
1570 783 1647 842 vota
1670 797 1739 858 sua,
1761 777 2100 842 fraternitatisque.

306 885 416 945 vestre
438 882 641 966 presentium
665 881 859 946 auctoritate
890 880 1099 966 precipiendo
1126 880 1334 960 mandamus,
1362 880 1514 965 quatinus
1544 879 1788 966 crucesignatos
1817 887 1851 944 et
1878 902 1959 966 quos

304 982 411 1047 adbuc
435 983 656 1069 crucesignati
680 984 856 1070 contigerit
872 983 913 1050 de
930 984 1057 1049 Friscia
1072 992 1255 1050 vestrarum
1272 983 1449 1063 diocesum,
1472 983 1505 1047 in
1520 981 1622 1048 Terre
1640 982 1760 1048 Sancte
1777 983 1958 1048 subsidium

304 1085 520 1172 profecturos,
544 1086 720 1171 diligenter
742 1107 876 1152 monere
898 1109 937 1152 ac
960 1087 1116 1153 inducere
1139 1088 1322 1174 procuretis
1346 1093 1390 1166 et,
1413 1086 1440 1149 si
1463 1105 1597 1151 necesse
1618 1086 1727 1168 fuerit,
1749 1108 1810 1173 per
1825 1107 1958 1152 excom-

304 1189 531 1254 municationis
556 1191 588 1254 in
612 1211 770 1276 personas
794 1197 826 1254 et
849 1191 1013 1256 interdicti
1035 1192 1215 1256 sententias
1232 1191 1384 1255 interrae
1404 1191 1560 1275 ipsorum,
1585 1191 1673 1255 omni
1690 1190 1958 1274 tergiversatione

304 1298 466 1372 cessante,
490 1294 625 1378 cogatis,
649 1294 713 1358 illis
736 1293 907 1358 dumtaxat
930 1296 1080 1382 exceptis
1103 1295 1221 1381 quibus
1242 1296 1308 1359 tale
1326 1293 1596 1381 impedimentum
1613 1294 1801 1374 occurrerit,
1824 1298 1958 1379 propter

303 1394 390 1479 quod
413 1416 455 1460 ex
479 1396 567 1460 sedis
591 1399 773 1484 apostolice
802 1399 1009 1485 providentia
1032 1406 1141 1464 votum
1170 1420 1283 1465 eorum
1311 1399 1504 1464 commutari
1532 1398 1652 1464 debeat
1673 1399 1725 1462 vel
1755 1396 1893 1476 differri,
1921 1403 1958 1460 ut

305 1499 351 1563 ita
375 1520 411 1564 se
434 1508 621 1587 preparent,
646 1501 732 1587 quod
750 1501 903 1568 aMartio
928 1505 1077 1592 proximo
1094 1511 1231 1569 venturo
1255 1524 1358 1589 usque
1380 1525 1500 1568 annum
1516 1508 1708 1588 sequentem
1724 1502 1787 1566 iter
1802 1500 1958 1586 arripiant

303 1603 473 1682 veniendi,
503 1604 670 1668 transituri
699 1607 732 1670 in
759 1607 913 1692 passagio
945 1628 1017 1671 cum
1046 1607 1213 1672 carissimo
1242 1608 1276 1671 iu
1300 1605 1431 1671 Christo
1454 1607 1522 1671 filio
1544 1612 1656 1670 nostro
1681 1604 1854 1672 ..illustri
1878 1623 1956 1688 rege

301 1705 441 1770 Francia
465 1715 630 1774 annuente
653 1708 811 1790 Domino,
840 1712 915 1796 quia
938 1717 1015 1779 tunc
1039 1711 1152 1776 utilius
1176 1717 1210 1775 et
1233 1710 1360 1776 felicius
1384 1731 1496 1775 eorum
1519 1731 1654 1796 gressus
1681 1707 1775 1792 dirigi
1805 1710 1957 1793 poterunt

301 1809 388 1872 ultra
410 1831 513 1877 mare.

409 1929 485 1994 Dat.
509 1931 719 2016 Lugduni,V
742 1933 878 1998 Nonasl’
901 1933 1054 2020 Augusti,
1078 1955 1162 2000 anno
1185 1883 1278 1998 ΙΨ.Ι

916 2212 1327 2221 m

1085 2492 1172 2564 235.

402 2601 621 2696 [onomatica
636 2633 691 2698 IV
706 2653 796 2716 popu
817 2631 998 2717 [Amoldo]
1019 2631 1136 2698 manno
1164 2635 1192 2694 ct
1219 2629 1356 2712 capitulo
1378 2629 1491 2698 Sancti
1513 2627 1645 2694 Victoris
1672 2629 1862 2713 Mogontiaci
1883 2652 1953 2696 con-

230 2749 242 2786 ·'»
296 2737 407 2817 finiant
427 2735 596 2800 arbitrium
619 2737 777 2816 qnondam
799 2735 957 2820 Sipcfridi
972 2735 1016 2800 ΙΙ
1035 2734 1258 2818 archicpiscopi
1280 2732 1485 2814 Mapnntina',
1512 2755 1542 2797 u.
1560 2735 1658 2812 1212,
1681 2732 1813 2802 Fabae
1835 2733 1953 2813 dutnnr,

296 2859 358 2920 qno
384 2840 483 2916 tium,
513 2859 594 2919 quac
620 2839 703 2904 inter
733 2841 897 2906 canonicos
926 2843 955 2902 ct
977 2839 1193 2922 prmpositum
1223 2857 1328 2902 cortem
1356 2835 1393 2902 dc
1416 2837 1505 2900 bonis
1525 2836 1668 2902 culmine
1690 2837 1818 2901 adorto
1836 2837 1952 2919 scierat,

299 2943 486 3006 mnemon.
1620 2941 1713 3020 1246,
1735 2941 1818 3023 Anp.
1835 2942 1865 3006 9.

400 3062 463 3115 Ina.
477 3061 525 3116 IV
540 3061 603 3132 Rep.
622 3062 714 3130 Votl,
733 3067 798 3129 318,·
815 3061 873 3116 Lu.
888 3061 939 3130 IV,
957 3068 999 3116 66.

399 3149 498 3216 Berper
509 3156 582 3204 2661.

375 3383 414 3403 ..
443 3329 620 3402 decano
648 3335 691 3402 et
718 3327 926 3420 capitulo
956 3327 1162 3401 ecclesie
1188 3326 1343 3400 sancti
1370 3325 1573 3400 Victoris
1599 3327 1875 3418 Maguntini.

404 3476 486 3542 Cum
514 3499 534 3542 a
564 3479 657 3543 nobis
687 3479 808 3564 petitur
837 3485 898 3544 etc.
943 3477 1012 3542 Nos
1042 3478 1151 3562 igitur,
1185 3476 1303 3541 vestris
1339 3475 1633 3560 supplicationibus
1662 3475 1824 3558 inclinati,
1861 3498 1949 3542 ccm-

295 3580 490 3666 positionem
511 3581 615 3666 ipsam
632 3590 694 3648 etc.
717 3582 911 3647 auctoritate
935 3582 1115 3667 apostolica
1138 3580 1366 3644 confirmamus
1391 3586 1424 3642 et
1445 3580 1607 3665 presentis
1631 3580 1745 3666 scripti
1767 3582 1949 3666 patrocinio

295 3685 541 3749 communimus.
591 3685 753 3750 'Pauorem
783 3692 893 3750 autem
927 3686 1109 3750 litterarum
1140 3683 1282 3769 ipsarum
1309 3681 1349 3746 de
1373 3682 1476 3747 verbo
1504 3682 1545 3746 ad
1579 3683 1713 3748 verbum
1741 3685 1950 3770 presentibus

296 3786 434 3853 fecimus
458 3791 624 3867 annotari;
648 3790 703 3875 qni
727 3790 802 3854 talis
825 3797 892 3854 eat:
1481 3785 1482 3788 '

403 3889 563 3956 Sifridus0
590 3891 655 3957 Dei
690 3894 796 3978 gratia
826 3899 936 3958 sancte
968 3892 1160 3977 Magantine
1194 3889 1282 3956 sedis
1312 3889 1589 3976 archiepiscopus.
1634 3891 1805 3958 Universis
1829 3891 1952 3958 Obristi

294 3994 447 4060 fidelibus
482 4004 670 4081 presentem
705 3999 860 4084 paginam
895 3998 1093 4084 inspecturis
1125 3998 1274 4062 volumus
1308 3994 1484 4076 declarari,
1521 3994 1608 4082 quod
1642 3996 1809 4062 canonicis
1841 3996 1952 4062 Sancti

295 4096 442 4163 Victoris
472 4119 571 4185 super
599 4100 840 4187 prebendarum
869 4121 1000 4166 suarum
1028 4099 1212 4166 defectibus
1244 4105 1359 4166 contra
1381 4120 1474 4164 sunm
1498 4098 1722 4185 prepositunr²
1744 4101 1951 4165 moventibus

294 4202 515 4286 questionem,
553 4204 721 4289 preposito
752 4224 829 4268 vero
863 4211 996 4270 econtra
1029 4203 1217 4269 defectuum
1252 4224 1367 4268 causas
1408 4203 1608 4288 multiplices
1646 4199 1701 4289 [ex
1730 4199 1950 4289 turbationel.d

293 4305 455 4371 bellorum
479 4313 512 4370 et
535 4306 707 4370 sterilitate
730 4308 886 4394 temporis
909 4308 1139 4393 pretendente,
1169 4328 1240 4386 uos,
1269 4327 1380 4372 eornm
1406 4307 1507 4391 quieti
1535 4305 1667 4370 studere
1691 4306 1851 4385 volentes,
1875 4305 1950 4376 red,-

295 4409 384 4474 ditus
407 4408 567 4494 prepositi
591 4431 610 4474 a
632 4409 814 4475 redditibus
839 4411 1073 4498 stipendiorum
1104 4411 1240 4475 fratrum
1269 4410 1476 4474 distinximus
1503 4408 1536 4472 in
1562 4408 1647 4472 hunc
1678 4407 1823 4489 modum,
1851 4407 1950 4473 atad

294 4512 497 4598 prepositum
525 4513 634 4577 nullus
665 4515 966 4580 amministrationis
997 4521 1167 4599 respectus
1198 4514 1230 4578 in
1259 4519 1428 4598 posterum
1451 4511 1621 4578 habeatur.
1662 4509 1821 4576 Omnibus
1851 4512 1950 4597 igitur

294 4615 421 4702 prefate
454 4615 596 4680 ecclesie
630 4615 812 4682 redditibus
847 4617 1058 4704 indagatione
1090 4616 1231 4682 discreta
1263 4623 1428 4701 tamquam
1457 4635 1542 4701 equo
1571 4614 1740 4679 libramine
1772 4615 1950 4698 trutinatis,

292 4717 502 4803 presentibus
524 4719 703 4805 prioribus,
733 4722 868 4807 prelatis
899 4729 933 4787 et
955 4721 1202 4808 quampluribus
1230 4720 1397 4784 canonicis
1420 4719 1638 4805 Maguntiuis,
1668 4719 1714 4784 ita
1742 4740 1803 4805 per
1825 4740 1885 4784 nos
1908 4718 1949 4784 de

396 4879 837 4889 ——.-—--—.--...-—...-...
870 4881 1117 4890 ..--.......-..-----
1137 4883 1145 4887 -
1168 4881 1245 4888 --.-.
1279 4883 1287 4888 .
1319 4883 1325 4888 .
1340 4883 1398 4888 .-—
1426 4882 1626 4888 --..------.--
1646 4881 1837 4888 ———.—

397 4983 421 5046 ⁸)
439 4982 589 5049 prophetam
604 4981 636 5033 B.
742 4981 767 5048 b)
786 4987 845 5036 Dat.
868 4993 898 5037 ut
921 5001 1000 5052 supra
1015 4983 1048 5034 B.
1084 4985 1134 5052 Ap.
1153 4981 1557 5050 &persuasurumque
1580 4981 1644 5034 boec
1666 4981 1756 5033 eodem
1775 4987 1838 5031 noto
1860 4977 1949 5032 ebron.

210 5075 236 5113 99
291 5074 415 5133 corrupta
432 5067 531 5134 lapiton.
567 5067 724 5137 discriptos
741 5071 769 5122 in
790 5088 896 5124 numero
915 5073 938 5122 V
954 5071 1059 5135 movit,
1078 5071 1186 5138 epistola
1205 5069 1272 5138 Aup.
1287 5073 1361 5134 2-6,
1384 5069 1406 5120 ei
1418 5087 1471 5136 pro
1489 5069 1565 5121 verbo
1584 5069 1670 5120 Nonas
1682 5068 1748 5136 poni
1765 5059 1870 5118 6861661
1887 5067 1946 5118 Kal.

291 5153 331 5204 cet
342 5153 387 5218 ld,
405 5152 459 5205 Iul.
471 5154 647 5222 ea-Aupe
664 5155 761 5223 scripta
777 5165 820 5208 est.
907 5155 931 5220 9)
944 5157 1152 5224 deprecaremur
1169 5156 1322 5209 conbciimus
1333 5173 1390 5208 mm
1402 5155 1545 5208 authentico
1558 5172 1601 5221 ap.
1613 5153 1698 5218 Boin,
1715 5153 1791 5206 Hera.
1805 5151 1865 5202 Urk.
1878 5159 1894 5201 t.
1908 5149 1950 5215 ΙΙ,

285 5255 316 5304 p.
328 5243 373 5303 46,
395 5255 421 5291 n.
433 5241 465 5291 86
483 5235 560 5306 [A.],·
582 5241 616 5308 cs.
635 5240 840 5306 Bruma-tvm,
861 5242 929 5313 disp.¹
942 5243 1055 5309 archiep.
1075 5242 1192 5310 Mopnnt.
1212 5243 1294 5310 Sipsr.
1306 5242 1348 5306 ΙΙ,
1365 5260 1391 5293 ra
1406 5247 1456 5293 117.
1477 5269 1509 5278 -
1532 5239 1665 5293 Antecedit
1683 5240 1711 5290 in
1729 5239 1774 5290 Aa
1798 5240 1828 5289 In
1846 5239 1949 5290 nomine

290 5331 378 5376 sancte
395 5332 422 5376 et
438 5325 571 5377 individue
588 5327 727 5379 Trinitatis.
834 5325 859 5393 a)
879 5329 926 5390 1,·
943 5345 975 5379 ex
992 5329 1137 5382 turbatione
1155 5328 1223 5381 deest
1235 5327 1268 5381 B.
1616 5329 1620 5336 '

397 5463 424 5528 1)
437 5457 540 5514 Eodem
559 5464 670 5528 tmepore
686 5459 860 5515 Wsitmdns
870 5461 956 5528 frater
968 5462 1070 5517 ordinis
1083 5463 1224 5518 numm
1235 5461 1267 5517 de
1277 5461 1405 5518 animato
1416 5459 1603 5529 arcbiqnboopi
1615 5459 1777 5529 Mupuntini
1788 5459 1834 5532 [cs.
1846 5477 1873 5516 n.
1888 5461 1948 5531 199]

210 5557 238 5596 ⁴⁰
291 5561 393 5600 mntem
409 5553 506 5601 contra
522 5547 705 5616 inperatorem
721 5548 754 5601 in
770 5547 866 5602 areu
884 5549 1064 5617 praedandu-
1087 5549 1231 5604 Menturnis
1250 5549 1348 5604 aaron
1368 5555 1481 5615 61216,
1509 5547 1561 5602 SS.
1579 5552 1597 5602 t.
1615 5545 1740 5614 XXIII,
1760 5553 1947 5615 pate-640.

290 5633 317 5698 2)
335 5633 447 5688 161216
466 5633 641 5688 Christiania
660 5637 831 5706 praepositus
854 5641 923 5704 mat,
946 5637 995 5704 qni
1015 5637 1125 5706 iamper
1146 5639 1257 5692 motoria
1280 5638 1399 5691 cocleam
1414 5634 1584 5705 praepositas
1602 5634 1651 5707 [cs.
1670 5635 1766 5703 Borqer
1784 5641 1853 5703 1668,
1872 5641 1949 5704 2021,

289 5721 373 5790 amr),
392 5737 418 5774 α.
434 5727 497 5774 1249
516 5721 727 5791 acchiepiaomnm
747 5723 928 5792 diripientium
945 5725 1035 5792 simnia
1052 5729 1095 5780 cat.
