4328 6232
703 343 903 402 uelsuousa
921 345 1112 406 SELEGTAE.
1147 349 1224 404 1246.
1727 359 1789 423 129

137 515 270 581 deicere
293 516 486 584 conabatur.
531 517 615 585 Cum
636 525 747 585 autem
771 541 815 586 ex
837 521 898 586 hoc
920 523 1020 608 plena
1041 522 1161 588 fiducia
1183 522 1334 609 prodeat,
1356 526 1443 612 quod
1466 526 1565 614 impio
1588 529 1623 593 in
1644 529 1794 615 proximo

137 641 277 708 passuro
299 622 444 702 ruinam,
472 623 515 688 ad
537 623 697 689 honorem
720 630 754 689 et
777 626 1047 710 tranquillitatem
1072 627 1215 692 ecclesie
1237 628 1367 693 votiva·
1390 631 1569 696 consolatio
1592 653 1694 718 regno
1717 653 1793 720 pro-

139 725 250 790 veniat
273 724 431 805 desolato,
459 727 573 793 habita
596 726 848 793 cumfratribus
871 731 990 794 nostris
1014 728 1253 795 deliberatione
1277 732 1450 818 sollempni
1473 735 1685 821 providimus,
1708 736 1793 823 quod

139 829 227 894 circa
249 831 333 895 tanti
357 832 596 917 promotionem
619 833 743 917 negotii
766 831 965 898 desudemus
988 835 1095 899 animo
1112 835 1272 920 vigilanti.
1309 835 1451 921 Propter
1471 837 1533 902 hoc
1549 840 1608 905 tibi
1625 847 1659 903 et
1673 839 1793 905 dilecto

137 931 204 996 filio
234 939 349 998 nostro
378 934 418 1000 R.
443 934 565 1000 Sancte
593 933 697 1001 Maria
729 936 762 999 in
793 934 961 1001 Cosmidin
997 937 1136 1003 diacono
1167 939 1343 1020 cardinali,
1378 947 1534 1024 tanquam
1566 943 1644 1007 viris
1672 965 1692 1007 a
1721 943 1793 1008 Deo

137 1037 301 1123 sapientia
324 1045 358 1102 et
381 1040 501 1104 virtute
524 1038 674 1125 preditis,
698 1039 785 1125 quod
809 1039 897 1105 lama
913 1048 1024 1106 vestra
1045 1064 1105 1128 per
1127 1043 1216 1108 orbis
1233 1043 1439 1108 latitudinem
1456 1044 1584 1130 optinet
1601 1046 1794 1126 claritatem,

136 1158 196 1226 per
224 1140 457 1226 patrimonium
486 1142 576 1209 beati
599 1143 691 1208 Petri
718 1144 752 1208 in
775 1144 911 1226 Tuscia,
943 1144 1097 1210 ducatum
1120 1146 1262 1232 Spoleti,
1292 1148 1472 1212 marchiam
1494 1148 1734 1214 Anconitanam
1762 1155 1796 1213 et

136 1264 197 1329 per
218 1250 325 1309 totum
349 1266 486 1332 regnum
510 1245 632 1332 Syoilie
656 1247 754 1333 plene
777 1249 953 1333 legationis
978 1248 1120 1314 officium
1150 1249 1304 1315 duximus
1336 1251 1622 1333 committendum,
1651 1252 1795 1318 habituri

137 1353 270 1431 gratum
303 1355 338 1414 et
367 1349 494 1415 firmum
521 1351 675 1437 quicquid
704 1372 761 1416 vos
792 1350 878 1417 duol
906 1354 958 1418 vel
990 1355 1074 1419 alter
1096 1361 1258 1434 vestrum,
1290 1376 1362 1418 cum
1393 1361 1568 1441 utrumque
1597 1356 1793 1421 insolidum

136 1451 285 1537 legatum
309 1473 384 1519 esse
407 1455 556 1535 velimus,
585 1456 619 1520 in
642 1456 868 1542 spiritualibus
892 1477 950 1521 seu
974 1458 1209 1544 temporalibus
1234 1458 1320 1522 circa
1342 1477 1479 1544 regnum
1503 1459 1610 1545 ipsum
1634 1459 1794 1525 duxeritis

136 1555 338 1638 iaciendum,
360 1558 447 1623 siout
468 1564 561 1646 patet
583 1560 616 1625 in
639 1559 758 1624 litteris
782 1580 881 1647 super
903 1566 1068 1647 potestate
1092 1562 1277 1626 huiusmodi
1300 1563 1464 1627 universis
1488 1561 1529 1628 de
1553 1583 1655 1647 regno
1672 1562 1793 1648 Sycilie

136 1658 314 1726 destinatis
324 1661 346 1725 ¹.
380 1662 550 1749 Rogamus
564 1664 675 1749 itaque
691 1664 922 1729 discretionem
940 1671 1030 1729 tuam
1047 1674 1079 1730 et
1095 1666 1263 1731 hortamur
1276 1673 1414 1747 attente,
1431 1665 1626 1730 mandantes
1643 1667 1795 1751 quatinus

136 1764 243 1850 ipsius
276 1764 452 1851 legationis
481 1767 626 1833 officium
657 1768 779 1833 affectu
810 1775 961 1855 prompto
994 1771 1191 1855 suscipiens,
1226 1791 1326 1857 super
1358 1771 1415 1836 illo
1446 1790 1504 1855 pro
1534 1768 1599 1834 Dei
1627 1770 1733 1854 gloria
1761 1775 1796 1833 ot

136 1868 320 1955 apostolice
349 1869 436 1935 sedis
465 1872 588 1938 honore
616 1894 656 1938 ac
684 1894 743 1959 pro
774 1879 863 1937 statu
893 1874 981 1938 orbis
1010 1880 1097 1940 terre
1120 1875 1258 1961 pacifico
1283 1882 1316 1940 et
1338 1874 1496 1960 precipue
1519 1893 1578 1957 pro
1601 1872 1665 1936 line
1688 1871 1795 1937 dando

68 1991 81 2027 r
136 1971 284 2037 lacrimis
313 1976 515 2059 gementium
539 1976 599 2041 sub
623 1974 782 2063 compede
811 1977 993 2054 servitutis,
1025 1979 1073 2043 sic
1097 1978 1302 2064 diligentiam
1326 1977 1459 2063 vigilem
1484 1981 1518 2040 et
1541 1975 1794 2041 sollicitudiuem

136 2074 264 2141 habeas
288 2076 470 2159 efficacem,
491 2086 528 2145 ut
551 2101 651 2146 causa
665 2079 740 2161 Dei,
764 2100 828 2167 que
852 2081 1043 2167 specialiter
1063 2083 1097 2146 in
1115 2082 1176 2147 hac
1193 2090 1286 2170 parte
1303 2083 1420 2167 agitur,
1443 2080 1519 2144 finis
1535 2080 1640 2166 optati
1655 2079 1795 2162 gratiam

135 2187 370 2266 consequatur.

246 2301 287 2367 In
311 2301 454 2369 eundem
477 2303 609 2369 modum
632 2305 672 2371 R.
697 2304 817 2371 Sancte
840 2304 946 2371 Marie
970 2305 1004 2370 in
1029 2305 1200 2371 cosmidin
1224 2305 1363 2372 diacono
1387 2303 1556 2368 cardinali.

762 2566 1173 2576 ———..——

927 2793 1010 2867 171.

242 2887 462 2980 Innocmdius
477 2915 536 2981 IV
549 2937 638 3000 popo
660 2917 853 3002 S[tephonc]
882 2916 969 2981 titali
991 2916 1126 2983 Sanctus
1149 2916 1282 2980 Mortuo
1310 2914 1538 2980 transtuleram
1562 2915 1741 2998 presbytero
1767 2919 1798 2980 et

136 3017 337 3103 magma]
349 3018 487 3086 Suoctoc
499 3020 629 3085 Mariae
645 3021 680 3083 ia
694 3020 854 3086 Cosmidin
872 3020 1003 3085 diacono
1018 3019 1236 3084 cardinalibus
1245 3017 1451 3102 [apostolicae
1468 3019 1552 3082 sedis
1565 3019 1694 3102 legatis]
1708 3037 1797 3082 mou

135 3121 201 3199 dut,
216 3125 252 3184 at
267 3123 303 3186 ia
317 3142 413 3204 ragno
424 3122 556 3189 Siciliae
570 3124 641 3187 sinc
656 3124 786 3205 speciali
798 3124 949 3187 maculato
963 3142 1020 3187 suo
1036 3142 1134 3203 ncqac
1147 3122 1332 3203 huaporulio
1344 3141 1441 3203 ucqrsa
1452 3122 1639 3206 spiritualia
1650 3122 1796 3203 culpatam

136 3223 305 3288 maminot
325 3244 402 3290 accc
422 3231 569 3291 cometes
597 3227 740 3292 calcans
767 3227 926 3303 ordinent,
953 3225 1048 3290 donec
1068 3226 1136 3306 ipsc
1159 3226 1242 3289 circa
1264 3245 1408 3307 raparum,
1435 3229 1599 3306 qmstquom
1623 3224 1659 3286 in
1680 3228 1797 3287 alatum

136 3327 348 3408 tranquillum
369 3328 531 3393 reductum
547 3328 661 3414 fucrit,
684 3349 721 3394 co
742 3330 898 3414 dimicant,
921 3350 1001 3411 quac
1022 3327 1199 3412 repudient.
1350 3330 1443 3406 1246,
1466 3328 1547 3409 Apr.
1570 3328 1709 3391 anaante.

243 3447 368 3504 ΜΝ
384 3447 449 3517 Ray.
467 3447 523 3504 Vol.
541 3448 568 3517 I,
584 3455 649 3516 302;
673 3448 735 3503 Iao.
749 3449 811 3517 III,
830 3464 886 3504 aar.
899 3457 922 3503 9.
960 3448 1060 3503 Paccii
1082 3449 1213 3516 mydas
1236 3449 1398 3503 contacthnua
1420 3463 1480 3502 cum
1500 3448 1605 3514 Rana,
1628 3445 1735 3500 thedr.
1752 3447 1795 3514 ΙΙ,

135 3538 235 3601 pera
253 3533 301 3602 qut
316 3532 372 3588 cod
388 3533 513 3589 Vauaeu.
530 3533 602 3602 J,to
618 3536 769 3603 accipin
785 3536 816 3602 ca
834 3552 862 3590 n.
876 3544 931 3591 170.

244 3619 374 3688 Posthac,
394 3620 456 3690 Ray.
472 3627 566 3685 mosa·
584 3621 680 3690 Berua
693 3629 761 3677 1974.

304 3799 341 3873 S.
369 3797 505 3872 tituli
532 3800 699 3875 Sancte
727 3800 873 3875 Marie
899 3799 1254 3875 Transtiberim
1281 3800 1561 3891 presbytero
1589 3803 1633 3871 et

267 3918 313 3994 R.
343 3920 515 3996 Sancte
547 3922 691 3997 Mario
723 3922 768 3996 in
803 3921 1048 3996 Cosmidin
1085 3923 1278 3996 diacono
1314 3916 1676 3993 cardinalibus².

250 4068 346 4137 Circa
368 4092 506 4158 regnum
524 4071 637 4139 Sicilie
662 4073 748 4139 hunc
771 4072 943 4161 potissime
967 4071 1068 4138 habet
1092 4073 1272 4159 apostolica
1296 4069 1393 4135 sedes
1417 4069 1582 4148 affectum,
1606 4068 1692 4153 quod
1717 4068 1797 4134 illud

142 4174 183 4240 dc
205 4176 368 4261 angustiis
392 4175 434 4240 ad
457 4176 600 4262 quietem
625 4176 721 4243 etde
746 4176 912 4241 servitutis
936 4175 1111 4263 opprobrio
1134 4175 1176 4239 ad
1200 4173 1362 4239 libertatis
1385 4173 1541 4237 honorem
1564 4193 1624 4259 per
1648 4172 1796 4237 eiusdem

141 4277 228 4345 sedis
250 4279 470 4345 ministerium
492 4300 552 4344 sua
574 4278 665 4346 Deus
688 4280 813 4367 pictate
836 4278 987 4359 reducat,
1019 4283 1053 4343 et
1075 4278 1163 4343 illius
1186 4278 1293 4343 incole
1317 4276 1500 4362 gaudeant,
1530 4275 1619 4360 quod
1642 4276 1674 4340 in
1704 4275 1797 4339 nobis

140 4389 175 4449 et
195 4382 353 4450 fratribus
380 4383 502 4449 nostris
530 4382 669 4449 salubris
691 4381 896 4469 providentie
921 4380 1066 4447 studium
1088 4403 1126 4447 ac
1149 4381 1261 4448 debite
1285 4379 1470 4446 invenerint
1492 4378 1797 4465 circumspectionis

140 4486 306 4553 ellectum.
350 4485 440 4552 Hinc
461 4493 529 4569 cst,
558 4487 642 4574 quod
666 4509 727 4554 nos
751 4488 849 4574 digne
873 4487 1047 4575 providere
1071 4489 1239 4568 volentes,
1261 4493 1298 4550 ut
1321 4485 1462 4551 ecclesia
1485 4485 1574 4549 circa
1596 4503 1652 4563 ea,
1675 4503 1739 4569 que
1763 4483 1796 4546 in

139 4590 212 4676 ipso
234 4610 339 4676 ragno
367 4589 519 4657 iacienda
546 4591 731 4671 imminent,
761 4592 803 4655 sit
825 4611 846 4655 a
868 4589 1045 4657 scandalo⁰
1068 4590 1172 4656 libera
1195 4597 1228 4656 et
1250 4589 1403 4654 immunis
1427 4609 1447 4652 a
1469 4593 1566 4668 nota,
1597 4585 1796 4671 quinimmo

140 4692 228 4780 quod
251 4713 311 4758 vos
338 4693 401 4780 ipsi
426 4714 466 4760 eo
488 4693 622 4759 liberius
644 4695 820 4760 commisse
842 4694 1020 4781 legationis
1044 4694 1188 4759 officium
1211 4692 1348 4780 possitis
1370 4690 1540 4779 prosequi,
1570 4709 1634 4775 quo
1657 4687 1698 4752 de
1721 4687 1796 4769 hiis,

140 4817 204 4884 que
234 4798 343 4864 omitti
371 4797 495 4864 debant
516 4799 568 4863 vel
597 4797 686 4880 lieri,
719 4799 799 4865 estis
829 4799 960 4885 plenius
983 4797 1164 4877 informati,
1187 4798 1338 4861 volumus
1361 4801 1395 4860 et
1416 4816 1477 4882 per
1499 4791 1681 4880 apostolica
1703 4790 1797 4855 vobis

140 4904 263 4990 scripta
291 4902 501 4982 mandamus,
530 4903 684 4989 quatinus
714 4903 786 4969 sine
817 4903 954 4990 speciali
986 4902 1140 4968 mandato
1166 4908 1279 4966 nostro
1307 4901 1392 4965 circa
1415 4906 1537 4965 statum
1559 4895 1678 4984 prefati
1703 4894 1796 4980 regni

141 5005 242 5072 nichil
268 5006 404 5093 penitus
433 5005 657 5087 immutantes,
686 5006 798 5093 aliqua
825 5007 1031 5093 temporalia,
1061 5004 1170 5092 quoad
1198 5004 1305 5083 villas,
1336 5008 1454 5083 castra,
1484 5001 1645 5080 civitates,
1673 4997 1797 5084 predia,

141 5116 258 5191 terras,
280 5110 511 5197 possessiones
534 5117 567 5175 et
589 5109 714 5193 domos,
738 5111 806 5176 sive
831 5111 942 5197 aliqua
965 5110 1156 5196 spiritualia,
1180 5108 1287 5196 quoad
1308 5105 1495 5194 prebendas
1516 5112 1550 5171 et
1570 5101 1798 5169 ecclesiastica

141 5211 313 5295 beneficia,
337 5213 461 5278 nemini
484 5212 686 5296 concedatis,
710 5234 772 5280 nec
795 5213 896 5279 etiam
921 5214 1049 5299 aliquas
1066 5218 1222 5278 vacantes
1246 5210 1404 5276 ecclesias
1427 5206 1595 5287 ordinetis,
1619 5225 1798 5291 quousque,

245 5439 271 5505 ι)
290 5441 379 5493 vuar·
395 5440 508 5494 assa.
595 5439 621 5505 b)
640 5442 715 5494 smus
732 5440 801 5492 vau.
876 5400 913 5504 ὀ)
932 5439 1109 5492 manen.

246 5576 272 5641 1)
289 5582 385 5633 sam.
414 5574 512 5633 Ouo
532 5590 572 5648 ep
588 5575 626 5631 ud
646 5575 717 5632 horso
738 5592 849 5632 causam
866 5575 1027 5645 pertinentes
1052 5570 1369 5643 [n.168—178]leqotia
1391 5567 1561 5624 canariam
1582 5580 1635 5620 esse
1653 5570 1799 5634 psam,-

143 5660 177 5751 ‘d-
187 5676 219 5733 p.
231 5668 285 5733 121,
301 5666 357 5720 nd.
368 5670 393 5723 1.
458 5662 563 5735 ”Hoc
576 5679 679 5735 quoque
694 5664 752 5720 boo
767 5663 920 5737 apostolice
933 5662 1007 5716 sedis
1019 5659 1121 5730 legatis
1133 5659 1217 5713 desse
1228 5660 1287 5728 ipsu
1298 5656 1376 5711 rerba
1386 5655 1508 5725 mactae
1515 5652 1644 5805 prolhpnh
1661 5652 1694 5719 cl.
1705 5669 1734 5707 a.
1744 5660 1799 5708 170.

246 5756 455 5819 unarmlt
