4784 6332
844 433 1044 488 EPISTOLAE
1063 433 1253 490 SELEC'I'AE.
1289 437 1364 491 1246.
1806 490 1811 500 .
1871 445 1925 507 19¹

277 623 388 666 eorum
413 607 625 688 presentiam,
658 626 853 690 quamquam
877 606 997 670 citatus
1021 607 1140 672 fuisset
1163 609 1204 673 eb
1229 609 1293 688 eis,
1317 609 1474 676 accedere
1499 614 1735 677 contumaciter
1758 615 1931 694 noluisso·,

277 730 363 786 eum,
393 707 434 772 ad
458 730 555 793 quem
580 709 766 773 huiusmodi
790 709 926 775 rrronitio
950 719 984 774 et
1007 713 1117 776 citatio
1141 734 1204 777 non
1228 720 1456 799 pervenerant,
1486 714 1636 780 omnibus
1660 715 1875 802 dignitatibus
1900 723 1933 783 et

280 812 445 876 beneficiis
474 813 540 876 suis
570 813 803 877 ecclesiasticis
828 815 1068 880 sententialiter
1096 817 1320 901 privaverunt,
1353 825 1387 883 et
1416 819 1759 884 excommunicationis
1790 821 1934 886 tulerunt

279 917 475 980 sententiam
499 916 531 980 in
548 916 697 981 eundem.
744 917 811 982 Sed
827 919 991 1001 quamcito
1008 919 1181 1000 intellexit,
1205 920 1291 1005 quod
1307 922 1419 985 taliter
1438 941 1629 1007 processum
1645 921 1802 988 extiterat
1819 928 1933 989 eontra

210 1061 214 1072 ·
278 1019 396 1106 ipsum,
420 1019 515 1105 petiit
537 1040 598 1106 per
620 1026 862 1105 procuratorem
878 1020 1032 1086 idoneum
1048 1020 1090 1086 eb
1107 1021 1241 1103 eisdem,
1264 1031 1300 1088 ut
1323 1045 1514 1110 processum
1531 1023 1714 1088 huiusmodi
1731 1033 1932 1106 revocarent,

277 1123 451 1210 presertim
483 1144 555 1187 cum
580 1129 713 1210 paratus
737 1129 827 1188 esset
854 1124 895 1190 de
923 1123 1040 1188 stando
1067 1123 1128 1188 iuri
1162 1145 1270 1188 eoram
1300 1125 1349 1190 eis
1376 1133 1524 1212 prestare
1551 1125 1702 1192 idoneam
1732 1129 1932 1205 cautionsm;

277 1225 364 1310 quod
386 1225 436 1290 eib
458 1226 568 1291 lacere
591 1226 721 1311 penitus
745 1225 958 1312 denegarunt.
1003 1227 1098 1292 Unde
1121 1228 1216 1292 nobis
1240 1229 1405 1294 humiliter
1430 1229 1641 1316 supplicavit,
1669 1238 1706 1296 ut
1729 1253 1801 1296 oum
1823 1233 1932 1300 eidem

276 1329 454 1414 dignitates
478 1336 511 1394 et
532 1330 692 1395 beneficis
714 1330 860 1416 predicta
882 1331 1074 1396 mandemus
1099 1333 1227 1396 restitui
1249 1331 1289 1396 de
1312 1334 1420 1418 gratia
1442 1333 1585 1419 speciali,
1610 1340 1643 1400 et
1666 1333 1754 1400 idem
1776 1338 1932 1402 nonnulla

277 1432 439 1498 beneficis
472 1433 512 1496 sd
548 1432 754 1498 donationem
789 1454 880 1498 suem
917 1435 1041 1498 ratione
1073 1436 1351 1521 prepositurerum
1383 1436 1548 1522 Aquensis
1584 1443 1617 1502 et
1647 1437 1760 1504 Sancti
1791 1439 1931 1506 Servatii

278 1536 501 1601 Traieetensis
525 1544 557 1602 et
580 1537 716 1600 aliarum
740 1535 936 1622 dignitatum
959 1559 1089 1602 suarum
1105 1539 1286 1623 spectantia
1306 1539 1413 1604 medio
1430 1546 1578 1626 tempore
1596 1542 1759 1606 nonnullis
1782 1545 1932 1629 personis

277 1640 462 1718 contulerit,
486 1641 656 1705 consulere
679 1641 828 1725 personis
857 1641 937 1727 ipsis
966 1661 1064 1727 super
1091 1642 1260 1706 beneficiis
1285 1641 1409 1706 eisdem
1437 1649 1574 1728 paterna
1597 1643 1814 1709 sollicitudine
1838 1667 1931 1711 cure-

277 1763 400 1808 remus.
444 1742 589 1828 ldcoque
613 1742 820 1824 mandemus,
851 1745 1017 1829 quatinus,
1049 1745 1076 1810 si
1099 1753 1149 1809 est
1172 1747 1219 1810 ita
1242 1754 1275 1812 et
1297 1745 1383 1811 idem
1407 1745 1593 1832 prepositus
1615 1746 1777 1811 beneficia
1799 1747 1868 1833 ipsa
1892 1747 1932 1811 dc

277 1866 365 1910 novo
388 1846 511 1911 eisdem
535 1847 673 1912 voluerit
701 1847 847 1912 conterre
876 1848 1039 1935 personis,
1069 1855 1119 1930 tu,
1149 1850 1211 1914 nisi
1241 1849 1304 1914 sint
1332 1851 1406 1915 eliis
1430 1848 1471 1914 de
1495 1849 1647 1915 mandato
1669 1857 1778 1916 nostro
1803 1852 1937 1917 collate..

279 1949 488 2015 collationem
513 1969 606 2016 suem
630 1953 822 2017 auctoritate
847 1959 960 2018 nostra
982 1953 1165 2018 confirmes.

194 2086 220 2124 ιε
384 2072 459 2138 Dat.
482 2071 644 2160 Lugduni,
668 2074 699 2138 V
722 2073 798 2140 Kal.
820 2073 997 2142 Novembr.
1021 2097 1105 2140 anno
1129 2077 1272 2162 quarto.¹

1063 2477 1149 2552 25&

384 2587 603 2682 lrnnocentins
619 2617 675 2682 IV
689 2639 778 2698 pepe
801 2618 917 2682 deceno
937 2619 1158 2684 Omreerdiensi
1180 2617 1318 2692 nmrrdet,
1341 2621 1376 2680 nt
1397 2637 1466 2682 cern
1489 2617 1570 2682 bonu
1592 2619 1734 2684 ecelesiae
1752 2619 1933 2684 Ternisirme

275 2742 335 2800 per
350 2721 549 2784 Frirtcrienm
565 2721 722 2802 quendem
738 2722 954 2804 imperatorem
975 2725 1004 2785 et
1025 2723 1055 2786 ci
1074 2721 1278 2784 edisserentes
1300 2719 1387 2784 uelde
1407 2720 1473 2782 sint
1488 2721 1669 2800 discinctae,
1693 2744 1748 2788 sce
1764 2722 1932 2798 canonicis,

275 2824 457 2907 prim-iterio
485 2825 514 2886 et
536 2822 660 2888 totidem
681 2823 857 2904 cepettenis
879 2824 1014 2888 eiusdem
1037 2825 1180 2890 certesiae
1204 2825 1236 2886 in
1260 2827 1381 2888 ecrrtnm
1402 2823 1518 2888 neereis
1539 2826 1664 2906 arpenti
1685 2825 1725 2888 eb
1748 2825 1883 2889 ecelesiis
1904 2829 1933 2888 et

280 2924 479 2990 rrrmrrrsteriis
505 2925 690 2992 Corinthiae
712 2930 741 2991 et
763 2926 882 2993 Stiriee
901 2926 1008 3011 faciet
1024 2927 1196 3008 prouideri.
1602 2931 1696 3004 1246,
1717 2927 1798 2994 Nee.
1815 2932 1845 2992 3.

198 3045 226 3082 n
385 3043 993 3114 mmmmmmmmm
1799 3021 1800 3024 ‘

385 3133 481 3201 Beryer
493 3137 565 3186 2214.

796 3242 1038 3315 ..decano
1066 3237 1428 3312 Concordiensi

386 3390 458 3455 Etsi
475 3391 571 3456 sedes
588 3392 767 3477 apostolice
786 3390 984 3476 quibuslibet
1000 3388 1221 3474 indigentibus
1243 3389 1449 3453 consueverit
1471 3391 1602 3476 pietatis
1619 3385 1777 3476 gremium
1795 3392 1933 3476 aperire,

283 3493 347 3557 illis
370 3501 480 3558 temen
504 3493 631 3558 facilius
654 3517 692 3559 ac
714 3494 869 3559 libentius
893 3493 1068 3557 subvenire
1092 3497 1232 3570 tenetur,
1256 3491 1311 3575 qui
1328 3513 1386 3577 pro
1404 3493 1627 3557 ecelesiastica
1643 3493 1795 3558 libertate
1812 3493 1934 3558 tuenda
2037 3558 2038 3562 ,

202 3613 229 3652 2³»
284 3595 456 3662 destructis
478 3597 547 3663 fore
563 3598 711 3663 omnibus
728 3598 822 3663 bonis
844 3599 911 3662 suis
928 3596 1174 3683 persecutiones
1192 3595 1232 3660 ab
1250 3597 1388 3660 inimicis
1404 3596 1542 3661 ecclesie
1562 3597 1732 3661 continuas
1756 3597 1933 3683 patiuntur.

284 3701 364 3766 Cum
388 3703 496 3787 igitur,
519 3703 602 3766 siout
625 3702 822 3788 accepimus,
847 3701 932 3766 bonu
955 3700 1095 3765 ecclesie
1110 3699 1281 3764 Tervisine
1305 3721 1364 3786 per
1383 3699 1585 3765 Fridericum
1608 3697 1771 3784 quendem
1794 3701 1933 3787 impero-

283 3813 388 3870 torem
421 3809 454 3870 et
484 3804 681 3870 adherentes
711 3805 817 3870 eidem
848 3804 928 3870 adeo
960 3805 1025 3868 sint
1056 3802 1253 3884 destructe²,
1284 3811 1320 3868 ut
1343 3804 1490 3868 canonici
1511 3802 1694 3868 residentes
1718 3789 1846 3889 in'ipse
1869 3825 1934 3869 non

282 3907 437 3988 babeant,
459 3907 544 3973 unde
560 3909 692 3974 valeant
715 3910 903 3988 sustentari,
927 3929 996 3988 nos,
1019 3914 1174 3992 gerentes
1199 3927 1296 3993 super
1318 3908 1380 3971 hoe
1404 3907 1490 3972 circe
1512 3907 1602 3992 ipsos
1625 3907 1677 3992 pie
1699 3909 1935 3993 compassionis

283 4012 451 4091 affectum,
487 4013 693 4094 mandemus,
722 4013 872 4098 quatinus
903 4033 963 4077 sex
995 4011 1171 4090 canonicis,
1202 4011 1440 4098 ..primicerio
1473 4017 1506 4075 et
1534 4009 1668 4075 totidem
1697 4011 1874 4097 capellanis
1902 4011 1935 4075 iu

285 4113 400 4180 eedem
424 4115 565 4180 ecclesie
588 4117 738 4180 continue
763 4116 930 4181 servituris
954 4115 1057 4179 facias
1081 4115 1275 4179 auctoritato
1299 4120 1412 4180 nostra
1440 4115 1473 4178 in
1501 4119 1631 4178 centum
1662 4115 1779 4179 mareis
1807 4115 1935 4199 argenti

283 4241 342 4304 pro
365 4221 602 4285 sustentatione
626 4221 770 4305 ipsorum
794 4219 854 4284 hac
878 4219 949 4284 vioe
974 4218 1015 4284 ab
1039 4218 1201 4304 aliquibus
1226 4219 1374 4283 eeclesiis
1397 4219 1451 4282 vel
1477 4218 1686 4282 monasteriis
1711 4217 1878 4284 Cerinthie
1903 4225 1936 4284 et

285 4323 382 4388 Stirio
406 4323 569 4410 provideri
592 4360 634 4372 -
657 4344 723 4388 non
746 4322 919 4388 obstante⁰
943 4324 970 4387 si
994 4321 1157 4388 ecclesied
1180 4329 1212 4386 et
1235 4324 1434 4386 monasteria
1463 4321 1588 4402 eadem,
1617 4322 1650 4385 in
1673 4321 1790 4407 quibus
1813 4322 1935 4386 eisdem

283 4426 517 4512 providendum
534 4426 677 4505 duxeris,
701 4425 765 4490 sint
785 4426 979 4490 auctoritate
1001 4433 1111 4490 nostra
1134 4447 1233 4511 super
1255 4425 1353 4489 simili
1375 4425 1559 4513 provisione
1582 4431 1727 4509 gravata,
1752 4446 1809 4488 seu
1826 4426 1936 4511 eliqua

284 4531 372 4596 sedis
396 4533 572 4617 apostolice
594 4530 800 4616 indulgentia
822 4531 903 4616 ipsis
927 4550 1098 4606 concessa,
1122 4528 1208 4614 quod
1231 4549 1294 4593 non
1318 4529 1442 4614 possint
1470 4528 1511 4592 ad
1535 4527 1754 4613 receptionem
1778 4548 1836 4591 seu
1860 4548 1934 4612 pro-

216 4673 221 4682 ·
284 4636 445 4699 visionem
469 4635 607 4700 alicuius
631 4635 783 4722 compelli
808 4654 865 4721 per
887 4634 1013 4698 litteres
1037 4632 1245 4719 apostolicas,
1273 4633 1336 4697 nisi
1359 4653 1549 4718 expressam
1573 4631 1613 4696 de
1636 4631 1709 4716 ipsa
1731 4631 1936 4714 indulgentie

285 4739 424 4803 feceriut
445 4739 663 4819 mentionem,
686 4739 740 4804 vel
762 4737 908 4823 qualibet
929 4736 1010 4812 alia,
1039 4758 1100 4822 per
1122 4756 1218 4821 quam
1241 4741 1354 4820 posset
1376 4734 1561 4799 huiusmodi
1583 4735 1689 4819 gratie
1711 4733 1860 4820 impediri
1883 4735 1936 4798 vel

287 4843 387 4906 etiam
410 4843 578 4918 retardari,
601 4848 658 4906 aut
682 4841 913 4906 constitutione
937 4838 978 4904 de
995 4838 1121 4904 duabus
1137 4838 1234 4903 dietis
1251 4837 1340 4903 edita
1358 4839 1391 4901 in
1413 4838 1550 4902 concilio
1567 4837 1712 4922 generali
1728 4859 1786 4911 -;
1808 4838 1938 4923 proviso

284 4965 325 5010 ne
353 4945 470 5010 fratres
497 4945 612 5011 militie
635 4944 765 5031 Templi
793 4951 826 5009 et
849 4943 1034 5028 Hospitalis
1056 4941 1308 5007 lerosolimituni
1331 4940 1374 5006 ed
1395 4941 1615 5026 provisionem
1638 4939 1822 5004 huiusmodi
1847 4960 1935 5004 com-

284 5050 459 5137 pellantur.

389 5169 463 5237 Dat.
487 5171 649 5256 Lugduni,
673 5171 725 5236 ΠΙ
747 5171 859 5236 Νοιιεε
881 5169 1086 5248 Novembris,
1110 5190 1194 5234 enno
1217 5167 1274 5232 IV.

389 5429 413 5496 ⁸)
432 5433 516 5499 ipsum
539 5433 579 5484 vet
601 5433 652 5484 tate
674 5429 751 5497 quid,
777 5431 845 5496 quod
870 5430 1045 5493 derideatur,
1071 5449 1123 5482 non
1144 5447 1174 5482 ee
1196 5429 1349 5496 negligentia
1370 5429 1503 5494 scriptoris
1524 5427 1569 5479 sed
1586 5445 1617 5478 ere
1640 5444 1728 5478 errore
1753 5423 1937 5477 obtrectatoris

285 5517 406 5570 eniisnmr
423 5536 475 5570 esre
492 5519 599 5570 uidetur.
704 5517 729 5582 b)
746 5519 783 5570 eis
801 5517 833 5567 Ii.
939 5515 961 5581 c)
979 5533 1016 5567 err
1033 5535 1085 5568 non
1103 5517 1168 5569 obst.
1183 5537 1215 5558 =
1229 5535 1281 5568 nun
1299 5515 1481 5568 obstantibus?
1584 5511 1609 5577 d)
1627 5512 1735 5564 ecclesis
1752 5513 1783 5563 Ρ.

391 5637 416 5702 l)
435 5636 513 5691 Atreo
538 5635 642 5706 pretias
664 5633 743 5690 ciem
768 5631 860 5687 Ottem
881 5632 930 5687 ae
953 5631 1010 5689 Oet.
1033 5641 1063 5690 16
1086 5639 1109 5688 et
1132 5641 1167 5690 20
1192 5634 1280 5700 ledae
1304 5649 1347 5702 ep.
1372 5633 1469 5703 Borper
1492 5638 1566 5699 2156,
1593 5637 1670 5699 2167,
1699 5635 1780 5696 trem·
1807 5628 1842 5694 es.
1864 5633 1939 5682 2443.

284 5725 312 5790 2)
334 5720 372 5790 Cf.
392 5739 418 5776 a
439 5729 493 5779 252.
