4328 6232
952 356 1000 411 EX
1020 356 1238 412 INNOCENTII
1256 355 1295 410 IV
1313 356 1494 412 suslsnuo

1178 660 1265 733 609.

495 770 713 862 Innocentius
733 798 791 863 IV
804 820 893 879 propo
919 799 956 863 de
985 799 1175 883 Nerienburp
1202 807 1230 863 et
1258 802 1295 864 dc
1318 801 1483 866 Ardacber
1510 800 1709 865 ccclesiurnrn
1736 801 1929 880 praepositis
1952 799 2056 864 Pani-

390 900 507 963 cicnsis
534 900 664 964 diocesis
686 903 830 980 recondat,
862 907 898 965 nt
919 903 1098 985 Kytionnm
1124 905 1251 968 clectnnc
1279 905 1462 969 monosterii
1485 903 1646 969 Scotorum
1672 903 1706 967 in
1734 904 1882 981 Wicnnc,
1911 925 1985 968 cunr
2013 904 2057 968 ao

390 1003 557 1088 [Atbcrto]
577 1004 717 1086 episcopo
739 1006 967 1098 Rotisponcnsi
989 1007 1211 1072 benedictionis
1232 1028 1348 1073 rotinus
1368 1008 1532 1089 acceperit,
1566 1007 1600 1070 in
1622 1008 1806 1071 nronmnrit
1821 1009 2056 1087 possessiouem

394 1106 556 1172 inducant.
1454 1140 1456 1144 ⁴
1721 1113 1814 1186 1246,
1836 1108 1912 1176 Dec.
1934 1115 1965 1178 1.

496 1227 558 1280 Ion.
572 1227 593 1278 I
599 1226 623 1278 V
638 1227 700 1295 Rep.
720 1228 780 1281 Lib.
800 1229 846 1294 VI,
864 1231 886 1294 t.
901 1239 939 1296 tt,
958 1247 985 1282 n.
998 1236 1053 1284 241.

499 1312 631 1379 Pottbost,
652 1315 713 1382 Rq.
729 1323 821 1382 13091‚·
839 1316 937 1383 Berpcr
954 1323 1027 1370 4233.

558 1546 597 1566 ..
626 1492 679 1564 de
706 1493 1028 1585 Neuerburg²²¹
1057 1501 1101 1566 et
1130 1551 1168 1567 ..
1197 1497 1250 1569 de
1279 1493 1546 1570 Ardacher²
1575 1495 1892 1568 ecclesiarum

790 1615 1058 1709 prepositis
1084 1615 1399 1690 Pataviensis
1426 1615 1650 1689 diocesis,

502 1763 706 1826 Pressntium
741 1765 833 1829 vobis
869 1764 1062 1829 auctoritate
1101 1765 1309 1845 mandamus,
1351 1765 1504 1851 quatinus
1543 1764 1698 1829 dilectum
1733 1763 1836 1828 filium
1871 1762 2055 1849 Kyliauum

393 1865 533 1928 electum
565 1869 751 1932 monasterii
783 1874 895 1933 sancte
927 1868 1031 1933 Maria
1064 1868 1235 1933 Scotorum
1268 1869 1301 1932 iu
1326 1867 1469 1932 Wianua
1498 1868 1702 1934 Pataviensis
1733 1866 1888 1942 diocesis,
1929 1889 2005 1931 curu
2034 1890 2055 1930 a

394 1968 573 2032 venerabili
597 1970 696 2033 fratre
720 1977 831 2034 nostro
856 2019 888 2034 ..
912 1970 1145 2058 Ratispouensi
1169 1973 1324 2057 episcopo
1347 1972 1440 2035 iuxta
1462 1970 1607 2035 mandati
1636 1970 1737 2034 nostri
1767 1976 1936 2047 tenorem,
1967 1969 2055 2054 quod

395 2071 502 2136 eidem
531 2073 688 2158 episcopo
718 2072 951 2152 destinamus³‚
986 2096 1104 2139 munus
1132 2074 1370 2139 benedictionis
1401 2075 1582 2161 acceperit,
1617 2075 1651 2137 in
1684 2070 1832 2137 ciusdem
1860 2073 2056 2137 monasterii

393 2176 638 2262 possessionem
661 2176 823 2241 inducatis
847 2185 881 2242 et
911 2176 1093 2242 defendatis
1123 2178 1305 2252 inductum;
1337 2177 1592 2242 contradictores
1616 2183 1694 2256 etc,
1724 2176 1876 2240 invocato
1907 2174 1952 2239 ad
1980 2175 2054 2253 hoc‚

396 2279 424 2343 si
446 2301 584 2346 necesse
608 2281 716 2361 fuerit,
740 2282 863 2347 auxilio
888 2281 1014 2347 brachii
1039 2283 1207 2347 secularis.

503 2400 584 2467 Dat.
606 2409 642 2467 ut
666 2424 774 2489 supra.

1016 2546 1428 2553 -——-0-—---—--———

1183 2791 1270 2862 610.

502 2899 719 2994 Innocentius
746 2928 771 2991 I
775 2928 805 2992 V
820 2950 910 3010 popa
940 2931 1088 3011 potcstoti
1117 2930 1286 3013 Spoletino
1319 2931 1464 3008 inundat,
1498 2935 1533 2993 ut
1567 2952 1634 2995 curri
1667 2929 1888 3014 R[oynerins]
1920 2929 2056 2993 Sanctae

397 3031 530 3097 Murice
552 3033 587 3094 in
613 3030 773 3097 Cosniidin
795 3032 947 3096 diaconus
968 3034 1152 3110 cordinotis,
1174 3035 1361 3114 apostoticae
1383 3033 1466 3099 sedis
1489 3035 1617 3117 tepotus,
1640 3033 1780 3097 bomines
1804 3032 1915 3098 castri·
1934 3031 2057 3095 Librtdi

397 3134 441 3197 od
462 3135 719 3214 satisfaciendum
742 3135 854 3199 Iacobo
876 3140 905 3199 ct
925 3137 1075 3202 Andreae
1098 3138 1135 3202 dc
1161 3138 1273 3203 Castro
1294 3137 1418 3201 Lttotdt
1439 3141 1469 3202 ct
1488 3138 1569 3219 fictis
1592 3137 1700 3200 locobi
1725 3135 1762 3199 dc
1793 3134 1927 3197 iniuriis
1958 3133 2056 3197 illeiis

397 3237 655 3315 condennooerit
677 3237 759 3302 trono
781 3239 1062 3304 wnbrrrnotionern
1086 3242 1260 3306 ccccntioni
1282 3241 1453 3306 dcmrrrmct.
1728 3241 1821 3315 1248,
1844 3235 1923 3302 Dec.
1941 3240 1969 3303 1.

502 3359 565 3412 rna
578 3359 626 3412 ru
641 3359 706 3428 nep.
725 3359 785 3415 nn.
803 3360 1006 3430 ricc-1⁶,
1024 3379 1052 3418 a.
1066 3369 1122 3417 aso.

503 3445 634 3513 Pontos,
655 3445 718 3513 Rq.
732 3451 828 3513 reret·
848 3448 1032 3516 Reperiam.

909 3682 948 3700 ..
976 3628 1215 3718 potestati
1243 3621 1545 3719 spoletanot

508 3774 604 3855 Cum,
633 3777 717 3840 sicut
746 3799 788 3840 ex
815 3782 908 3861 parte
937 3776 1129 3839 dilectorum
1159 3775 1297 3839 filiorum
1327 3776 1438 3840 Iacobi
1470 3782 1503 3839 ct
1530 3773 1663 3837 Andrea
1693 3771 1734 3836 de
1759 3771 1877 3836 Castro
1902 3771 2054 3847 uitauit

400 3877 592 3957 Hermanui‚
623 3879 755 3960 Follis0,
779 3879 921 3965 Philippi
946 3885 978 3943 et
1006 3879 1115 3964 Egidii
1139 3887 1289 3943 natorum
1314 3879 1462 3945 eiusdem
1485 3878 1598 3941 Iacobi
1623 3876 1803 3961 Spoletanc
1828 3873 1973 3939 diocesis
1997 3875 2055 3939 tuit

399 3983 601 4068 propositum
626 4005 736 4047 coram
759 3984 869 4064 nobis,
899 3983 1039 4046 dilectus
1063 3982 1149 4046 filius
1173 3988 1286 4046 noster
1309 3983 1349 4048 R.
1375 3983 1493 4047 Sancte
1518 3979 1622 4044 Maria
1648 3980 1680 4042 in
1705 3977 1873 4043 Cosmidiu
1900 3978 2054 4043 diaconus

400 4084 590 4165 cardinalis,
623 4088 801 4173 apostolice
831 4086 919 4151 sedis
948 4086 1090 4169 legatus,
1126 4085 1273 4150 homiues
1301 4088 1402 4172 ipsius
1431 4084 1540 4149 Castri
1569 4082 1691 4147 Litaldi
1719 4080 1760 4145 ad
1789 4079 2056 4145 satisfaciendum

399 4191 462 4254 sibi
485 4188 526 4255 da
549 4190 698 4278 dampnis
721 4192 819 4256 illatis
843 4191 884 4255 ab
909 4193 957 4255 eis
981 4199 1014 4254 ct
1038 4191 1078 4255 de
1103 4191 1176 4254 aliis
1200 4191 1314 4270 etiam,
1344 4210 1406 4274 qus
1436 4209 1495 4273 pro
1524 4184 1751 4252 conservanda
1778 4184 1938 4249 fidelitate
1972 4182 2056 4248 sedis

399 4295 582 4379 apostolice
605 4296 828 4372 ammimrnnt,
852 4293 985 4359 duxerit
1002 4292 1304 4378 condempnandos:
1331 4292 1531 4365 mandamus,
1556 4290 1710 4374 quatinus
1728 4288 2056 4374 condempnationem

399 4397 583 4462 huiusmodi
611 4397 652 4462 ds
682 4399 779 4484 plano
809 4406 843 4462 et
871 4398 994 4483 absque
1022 4397 1136 4460 iudicii
1167 4397 1321 4481 strepitu,
1352 4417 1395 4460 ex
1418 4416 1481 4478 quo
1504 4396 1609 4480 possit
1633 4414 1731 4457 cause
1756 4391 1849 4476 sequi
1873 4391 2056 4477 prolixitas.

400 4507 562 4587 potestate
586 4502 645 4566 tibi
671 4502 787 4565 tradita
811 4502 996 4566 executioni
1030 4500 1208 4564 demandes
1234 4537 1271 4545 —
1298 4520 1362 4561 nou
1390 4499 1544 4562 obstante
1571 4498 1681 4581 aliquo
1707 4496 1888 4581 Spoletanc
1917 4493 2056 4558 civitatis
2126 4516 2154 4542 ·

400 4611 522 4670 statuto
546 4607 729 4671 iuramento
753 4607 804 4670 vel
829 4606 894 4669 alia
910 4606 1062 4669 firmitate
1079 4604 1212 4670 vallato.
1246 4603 1401 4688 Alioquin
1419 4602 1599 4667 venerabili
1616 4601 1709 4664 fratri
1727 4607 1836 4663 nostro
1854 4649 1862 4665 .
1877 4649 1886 4664 .
1903 4598 2056 4683 episcopo

399 4710 560 4774 Perusino
584 4709 699 4774 damus
723 4710 842 4773 uostris
866 4709 984 4772 litteris
1009 4709 1040 4771 in
1064 4707 1236 4785 mandatis,
1266 4714 1301 4770 ut
1325 4707 1395 4792 ipse
1419 4727 1518 4792 super
1541 4704 1603 4768 hoe
1626 4703 1814 4767 mandatum
1838 4702 2057 4786 apostolicum

401 4821 595 4899 exequatur.

508 4935 586 5000 Dat.
610 4935 772 5021 Lugduni,
796 4933 872 5000 Kal.
896 4932 1102 5012 Decembris,
1127 4952 1212 4996 auno
1228 4930 1324 4996 V1⁰⁵.

1317 5072 1430 5078 -.-—-.-
1444 5067 1803 5076 ——..-—-—----—-.-—-
1821 5067 1828 5072 .
1836 5067 1846 5071 -

503 5180 526 5245 ι)
546 5160 670 5246 Nebburg
688 5178 720 5227 c.
829 5174 854 5239 b)
873 5174 995 5241 sponsu
1014 5173 1046 5224 u.
1157 5170 1441 5232 cinomannicum
1461 5170 1506 5234 c.,·
1530 5170 1558 5220 n
1579 5168 1744 5234 erumpam
1764 5166 1821 5218 ru.
1840 5165 1892 5229 rr,
1909 5170 1960 5217 ano
1982 5175 2007 5217 e
2028 5165 2053 5214 n

399 5268 516 5332 ncorpiuc
534 5276 557 5318 ct
574 5268 601 5318 in
618 5266 697 5316 rubro
716 5265 808 5330 teqimr
826 5265 973 5314 Hermanno
992 5259 1055 5310 rolli.

505 5386 530 5452 1)
548 5383 777 5450 Ktosterneoburp
800 5396 834 5435 cx
857 5384 919 5448 cept.
943 5384 967 5433 et
989 5394 1039 5432 occ.
1062 5377 1108 5430 αὐ.
1131 5374 1216 5428 Wien.
1311 5375 1339 5441 2)
1359 5373 1496 5428 deductor
1518 5373 1555 5426 od
1573 5373 1780 5442 Danubiumtt.
1804 5372 1884 5439 infru
1905 5371 1954 5427 cir.
1973 5370 2058 5426 Em

399 5473 427 5538 3)
448 5472 488 5537 tt.
506 5488 534 5524 n.
549 5477 607 5525 608.
694 5470 722 5537 4)
744 5467 833 5522 Oostct
851 5465 957 5521 Ritutdi
975 5480 1009 5518 cn
1025 5468 1090 5531 sept.
1107 5466 1131 5514 et
1147 5476 1198 5514 ooo.
1216 5459 1262 5515 cic.
1283 5459 1450 5528 spoletanae.
1536 5461 1564 5526 5)
1585 5458 1641 5513 Sub
1658 5457 1747 5513 codem
1768 5456 1813 5513 dte
1831 5456 1928 5513 lambo
1949 5456 2059 5525 ultim

400 5555 643 5610 condemnationem
666 5555 744 5625 lcpoti
766 5553 939 5620 confirmavit.
977 5549 1034 5605 Sub
1050 5548 1115 5603 Dec.
1129 5553 1146 5600 2
1162 5547 1248 5614 teporo
1268 5545 1419 5612 ermnducn't,
1445 5553 1476 5600 ut
1499 5546 1660 5600 Hermanno
1677 5544 1769 5601 unct
1788 5544 1900 5601 mio
1917 5542 1953 5599 dc
1969 5541 2058 5599 &m

399 5641 643 5698 Mamaeanos·
662 5624 2056 5698 consummatissimumqnatwuommtmmvtoemkmffi
