4328 6232
199 360 263 423 516
755 351 805 406 lux
823 349 1042 405 INNOOENTII
1061 348 1100 403 IV
1118 346 1301 404 auulsuuo

198 527 369 615 gradiendi
398 527 643 613 possessionem
673 547 785 592 corum
821 526 1002 591 tribuentes
1031 525 1125 590 vobis
1160 524 1296 589 liberam
1331 523 1538 601 facultatem,
1573 521 1750 606 presertim
1785 541 1855 584 cum

199 638 378 698 castrorum
401 632 548 717 ipsorum
571 631 722 695 homiues
744 631 842 694 castri
865 631 964 694 vestm
989 631 1053 694 sint
1075 634 1111 692 ut
1135 627 1284 692 asseritis
1308 626 1513 691 habitatores
1536 624 1659 701 effecti,
1682 624 1855 688 dummodo

199 739 382 823 aliquorum
406 735 596 800 devotorum
620 734 761 799 ecclesie
784 734 857 797 iura
878 733 943 798 ledi
967 739 1120 818 pretextu
1144 731 1370 795 concessionis
1393 728 1578 793 huiusmodi
1594 749 1662 792 uon
1678 729 1853 813 contingat.

198 840 288 905 Nulli
312 861 390 926 ergo
414 844 477 905 eto.

307 962 385 1028 Dat.
408 962 571 1049 Lugduni,
596 963 624 1026 V
646 959 722 1024 Kal.
746 957 838 1037 Maii,
861 954 1060 1020 ann0v101.

823 1235 1231 1245 ..-———--›—-——-—--—.

986 1503 1073 1578 694.

306 1623 526 1716 Innocentius
551 1648 609 1714 IV
624 1668 713 1733 propa
745 1646 853 1712 abbati
880 1645 993 1711 Sancti
1021 1643 1111 1708 Petri
1139 1643 1177 1707 dc
1204 1642 1406 1726 Vittamcpao
1432 1644 1628 1726 Anagninos
1657 1643 1790 1707 diooesis
1819 1643 1860 1707 od

197 1775 306 1837 preces
333 1753 522 1840 P[oudnlfi]
548 1754 585 1817 dc
613 1751 790 1819 Foscnclla
819 1749 965 1827 mandat,
1002 1753 1037 1812 ut
1067 1748 1179 1813 Iacobo
1208 1748 1289 1812 dicto
1317 1747 1535 1829 Squorsopell.
1563 1748 1674 1812 clerico
1702 1749 1740 1811 in
1769 1769 1861 1831 repro

203 1859 334 1926 Siciliae
356 1858 393 1922 dc
415 1857 588 1923 redditibus
610 1855 826 1922 ceclesiasticia
847 1874 945 1935 usquc
966 1852 1010 1917 cd
1032 1853 1165 1936 tn'pintc
1187 1852 1300 1917 uncias
1321 1851 1397 1915 oriri
1413 1849 1589 1930 provident.

1503 1955 1775 2036 1249,A1›r.25.

308 2080 371 2134 Ina.
384 2077 432 2132 IV
448 2078 512 2147 Rip.
532 2077 592 2131 bib.
610 2076 659 2145 VI,
677 2078 761 2143 fimi,-
780 2093 808 2129 n.
824 2083 877 2130 615.
907 2075 1063 2143 Exemplar,
1087 2074 1159 2142 quod
1175 2073 1465 2140 flauam-omues,
1487 2073 1504 2128 l.
1516 2089 1537 2128 c.
1556 2079 1575 2128 t.
1594 2073 1640 2142 VI,
1660 2091 1690 2143 p.
1707 2083 1753 2130 teo
1776 2075 1862 2142 elidi,

202 2166 363 2219 cordrclimua
380 2179 441 2218 curn
460 2164 583 2232 Repertis.

307 2251 435 2318 Pottlrnst,
456 2250 628 2318 Rc9.1.330rt;
646 2250 745 2317 Bucar
761 2255 838 2302 4605.

401 2503 441 2521 ..
469 2446 620 2521 abbati
647 2445 924 2520 monasterii
951 2444 1101 2518 sarrcti
1129 2443 1258 2518 Petri
1286 2443 1340 2516 de
1367 2443 1672 2537 villamagna

783 2566 1032 2659 Anagniae
1060 2565 1283 2639 diocesis,

314 2719 473 2784 Voluntas
497 2717 634 2781 obtentu
662 2735 794 2802 precum
826 2717 937 2782 dilecti
964 2716 1024 2780 filii
1057 2715 1175 2780 nobilis
1205 2715 1264 2779 viri
1291 2715 1327 2779 P.
1352 2715 1392 2780 dc
1416 2716 1614 2783 Fasanella²
1643 2717 1766 2784 dilecto
1797 2718 1864 2783 tilio

207 2823 328 2890 Iacobo
352 2823 438 2887 dicto
463 2820 706 2906 Squarsapell.⁸
730 2820 849 2886 clerico
875 2820 1017 2885 ecclesie
1042 2819 1149 2883 sancti
1172 2818 1338 2883 Pancratii
1362 2819 1560 2906 Anagniucl’
1588 2822 1728 2907 gratiam
1759 2823 1866 2887 facere

208 2928 395 3015 specialem,
418 2923 623 3003 mandamus,
648 2923 801 3007 quatinus
826 2922 889 2987 sibi
913 2924 945 2986 in
969 2942 1069 3006 regno
1094 2921 1209 2987 Sicilie
1233 2922 1274 2987 de
1298 2922 1481 2989 redditibus
1505 2925 1741 2990 ecclesiasticis
1765 2947 1866 3012 usquo

208 3031 249 3096 ad
273 3051 433 3096 summam
456 3029 590 3113 triginta
612 3027 781 3091 unciarum
805 3027 877 3090 auri
902 3026 943 3091 ad
967 3027 1204 3110 cuiuscumque
1228 3026 1439 3092 collationem
1468 3030 1692 3114 spectantibus
1723 3031 1867 3095 auetori-

208 3142 277 3200 tatc
306 3140 419 3199 nostra
447 3131 621 3219 provideas
650 3131 704 3195 vel
735 3130 838 3194 facias
868 3129 1032 3216 provideri
1065 3150 1103 3193 ao
1131 3131 1162 3193 in
1195 3131 1336 3195 eeclesia
1365 3153 1424 3196 seu
1451 3131 1613 3213 ecclesiis,
1645 3134 1677 3198 in
1706 3153 1771 3219 qua
1799 3135 1867 3198 sive

210 3238 328 3325 quibus
352 3238 414 3303 sibi
437 3236 605 3324 provisum
627 3234 742 3314 fucrit,
773 3235 800 3298 si
824 3234 1001 3318 collegiata
1023 3235 1092 3298 sive
1116 3234 1291 3318 collegiata
1315 3234 1453 3316 tuerint,
1484 3237 1517 3300 iu
1550 3237 1745 3303 canonicum
1775 3246 1809 3302 et
1835 3240 1866 3302 iu

212 3342 345 3408 tratrem
369 3340 471 3427 recipi
494 3376 536 3387 —-
560 3336 857 3404 nonobstantibus
881 3343 970 3402 certo
994 3338 1224 3401 canonicorum
1247 3359 1384 3403 numero
1406 3339 1590 3406 iuramento
1614 3340 1667 3406 vel
1696 3343 1866 3407 coufirma-

212 3446 302 3510 tione
327 3444 414 3511 sedis
438 3442 619 3529 apostolice
643 3451 724 3506 seu⁰
747 3460 942 3525 quacunque
965 3440 1119 3505 firmitate
1136 3441 1267 3522 vallato,
1290 3448 1347 3505 aut
1367 3443 1395 3507 si
1410 3441 1589 3509 direximus
1605 3443 1729 3511 ibidem
1746 3447 1867 3533 scripta

212 3555 327 3613 nostra
354 3568 413 3633 pro
444 3546 533 3626 aliis,
566 3543 685 3631 quibus
708 3550 770 3609 cto.
799 3564 915 3629 usquc:
947 3545 1116 3629 generari,
1148 3545 1216 3610 sive
1248 3546 1274 3608 si
1298 3546 1394 3611 alicui
1418 3568 1558 3633 persone
1583 3550 1637 3613 vel
1662 3551 1805 3615 ecclesio
1828 3551 1868 3614 sit

213 3651 385 3731 indultum,
414 3651 499 3736 quod
523 3648 812 3728 excommunicari,
843 3647 994 3713 interdici
1016 3648 1069 3713 vel
1093 3647 1250 3735 suspendi
1274 3658 1331 3713 aut
1353 3651 1518 3735 ingressus
1542 3651 1683 3716 ecclesie
1707 3653 1771 3717 sibi
1794 3676 1866 3740 pro-

215 3755 320 3820 hiberi
342 3775 407 3818 non
430 3755 544 3839 possit,
574 3754 627 3818 vel
650 3753 798 3838 qualibet
822 3752 969 3818 eiusdem
993 3753 1083 3818 sedis
1106 3753 1321 3839 indulgentia,
1353 3774 1411 3841 per
1433 3775 1531 3840 quam
1554 3754 1743 3821 huiusmodi
1767 3760 1870 3843 gratia

215 3857 364 3945 impediri
397 3858 507 3922 valeat
540 3859 592 3922 vel
627 3857 752 3922 differri
787 3863 821 3920 et
854 3856 893 3920 de
926 3878 992 3943 qua
1026 3857 1058 3921 in
1092 3857 1212 3921 nostris
1247 3857 1366 3921 littoris
1401 3859 1575 3943 specialem
1614 3867 1765 3946 oporteat
1804 3862 1871 3926 lieri

216 3961 426 4041 mentionem,
451 3967 485 4025 et
507 3961 743 4025 constitutione
767 3959 808 4025 de
831 3959 960 4025 duabus
983 3959 1082 4025 dietis
1106 3968 1167 4025 etc.
1194 3984 1249 4034 -3
1273 3960 1531 4027 contradictores
1556 3969 1621 4029 cte.

319 4080 395 4146 Dat.
418 4080 582 4166 Lugduni,
602 4079 670 4145 VII
692 4079 769 4146 Kal.
791 4078 881 4163 Maii,
904 4100 989 4145 anuo
1008 4079 1083 4146 VI0.

840 4359 1250 4367 -——-———-——.-—

1004 4619 1092 4694 695.

322 4732 542 4826 Innocentius
556 4758 614 4824 IV
620 4779 710 4844 popu
731 4759 840 4823 abbati
861 4764 890 4824 ct
905 4759 1069 4823 conventui
1084 4759 1197 4825 Sancti
1210 4759 1354 4842 Spiritus
1368 4762 1406 4825 dc
1420 4760 1570 4829 Sounoua
1585 4765 1718 4828 remittit
1732 4785 1876 4830 annuum

219 4884 353 4942 censum,
376 4884 465 4944 quem
484 4883 545 4944 pro
567 4863 677 4929 insula
699 4863 849 4929 Scnnono
872 4865 1062 4929 monasterio
1083 4865 1187 4929 suncti
1205 4865 1324 4948 Anpcli
1340 4866 1498 4932 Gcictrsno
1519 4870 1556 4944 et,
1578 4888 1648 4932 cum
1670 4889 1776 4950 nactur
1797 4870 1875 4935 idun

324 5149 348 5215 ⁸)
368 5150 540 5218 squsmpur
554 5150 586 5201 a.
691 5148 716 5215 b)
734 5152 830 5217 sanga
849 5150 881 5203 a.
987 5151 1010 5215 ο)
1027 5170 1063 5205 a.
1081 5116 1122 5221 if,
1142 5169 1170 5204 ,θ
1189 5152 1220 5204 a.

325 5289 351 5354 l)
371 5286 428 5341 Sub
445 5286 532 5340 codem
548 5287 593 5341 dic
610 5286 703 5342 mum
719 5287 842 5354 indulsit,
860 5292 892 5340 ut
908 5288 945 5341 ad
961 5290 1095 5344 metutam
1110 5290 1272 5344 domnorum
1288 5292 1403 5345 innnicis
1414 5292 1532 5346 mutae
1543 5293 1813 5366 idutomnoeqrdti
1823 5314 1876 5351 nou

216 5378 336 5441 possent,
365 5373 447 5426 ateis
470 5373 588 5428 liberans*
601 5375 752 5440 nocuum
774 5375 900 5428 coacescat
923 5375 1034 5443 stipendi
1057 5377 1106 5430 sibi
1123 5382 1277 5446 prunnon
1300 5377 1331 5429 dc
1354 5378 1475 5431 ecclcsiae
1497 5378 1638 5434 Romanae
1659 5381 1791 5449 Μῶα
1823 5382 1877 5439 &d

223 5458 291 5513 Mai.
310 5467 339 5513 15
365 5458 459 5512 eisdem
484 5459 619 5528 ralditus,
651 5477 717 5528 qrroa
748 5459 854 5514 ecclesio
881 5460 1006 5514 &mauu
1036 5462 1069 5515 ἀι
1093 5463 1221 5516 Mnnnia
1247 5468 1271 5517 ct
1297 5465 1410 5518 Canus
1433 5467 1513 5520 Bono
1534 5467 1680 5537 occipere·
1696 5470 1877 5541 mainel,

219 5551 307 5697 W
330 5543 367 5597 od
391 5545 579 5613 berrephdtum
605 5548 776 5615 apostolicum
801 5547 939 5613 corwoesit5
971 5547 1069 5616 Reme
1085 5554 1272 5616 tots-nit&
1303 5550 1438 5620 Punica,
1466 5551 1531 5621 Rc.
1548 5559 1638 5623 mot,
1663 5560 1766 5622 mot,
1791 5560 1873 5613 W·

304 5647 355 5684 .n.
371 5636 429 5686 300.
