4328 6232
199 312 261 383 316
754 301 804 366 tx
822 302 1038 366 iuncorum
1057 300 1096 362 m
1113 301 1293 365 aneurno

201 490 402 574 indulgeret,
440 494 473 552 et
506 487 644 572 quedam
677 484 851 571 aliquando
888 483 1043 569 deneget,
1077 505 1140 570 que
1172 485 1244 549 aliis
1280 484 1389 549 forsan
1424 485 1624 572 temporibus
1662 483 1845 570 largiretur,

200 592 395 679 dispensans
419 598 577 677 oportune
600 592 693 655 iuxta
720 590 949 654 necessitatem
979 589 1135 675 temporis
1165 610 1294 653 suarum
1324 610 1459 654 munera
1481 591 1673 675 gratiarum,
1697 612 1784 654 nuuc
1807 613 1846 655 aa

200 695 439 782 impendendo⁸
461 695 620 779 benigne,
643 715 729 758 nunc
752 699 861 758 autem
885 693 1032 778 inspecta
1051 693 1223 777 utrobique
1245 693 1348 778 ipsius
1371 694 1527 777 qualitate
1550 694 1708 780 temporis
1731 695 1845 758 merito

200 797 403 884 denegando,
426 800 517 863 utin
541 799 614 878 hiis,
639 796 724 883 quod
747 797 827 861 utile
850 818 888 860 ac
912 796 1042 861 salubre
1065 795 1134 860 fore
1157 797 1373 883 perspexerit,
1391 817 1521 882 semper
1541 804 1627 881 agat.
1672 797 1762 862 Hinc
1785 807 1846 873 est,

201 902 285 987 quod
309 924 382 966 cum
406 902 446 965 ad
469 903 673 987 negotiorum
696 901 951 987 promotionem,
975 919 1038 984 que
1062 900 1094 963 in
1118 899 1314 964 Alamannie
1343 899 1490 985 partibus
1512 900 1653 965 ecclesie
1674 901 1848 966 imminere

200 1012 386 1079 noscuntur,
412 1011 443 1068 tc
468 1006 607 1069 sollicite
632 1011 783 1091 oporteat
807 1010 839 1067 et
863 1003 1041 1068 efficaciter
1064 1002 1225 1083 laborare,
1248 1025 1318 1084 nos,
1343 1003 1588 1068 considerantes
1610 1004 1697 1089 quod
1722 1004 1764 1069 ob
1787 1004 1848 1067 hoc

201 1111 264 1173 tuis
289 1117 321 1173 et
343 1109 482 1173 ecclesie
506 1108 565 1172 tibi
590 1109 761 1173 commisse
784 1128 902 1171 vacare
925 1127 990 1170 non
1014 1113 1109 1192 potes
1133 1107 1217 1171 sicut
1246 1104 1383 1193 expedit
1406 1106 1559 1192 agendis,
1582 1106 1769 1172 devotionis
1794 1115 1848 1172 tue

202 1212 491 1299 supplicationibus
525 1212 687 1283 inclinati,
723 1210 810 1296 quod
843 1210 952 1274 nullus
985 1216 1018 1273 te
1048 1209 1089 1273 ad
1118 1208 1362 1294 suscipiendum
1385 1208 1524 1294 aliquem
1548 1208 1693 1274 ordinem
1719 1232 1848 1275 sacrum

203 1317 272 1381 sine
297 1316 429 1403 speciali
453 1316 605 1380 mandato
627 1322 751 1395 nostro,
775 1315 905 1400 plenam
927 1313 1069 1377 faciente
1093 1311 1132 1376 de
1156 1312 1217 1376 hac
1241 1312 1444 1398 indulgentia
1465 1314 1673 1387 mentionem,
1697 1315 1797 1378 ctiam
1821 1315 1846 1379 si

203 1421 243 1485 de
268 1419 462 1505 recipiendis
486 1419 651 1484 ordinibus
675 1419 858 1504 prestiteris
881 1419 1108 1495 iuramentum,
1131 1438 1250 1502 cogere
1273 1416 1397 1494 valeat,
1421 1416 1493 1497 tibi,
1517 1423 1553 1481 ut
1579 1417 1716 1483 liberius
1739 1419 1847 1504 possis

204 1523 318 1589 cadem
341 1524 474 1607 negotia
497 1524 656 1610 prosequi,
682 1522 875 1587 auctoritate
899 1523 1099 1608 presentium
1123 1520 1330 1606 indulgemus
1343 1523 1362 1583 ¹.
1407 1519 1496 1585 Nulli
1518 1541 1594 1605 ergo
1617 1528 1688 1586 etc.-

308 1642 385 1708 Dat.
409 1641 571 1728 Lugduni,
595 1644 695 1708 XVII
719 1643 794 1709 Kal.
816 1642 990 1707 Decembr.
1015 1663 1101 1706 anuo
1117 1640 1174 1705 V0.

818 1838 836 1844 ,.
842 1838 881 1843 .-
893 1836 1227 1844 .—-.-‚..—.——-

983 1985 1071 2061 453.

308 2081 525 2176 Innocentius
547 2109 603 2174 IV
617 2131 706 2194 papa
726 2109 890 2196 [Atbcrto]
912 2111 1141 2192 archiepiscopo
1163 2108 1306 2186 Ρηιεοίο,
1339 2108 1523 2189 apostoticae
1550 2108 1633 2172 sedis
1660 2109 1775 2192 legato,
1809 2112 1852 2175 ad

199 2234 307 2295 eneces
328 2214 530 2298 [Μ’-1101101]
541 2213 632 2296 'regn
647 2213 861 2278 Ronronorarn
882 2215 1021 2294 mandat,
1043 2220 1078 2279 at
1100 2215 1268 2278 acciendum
1290 2213 1332 2290 id,
1354 2212 1437 2293 qaod
1458 2231 1509 2276 ore
1531 2217 1620 2276 tenus
1641 2214 1702 2278 sibi
1723 2214 1851 2287 dicad,

203 2317 241 2380 de
278 2318 406 2382 cenatio
432 2315 522 2380 Petri
544 2316 656 2380 Sancti
679 2316 808 2398 Georgii
833 2317 876 2382 ad
905 2318 1010 2382 Vetam·
1032 2317 1174 2381 Auream
1196 2316 1320 2380 diaconi
1342 2315 1533 2392 cardinatis,
1555 2317 1742 2396 apostoticae
1769 2319 1852 2382 aedis

205 2421 311 2503 legati,
334 2424 363 2484 et
386 2420 486 2500 ipsias
507 2420 590 2501 repis
617 2423 687 2483 cota
717 2421 934 2485 transmarina
964 2421 1246 2502 crucesignatorum
1269 2420 1440 2484 Frisonaar
1467 2419 1632 2483 comitatus
1657 2418 1853 2487 Hollandiae

205 2528 366 2588 commutet
386 2524 422 2586 in
444 2523 603 2588 ceciliam
626 2523 725 2604 nuans
745 2524 837 2606 repis
1496 2523 1589 2599 1247,
1610 2522 1689 2588 Noe.
1714 2529 1766 2589 17.

309 2633 794 2703 Iria.1VRea.Vot.1,553;Le.
815 2636 843 2701 V,
861 2651 917 2690 eser.
930 2642 972 2690 20.
1010 2635 1108 2688 Perat
1125 2634 1255 2701 evometur
1271 2633 1432 2687 contulimus
1453 2648 1513 2686 mern
1535 2632 1685 2697 Moernrurr,
1710 2635 1726 2693 l,
1745 2651 1767 2688 c.
1785 2635 1852 2703 t.V,

200 2739 230 2790 p·
250 2733 286 2789 h,
305 2728 440 2873 beiden,
459 2806 522 2875 aa.
536 2813 628 2873 127493
646 2806 745 2875 Beryae
756 2815 832 2863 4070.

396 3026 405 3040 .
435 3024 443 3041 .
472 2969 812 3062 archiepiscopo
839 2969 1037 3057 Praecie,
1066 2968 1324 3061 apostolice
1351 2968 1479 3041 sedis
1506 2969 1670 3061 legato.

311 3115 363 3180 Ex
386 3123 478 3202 parte
503 3118 662 3181 carissimi
687 3117 720 3181 in
744 3114 873 3183 Christo
897 3118 955 3182 filii
979 3119 1079 3183 nostri
1105 3167 1137 3184 ..
1162 3120 1249 3204 regis
1273 3119 1492 3183 Romanorum
1516 3120 1651 3185 illustris
1674 3120 1735 3185 fuit
1760 3120 1855 3184 nobis

208 3241 281 3283 cum
304 3220 462 3284 instantia
485 3221 719 3308 supplicatum,
753 3229 790 3286 ut
826 3244 898 3287 cum
933 3221 973 3286 de
1009 3223 1164 3287 comitatu
1188 3222 1364 3287 Hollandie
1391 3223 1433 3286 ad
1462 3243 1536 3287 eum
1563 3221 1632 3286 iure
1655 3221 1854 3289 hereditario

207 3324 392 3407 pertinente
417 3325 510 3388 multi
533 3323 687 3389 Frisones
711 3327 894 3412 receperint
918 3325 959 3388 ad
981 3324 1083 3390 Terre
1108 3326 1228 3390 Sancte
1251 3325 1428 3390 subsidium
1454 3326 1581 3410 signum
1606 3327 1726 3401 crucis,
1750 3327 1799 3391 eis
1822 3328 1854 3390 iu

207 3427 365 3490 auxilium
389 3427 474 3512 regis
497 3449 624 3491 crucem
648 3428 832 3493 huiusmodi
857 3436 1056 3494 commutare
1080 3450 1118 3493 ac
1142 3428 1232 3493 illam
1256 3429 1304 3494 eis
1327 3434 1536 3514 peccatorum
1560 3449 1691 3493 suorum
1714 3429 1854 3501 veniam,

208 3550 246 3592 ac
270 3530 295 3592 si
319 3529 589 3596 transfretassent
611 3533 843 3619 personaliter,
868 3534 1000 3617 elargiri
1028 3533 1069 3596 de
1099 3533 1300 3618 benignitate
1331 3533 1428 3597 solita
1450 3553 1648 3596 curaremus.
1695 3530 1856 3605 Quocirca

209 3632 417 3713 mandamus,
442 3636 593 3719 quatinus
627 3658 725 3722 super
758 3638 819 3701 hoc
853 3637 939 3722 quod
973 3637 1031 3700 tibi
1062 3658 1117 3700 orc
1145 3643 1240 3700 tonus
1264 3636 1404 3699 diximus
1433 3634 1474 3698 de
1504 3635 1639 3698 consilio
1663 3633 1776 3698 dilecti
1800 3635 1857 3698 tilii

209 3736 309 3798 nostri
339 3735 429 3800 Petri
463 3737 575 3801 Sancti
600 3738 734 3825 Georgii
768 3739 809 3805 ad
831 3741 952 3805 Velum
979 3739 1125 3805 Aureum
1161 3739 1289 3804 diaconi
1325 3739 1515 3804 cardinalis.
1550 3737 1732 3823 apostolice
1770 3737 1857 3801 sedis

208 3838 318 3920 legati,
346 3845 379 3901 et
397 3840 497 3924 ipsius
521 3842 608 3926 regis
632 3843 682 3906 vel
706 3844 841 3909 alterius
866 3843 1042 3908 eorundem
1067 3843 1197 3907 ordines
1222 3849 1255 3906 ct
1278 3842 1432 3927 disponas
1445 3841 1467 3906 ².

312 3957 388 4021 Dat.
411 3960 573 4045 Lugduni,
596 3961 660 4025 XV
682 3961 756 4027 Kal.
779 3963 952 4030 Decembr.
976 3986 1060 4029 anno
1081 3965 1156 4029 V⁰³.

824 4159 870 4165 --
886 4158 1233 4165 -—-—-...———--...

991 4309 1078 4382 454.

314 4397 529 4491 Innocentius
545 4425 603 4492 It*
610 4449 697 4510 priam
718 4428 762 4493 od
777 4450 885 4510 mucce
907 4430 1107 4516 [Witlretmr]
1128 4431 1211 4513 rcqis
1232 4429 1446 4495 Romanorum
1469 4429 1652 4514 capellanis,
1674 4431 1814 4495 noeriis
1833 4433 1861 4493 ct

212 4529 333 4592 clericis
364 4532 431 4594 cias
463 4532 611 4611 concedit,
641 4537 677 4596 at
710 4534 860 4614 quamdin
886 4535 922 4598 in
949 4536 1075 4599 servitio
1096 4536 1163 4598 eires
1182 4534 1431 4616 pernmnserint,
1449 4539 1621 4615 proventae
1644 4534 1861 4616 beneficromm

212 4651 340 4696 sanaem
357 4634 546 4716 percipiant,
568 4655 605 4699 ac
626 4636 655 4698 si
676 4637 712 4698 in
735 4637 870 4702 ecclesiis
890 4638 1070 4703 residerent.
1502 4639 1595 4715 1247,
1618 4637 1699 4705 Noc.
1723 4641 1776 4702 17.

316 4744 381 4797 Inn.
396 4744 416 4796 1
419 4743 442 4796 V
452 4744 515 4812 Itan.
535 4743 590 4798 l'ol.
605 4746 627 4812 I,
642 4752 701 4813 aa&
719 4745 779 4799 Lib.
804 4747 833 4813 V,
851 4763 906 4800 ersa.
925 4754 963 4801 21.
1010 4746 1110 4800 Perteii
1136 4746 1267 4814 eremplar
1290 4747 1450 4798 mauritanus
1471 4762 1530 4799 arm
1550 4746 1703 4815 Memnon,
1721 4748 1739 4801 l.
1758 4764 1780 4801 c.
1795 4754 1813 4801 t.
1832 4748 1861 4815 l',

230 4837 285 4881 ,111
309 4846 337 4881 n.
359 4837 394 4884 13.

208 4845 230 4896 1)
285 4869 292 4894 ³
316 4913 445 4982 Pertinet,
462 4915 527 4984 Rea.
541 4923 635 4985 127505
654 4918 751 4986 Berqer
762 4927 834 4973 4071.

869 5047 1752 5056 mmm*

315 5125 340 5184 ⁸)
357 5125 528 5192 impendanda
546 5126 578 5176 Il.

317 5246 343 5309 1)
363 5244 508 5311 trenna,
525 5245 609 5311 [rata
625 5246 713 5299 minor
730 5251 800 5300 natac
820 5247 922 5301 Ottonis
932 5248 969 5301 II
981 5248 1079 5302 oomnis
1098 5246 1228 5316 Geldriae,
1244 5247 1362 5312 fautoris
1378 5246 1499 5300 llillelnu'
1516 5249 1591 5316 repa,
1611 5248 1679 5317 Sept.
1698 5256 1730 5303 m
1747 5249 1865 5304 wamia

212 5328 350 5382 Leodiensi
365 5330 519 5399 praefectus
536 5335 593 5384 erat
618 5337 641 5384 et
664 5333 748 5386 laesa
765 5335 890 5387 ramenu't
911 5352 993 5402 resqm
1016 5334 1052 5387 ud
1074 5334 1257 5402 anensem
1283 5350 1362 5386 arram
1388 5342 1508 5399 α.1·.)74;
1536 5334 1784 5404 Rome-maer,
1804 5337 1823 5390 l.
1841 5353 1863 5390 a.

213 5421 295 5469 48852
317 5415 358 5484 [p.
378 5416 439 5486 919]
465 5422 489 5469 et
515 5423 611 5471 4887a.
665 5419 709 5473 De
727 5420 812 5474 cartem
834 5421 867 5488 cs.
887 5422 983 5489 Berua
1005 5427 1069 5475 3378
1094 5427 1116 5473 et
1143 5428 1215 5474 3473.
1353 5421 1381 5488 2)
1401 5420 1438 5486 Os.
1453 5437 1482 5489 p.
1500 5428 1563 5489 310,
1591 5427 1678 5476 nott
1704 5427 1728 5475 et
1754 5440 1783 5477 n
1803 5429 1864 5477 401.

212 5502 240 5565 3)
260 5501 317 5554 Sat
339 5501 405 5557 Ner.
421 5511 452 5556 19
473 5520 548 5572 perpe
567 5504 692 5560 lucabum
709 5507 924 5561 arebidiaeonam
940 5507 1111 5561 Manena
1127 5523 1187 5561 crim
1204 5508 1287 5560 curiis
1303 5507 1440 5560 marrdatrs
1455 5508 1487 5560 in
1507 5507 1657 5575 Potentem,
1675 5506 1821 5563 Pusam
1838 5512 1864 5563 d

216 5584 401 5640 Paraetoniam
418 5587 616 5659 destinamncs.
636 5593 738 5664 Beryer
755 5600 945 5659 eone—4082&
968 5593 1101 5661 Pottlraal,
1122 5593 1183 5663 Req.
1204 5600 1400 5656 ream-rma,
1420 5599 1529 5663 117700,
1548 5599 1743 5664 1177112771.
