4328 6232
809 354 857 410 EX
875 353 1093 411 INNOCENTII
1113 351 1151 407 IV
1169 350 1351 407 REGIS’I'RO

1022 526 1133 594 XVII.

998 637 1164 711 Eidem.

361 768 465 833 Cum·
486 776 520 834 te
544 775 621 834 ete:
646 768 836 836 discretioni
859 776 915 835 tue
938 769 1140 856 presentium
1164 766 1359 831 auctoritate
1382 765 1603 849 concedimus,
1626 772 1662 831 ut
1685 767 1714 831 si
1737 767 1823 832 forte
1846 768 1905 832 im-

252 871 383 958 peditus
408 873 520 949 lucris,
544 872 631 958 qued
655 873 886 937 Alemanniam
909 893 1054 958 nequeas
1078 871 1183 935 libere
1207 870 1356 950 introire,
1386 871 1436 934 vel
1461 871 1488 934 si
1512 871 1633 936 exinde
1656 878 1690 936 te
1713 893 1773 958 pro
1797 871 1905 956 aliqua

253 995 353 1039 eausa
371 977 460 1039 exire
477 976 659 1061 oportuerit
683 997 720 1041 ae
745 976 784 1040 ad
802 975 1001 1041 Remensem
1018 976 1216 1061 provinciam
1241 996 1299 1040 seu
1318 973 1450 1038 Datiam
1474 975 1526 1038 vel
1543 974 1712 1039 Pelopiam
1730 974 1906 1039 declinare.

252 1079 360 1164 possis
385 1078 463 1142 inibi
488 1078 659 1143 existendo
682 1079 858 1165 legationis
883 1080 1026 1144 officium
1052 1080 1084 1143 in
1108 1078 1262 1166 predictis
1285 1078 1481 1142 Alamannia
1504 1079 1652 1164 partibus
1676 1079 1905 1144 nichilominus

253 1202 420 1247 exercere.

360 1284 436 1349 Dat.
461 1292 496 1350 ut
520 1306 628 1373 supra.

1017 1371 1145 1437 XVIII.

348 1483 389 1557 P.
418 1483 582 1557 Sancti
610 1482 803 1574 Georgii
837 1483 889 1556 ad
921 1482 1082 1556 Velum
1109 1481 1308 1554 Aureum
1336 1480 1534 1554 diacone
1562 1481 1814 1570 cardinali,

779 1603 1043 1695 apostolice
1071 1602 1198 1676 sedis
1224 1601 1391 1692 legato,

364 1735 469 1799 eume
493 1742 525 1800 te
549 1743 626 1800 etc:
651 1736 841 1800 discretioni
865 1741 921 1801 tue
938 1732 1149 1822 dispensandi
1170 1754 1243 1798 cum
1261 1733 1389 1798 clericis
1413 1739 1468 1797 tue
1484 1733 1671 1818 legationis,
1694 1755 1779 1820 quos
1796 1734 1908 1799 huius-

256 1838 342 1902 modi
365 1841 473 1924 gratia
494 1841 623 1904 noveris
652 1860 726 1904 esse
750 1840 875 1925 dignos,
900 1838 986 1927 qued
1010 1859 1124 1904 eorum
1148 1837 1305 1923 quilibetc
1329 1837 1423 1922 plura
1444 1836 1614 1915 beneficia,
1638 1845 1836 1923 personatus
1860 1838 1910 1901 rel

254 1940 443 2027 dignitates,
467 1944 594 2008 etiamsi
619 1965 730 2009 curam
758 1943 901 2009 habeant
922 1944 1103 2009 animarum
1128 1963 1308 2017 annexam,
1332 1942 1421 2006 licite
1442 1942 1599 2026 recipere,
1622 1943 1648 2005 si
1665 1940 1726 2005 sibi
1753 1944 1909 2006 canonice

255 2046 443 2128 offerantur,
468 2068 506 2113 ae
529 2048 633 2114 libere
651 2050 793 2113 retinere
815 2050 948 2114 valeant
966 2086 1004 2095 -
1021 2045 1255 2112 constitutione
1270 2045 1434 2130 generalis
1452 2046 1578 2110 concilii
1602 2066 1665 2110 non
1683 2045 1839 2110 obstante
1860 2086 1909 2113 —.

256 2151 452 2214 auctoritate
476 2153 678 2235 presentium
702 2152 839 2218 liberam
864 2151 1073 2217 concedimus
1097 2150 1299 2215 facultatem.

365 2269 440 2334 Dat.
465 2278 500 2335 ut
524 2271 656 2357 suprad.

1036 2357 1130 2423 XIX.

1002 2469 1166 2541 Eidem.

364 2596 415 2661 De
436 2597 612 2682 prudentia
635 2606 692 2662 tua
714 2601 844 2686 plenam
870 2600 903 2663 in
920 2598 1061 2662 Domino
1084 2597 1235 2662 fiduciam
1252 2597 1447 2673 obtinentes,
1470 2603 1507 2661 ut
1529 2598 1675 2684 prelatos
1700 2600 1910 2665 eeclesiarum

257 2708 312 2764 tue
335 2701 509 2785 legationis
534 2700 575 2765 ad
592 2703 780 2769 mandatum
804 2711 837 2769 ct
853 2703 1060 2768 devotionem
1078 2702 1217 2766 ecclesie
1243 2701 1348 2766 redire
1366 2703 1512 2765 volentes
1527 2700 1678 2787 recipias,
1695 2703 1910 2788 perdurantes

257 2824 333 2866 uero
357 2804 390 2866 in
414 2825 473 2868 sua
490 2808 694 2871 contumacia
716 2809 768 2872 vel
794 2806 1016 2871 inobedientia
1038 2806 1167 2891 punias,
1190 2811 1285 2892 prout
1311 2804 1432 2868 videris
1449 2803 1618 2890 expedire,
1642 2805 1834 2871 discretioni
1857 2816 1912 2870 tue

257 2914 370 2971 tenore
394 2909 598 2992 presentium
621 2909 773 2974 duximus
797 2909 1076 2976 committendum.

367 3027 442 3091 Dat.
465 3036 502 3092 ut
525 3051 634 3116 supra.

1047 3114 1122 3180 XX.

998 3226 1166 3300 Eidem.

365 3356 526 3422 Volumus
551 3364 584 3422 et
607 3359 809 3444 presentium
833 3359 890 3423 tibi
907 3359 1100 3425 auctoritate
1118 3359 1321 3441 mandamus,
1344 3357 1499 3444 quatinus
1522 3356 1684 3422 universis
1708 3362 1776 3421 tam
1803 3356 1915 3422 cathe-

258 3460 397 3525 dralium
422 3481 519 3546 quam
542 3462 698 3542 aliarum,
732 3463 800 3527 sive
831 3464 896 3527 sint
919 3464 1087 3547 regulares
1117 3465 1185 3528 sive
1210 3464 1394 3537 seculares,
1422 3461 1635 3528 ecclesiarum
1658 3469 1714 3526 tue
1737 3461 1915 3544 legationis

258 3565 407 3651 capitulis
432 3586 490 3629 seu
508 3567 723 3631 conventibus
740 3565 889 3631 districte
912 3567 1107 3632 auctoritate
1130 3575 1243 3631 nostra
1267 3567 1456 3652 specialiter
1479 3566 1531 3629 vel
1548 3565 1750 3650 generaliter
1767 3563 1916 3627 inhibere

259 3689 425 3755 procures,
449 3690 490 3732 ne
507 3669 586 3754 ipsis
603 3670 763 3749 eeclesiis,
788 3692 860 3734 eum
885 3692 941 3735 cas
959 3692 1075 3735 vacare
1101 3671 1286 3755 eontigerit,
1310 3669 1350 3734 de
1367 3669 1555 3756 pasteribus
1575 3689 1634 3732 seu
1651 3666 1788 3753 prelatis
1805 3667 1913 3752 abque

258 3779 314 3834 tuo
343 3771 479 3834 consilio
516 3780 548 3835 et
576 3793 712 3836 assensu
746 3773 919 3859 providere
950 3780 1160 3860 presumant,
1189 3773 1385 3852 decernens,
1416 3773 1443 3836 si
1480 3792 1575 3836 secus
1610 3770 1753 3855 egerint.
1791 3771 1917 3835 irritum

259 3884 293 3939 ct
315 3875 412 3938 inane
422 3876 443 3940 ¹.

367 3978 442 4045 Dat.
466 3985 502 4043 ut
526 4001 635 4065 supra.
1038 4065 1121 4132 XXI

1003 4177 1167 4250 Eidem.

366 4304 565 4372 Discreticni
582 4313 638 4372 tue
660 4307 871 4395 dispensandi
896 4330 967 4375 cum
985 4316 1125 4396 quatuor
1140 4307 1308 4374 nobilibus
1325 4307 1475 4393 persenis
1495 4306 1548 4371 vel
1565 4306 1637 4371 aliis
1659 4312 1715 4371 tue
1734 4305 1920 4392 legationis.

259 4410 345 4495 quad
375 4432 486 4476 earum
511 4411 657 4495 quelibet
688 4435 761 4476 cum
791 4414 855 4477 alia
878 4422 993 4499 quarte
1017 4412 1310 4498 consanguinitatis
1345 4412 1396 4476 vel
1420 4410 1590 4476 affinitatis
1614 4409 1720 4494 gradu
1747 4409 1920 4474 coniuncta

260 4515 501 4578 matrimonium
526 4515 614 4580 licite
637 4516 848 4583 contrahere.
881 4519 932 4582 rel
956 4519 984 4582 si
1006 4519 1070 4581 iam
1095 4517 1273 4585 contraxit.
1296 4517 1329 4579 in
1353 4517 1400 4580 sic
1425 4521 1591 4580 contracto
1620 4513 1724 4579 libere
1748 4534 1921 4579 remanere

259 4619 368 4683 valcat
398 4655 440 4666 -
472 4618 710 4704 impedimenta
743 4619 930 4684 huiusmodi
962 4641 1026 4684 non
1058 4620 1212 4684 obstante
1242 4656 1293 4698 -,
1323 4619 1351 4682 si
1383 4618 1522 4683 ecclesie
1553 4639 1592 4683 ao
1623 4617 1753 4703 imperii
1786 4617 1920 4703 negotio

259 4720 415 4806 expedire
439 4721 571 4803 videris,
595 4724 728 4806 plenam
753 4722 961 4788 concedimus
985 4726 1179 4791 auctoritate
1203 4723 1406 4810 presentium
1429 4729 1640 4808 potestatam.

371 4843 445 4910 Ilat.
469 4852 504 4906 ut
528 4865 636 4929 snpra.

514 4987 578 4992 ..--
605 4987 640 4992 --
693 4987 734 4992 -..-
750 4988 759 4992 -
778 4987 783 4992 .
879 4989 885 4992 -
931 4989 941 4993 ...
965 4987 1040 4993 ..-.....
1058 4988 1108 4993 —-
1157 4987 1201 4992 ---
1218 4987 1225 4991 ..
1245 4988 1250 4992 .
1274 4984 1435 4991 -——-.---
1455 4980 1772 4990 ...--—-..-—-—-—-·—-·-
1791 4982 1807 4987 .-

362 5072 386 5127 ⁸l
405 5072 439 5137 cs·
458 5071 514 5122 Lr'b.
538 5071 584 5135 Vl,
602 5089 656 5122 car.
672 5077 712 5123 58.
819 5071 844 5137 ¹¹)
863 5076 896 5140 es.
916 5073 971 5123 Lib.
987 5073 1038 5134 XI,
1056 5090 1109 5123 cur.
1126 5077 1152 5122 15
1170 5069 1224 5139 {3].
1330 5070 1354 5133 0)
1373 5071 1409 5120 ita
1426 5073 1456 5132 3;
1476 5071 1509 5136 ef.
1526 5066 1687 5130 a.2041V;
1704 5066 1868 5133 quibuslibet
1886 5066 1917 5120 lt.

260 5157 600 5223 mmmmmstffld
705 5152 1918 5225 “mmmmmemHffidffmmmstmmfflmdmmffmmm

261 5253 345 5294 tarraco
363 5245 431 5295 laurac
449 5262 487 5308 ep.
506 5253 529 5294 et
547 5253 597 5295 tres
615 5253 743 5309 sequentes
761 5246 820 5296 aliis
839 5247 884 5296 sub
905 5245 985 5295 Mart.
1001 5250 1029 5296 15
1043 5245 1184 5311 propositis
1202 5243 1380 5308 odiarapimum
1398 5242 1459 5308 quia
1477 5257 1507 5291 er
1525 5241 1564 5304 iic,
1587 5256 1653 5305 qrrae
1668 5258 1696 5305 p.
1711 5242 1773 5302 156,
1790 5247 1842 5290 root.
1861 5257 1877 5287 u
1897 5247 1920 5289 et

257 5347 285 5395 p.
304 5335 364 5393 221,
384 5340 433 5381 not
457 5335 467 5379 1
486 5329 667 5394 diaccrrriarus,
685 5332 820 5397 probabile
847 5332 919 5382 nobie
947 5340 982 5380 est
1015 5332 1202 5396 repiatrctcrcrn
1232 5330 1295 5381 baec
1320 5328 1448 5378 scandata
1480 5327 1566 5377 ortaria
1591 5326 1637 5376 sub
1664 5324 1747 5377 ‚tlara
1770 5330 1800 5377 16
1820 5341 1917 5392 potiere

257 5416 375 5478 relisisse,
393 5434 450 5467 cerm
468 5417 559 5467 omitia
575 5416 661 5468 eodem
675 5419 737 5483 jere
762 5426 873 5483 tempore
895 5417 958 5467 data
982 5427 1070 5469 carcat.
1108 5417 1259 5468 claudendae
1278 5424 1363 5466 autem
1385 5414 1472 5464 carrata
1493 5414 1580 5464 eodem
1603 5413 1645 5464 dic
1667 5413 1916 5481 consignatasrtim

260 5499 309 5549 bar
329 5517 357 5551 re
375 5502 520 5569 siguificare
538 5503 627 5552 naluit.

364 5623 390 5689 l)
427 5619 466 5686 (Is.
484 5636 511 5672 a.
524 5627 579 5674 241.
