4328 6232
822 367 872 424 EX
890 368 1108 425 innocuum
1127 368 1165 424 Ν
1183 367 1365 426 armanno

1063 592 1124 659 IX.

996 719 1026 791 Ε
1040 718 1090 790 id
1105 739 1126 793 e
1139 739 1190 792 m.

376 851 480 916 Cum·
500 850 653 916 interris
676 855 732 915 tue
755 849 932 937 legationis
955 851 1066 937 plures
1090 852 1216 937 recepti
1239 853 1360 919 sintin
1382 853 1463 918 locis
1486 852 1651 937 religiosis
1675 858 1712 917 ut
1735 855 1925 939 accepimus

266 977 326 1042 per
347 955 462 1019 vitium
486 953 645 1040 symonia,
668 955 870 1039 presentium
894 954 954 1020 tibi
976 955 1173 1020 auctoritate
1197 955 1417 1036 concedimus,
1441 962 1478 1021 ut
1494 977 1594 1041 super
1609 956 1672 1020 hoc
1687 977 1770 1042 agas
1786 977 1861 1020 cum
1878 957 1925 1021 eis

264 1058 358 1123 iuxta
380 1057 645 1123 constitutionem
668 1057 798 1121 concilii
818 1058 995 1143 generalis.

373 1179 449 1244 Dat.
473 1184 643 1263 utsupra.
1073 1263 1106 1328 X

979 1390 1171 1482 [Eidem]
1183 1385 1209 1466 l.

373 1522 531 1587 Oum⁰te
555 1521 730 1608 adportes
754 1521 920 1599 Sardinie,
951 1523 1124 1589 commisso
1148 1524 1209 1590 tibi
1232 1525 1330 1611 plene
1354 1524 1531 1610 legationis
1563 1524 1685 1605 officio,
1716 1521 1759 1589 de
1787 1523 1923 1587 fratrum

264 1633 450 1691 nostrorum
482 1626 618 1691 consilio
647 1625 866 1691 destinemus:
901 1633 937 1691 ut
970 1627 1057 1692 idem
1089 1627 1233 1693 officium
1263 1628 1380 1694 melius
1411 1629 1604 1714 exequaris,
1638 1624 1726 1712 quod
1760 1625 1923 1691 beneficia

266 1729 490 1794 ecclesiastica
505 1729 650 1815 ipsarum
666 1730 807 1815 partium
824 1730 927 1795 libere
945 1731 1095 1796 conferre
1112 1732 1226 1797 valeas
1249 1736 1405 1816 tanquam
1426 1730 1602 1795 cardinalis
1626 1728 1808 1817 apostolice
1833 1727 1921 1794 sedis

263 1833 391 1918 legatus
415 1833 714 1897 —constitutione
738 1853 838 1918 super
860 1832 922 1898 hoc
946 1834 1034 1900 edita
1062 1856 1127 1900 non
1154 1835 1307 1901 obstante
1332 1873 1388 1915 —,
1419 1834 1478 1898 tibi
1500 1833 1696 1899 auctoritato
1719 1832 1921 1918 presentium

124 1952 134 1968 ·
263 1935 488 2022 indulgemus;
512 1936 769 2002 contradictores
792 1943 854 2001 etc.

371 2056 448 2122 Dat.
473 2064 509 2121 ut
533 2078 642 2143 supra.

371 2175 410 2241 In
433 2175 573 2242 eundern
596 2177 726 2243 modum
751 2178 868 2244 cidem.
914 2179 954 2243 In
979 2178 1146 2245 Corsical.

1061 2379 1121 2445 XI.

817 2560 856 2582 ..
885 2508 1044 2582 electo
1071 2507 1376 2583 Turritano⁰.

375 2635 477 2701 Oum‘
498 2644 531 2702 te
554 2659 612 2723 pro
637 2638 771 2704 instanti
794 2639 927 2725 negotio
951 2639 1093 2705 ecclesie
1121 2640 1155 2704 in
1178 2640 1364 2707 Sardiniam
1392 2640 1613 2718 destinemus,
1644 2640 1836 2705 discretioni
1865 2646 1919 2704 tue

263 2738 475 2824 promittendi
513 2740 647 2805 firmiter
686 2763 729 2807 ex
767 2748 860 2827 parte
898 2747 1012 2808 nostra
1045 2744 1196 2809 omnibus
1229 2745 1365 2829 prelatis
1399 2745 1614 2810 ecclesiarum
1648 2749 1682 2808 et
1715 2742 1920 2829 principibus

263 2843 466 2908 secularibus
494 2844 677 2930 ceterisque
707 2851 762 2910 tue
793 2845 985 2931 legationis,
1020 2846 1105 2931 quod
1137 2867 1197 2912 nos
1230 2854 1264 2912 et
1294 2848 1412 2913 iratres
1448 2847 1551 2912 nostri
1581 2869 1640 2913 eos
1672 2847 1706 2911 in
1736 2845 1919 2911 huiusmodi

263 2947 396 3030 negotio
423 2948 610 3013 nullatenus
641 2946 833 3014 deseremus
861 2970 923 3014 nec
953 2970 1026 3014 cum
1055 2948 1092 3013 F.
1121 2948 1286 3036 quondam
1317 2951 1538 3038 imperatore⁸
1567 2970 1682 3036 pacem
1713 2950 1920 3035 aliquatenus

263 3049 523 3132 reformabimus,
547 3052 593 3116 ita
609 3050 694 3138 qnod
712 3053 783 3138 ipse
800 3053 852 3118 rel
868 3053 985 3139 aliquis
1010 3053 1148 3120 liliorum
1171 3055 1242 3119 eius
1266 3075 1327 3120 rex
1349 3061 1408 3119 ant
1430 3054 1608 3140 imperator
1631 3054 1763 3133 existat,
1787 3054 1917 3139 plenam

263 3157 297 3217 et
319 3152 457 3219 liberam
481 3154 692 3220 concedimus
715 3156 910 3222 auctoritate
933 3158 1134 3242 presentium
1156 3164 1364 3244 potestatem.

370 3273 448 3340 Dat.
472 3275 561 3341 erce

369 3396 409 3461 In
433 3398 573 3465 eundem
596 3398 728 3464 modum
751 3398 867 3466 eidem.
912 3399 977 3465 Per
1001 3399 1179 3465 Corsicam.

1048 3602 1126 3668 XII.

991 3729 1183 3803 Eidem.

371 3861 469 3925 Oum¹
491 3867 523 3926 te
547 3860 588 3925 ad
610 3866 723 3947 partes
740 3861 888 3926 Sardinie
909 3868 970 3927 etc.
994 3882 1114 3947 usque:
1138 3859 1352 3941 destinemus,
1375 3858 1468 3941 nosk,
1492 3865 1528 3923 ut
1551 3881 1590 3925 eo
1613 3859 1780 3924 efficacius
1805 3861 1916 3924 huius-

263 3964 351 4028 modi
373 3965 515 4029 officium
539 3965 658 4051 exequi
680 3966 805 4045 valeas,
827 3987 892 4050 quo
916 3965 1029 4030 maiori
1053 3963 1155 4028 fueris
1179 3985 1238 4049 per
1261 3984 1319 4027 nos
1336 3963 1532 4028 auctoritate
1548 3963 1702 4043 munitus,
1726 3963 1915 4028 discretioni

262 4074 317 4132 tue
355 4069 503 4154 privandi
544 4076 611 4135 tem
649 4070 770 4135 fratres
808 4070 979 4157 hospitalis
1013 4075 1125 4134 sancte
1160 4067 1265 4133 Marie
1299 4067 1577 4134 Theotonicorum
1612 4088 1709 4153 quam
1746 4067 1917 4154 religiosos

262 4172 344 4236 alios
369 4179 431 4239 etc.
456 4179 492 4238 ut
515 4196 615 4260 supra
636 4174 670 4239 in
692 4174 856 4260 legatione
879 4172 1018 4261 predicti
1041 4172 1222 4238 cardinalis.

369 4293 411 4357 In
434 4292 575 4360 eundem
599 4293 731 4358 modum
755 4294 872 4361 eidem.
917 4294 983 4360 Per
1006 4292 1185 4357 Corsicam.

1041 4495 1138 4561 XIII.

995 4623 1187 4699 Eidem.

372 4756 473 4823 Cum¹
502 4762 535 4822 te
565 4756 606 4820 ad
636 4763 748 4844 partes
773 4756 923 4821 Sardinie
951 4780 990 4823 ao
1015 4756 1173 4822 Oorsice¹
1197 4763 1258 4823 etc.
1285 4778 1404 4841 usque:
1435 4754 1652 4834 destinemus,
1683 4756 1833 4834 clericis,
1862 4757 1912 4842 qui

263 4869 373 4927 tecum
395 4862 637 4948 permanserint
660 4867 693 4926 et
721 4882 802 4947 quos
831 4883 890 4947 pro
922 4861 1058 4947 agendis
1089 4862 1231 4927 ecclesie
1260 4861 1392 4927 duxeris
1423 4858 1636 4926 destinandos
1660 4866 1725 4927 etc.
1754 4867 1791 4925 ut
1821 4881 1914 4947 supra

263 4969 296 5031 in
319 4966 484 5052 legatione
507 4964 585 5029 dicti
609 4964 645 5030 P.
670 4964 855 5030 cardinalis.

367 5226 391 5288 1)
408 5227 465 5277 alic
482 5243 521 5293 ep.
540 5225 571 5278 ds
593 5226 683 5278 codem
703 5243 732 5278 rc
752 5227 798 5277 aab
815 5226 978 5278 accam
991 5235 1014 5279 ct
1031 5231 1079 5279 681
1092 5225 1200 5277 XXIII
1203 5243 1229 5292 9.
1313 5256 1317 5264 ·
1344 5221 1369 5286 b)
1388 5223 1478 5274 Eidem
1500 5223 1568 5274 dccet
1585 5223 1617 5274 R.
1733 5226 1757 5288 ο)
1774 5228 1809 5292 cs.
1826 5227 1914 5275 accc

264 5323 287 5366 ct
307 5318 354 5365 706
367 5312 426 5364 ΙΙΙ.
539 5309 565 5376 (¹)
583 5321 723 5378 mquam
739 5313 767 5363 ia
785 5312 816 5364 B.
834 5330 861 5364 a.
876 5317 926 5365 747
942 5322 965 5365 ct
984 5317 1039 5366 748.
1152 5314 1176 5378 ο)
1193 5313 1230 5363 ita
1246 5312 1275 5363 ia
1291 5328 1387 5377 margo
1410 5312 1548 5362 Turantair
1569 5310 1597 5360 ia
1613 5311 1711 5368 nstror
1732 5312 1820 5363 adduc
1842 5312 1915 5363 mcc

262 5400 403 5468 apostolice
426 5399 493 5450 sedis
514 5399 605 5466 legato.
717 5396 790 5466 llos.
807 5418 834 5451 n.
848 5404 897 5452 681
909 5398 1001 5451 XXII
1014 5408 1039 5452 ct
1054 5403 1150 5452 addo.
1258 5396 1285 5463 8)
1302 5398 1449 5464 imperatori
1466 5395 1499 5447 B.
1608 5395 1635 5462 11)
1652 5398 1691 5448 ira
1709 5397 1742 5449 B.
1847 5397 1914 5464 ¹tts·

262 5504 290 5538 n.
301 5486 416 5539 303111
430 5493 453 5536 ct
469 5487 519 5536 681
532 5483 641 5536 XXIII
646 5486 670 5538 t.
757 5483 783 5551 ¹¹)
802 5486 960 5539 destinemus
977 5487 1130 5539 mandemus
1141 5486 1265 5552 quatinus
1277 5502 1324 5536 nos
1335 5484 1368 5535 lt
1455 5480 1475 5546 1)
1493 5484 1528 5551 cs.
1540 5487 1627 5537 neoc
1636 5483 1682 5535 ΙΧ
1694 5493 1719 5536 et
1730 5488 1779 5536 681
1789 5483 1914 5536 mm

367 5620 395 5687 1)
415 5617 452 5686 θῇ
467 5626 562 5690 poto,
580 5623 671 5677 aaa.
