4328 6232
855 355 902 412 EX
921 355 1142 413 Innocenrn
1158 353 1197 410 IV
1216 353 1398 412 nsslsruo

402 722 621 814 [aaaron
649 747 706 814 rr
720 767 810 831 papa
830 745 1017 830 [corsua]
1040 745 1159 810 auno
1180 743 1326 826 Aquari
1351 744 1475 822 staur,
1503 743 1670 831 rreum]
1690 744 1806 811 aaa
1831 746 1952 828 0000

297 853 465 917 diaconum
490 851 699 928 cardinalem,
727 855 802 915 tuuc
827 850 975 933 legatum,
1002 849 1164 927 statuisse,
1192 853 1228 912 ut
1254 848 1361 914 cleriei
1385 848 1594 914 Traieoteusis
1618 849 1757 914 ciuitatis
1778 852 1809 914 ct
1830 848 1952 915 diocesi

298 955 501 1032 corwubiuos,
528 955 558 1019 ai
578 973 660 1036 quas
681 953 842 1031 trabereut,
872 953 1041 1030 abicerent,
1062 951 1117 1017 see
1138 950 1309 1016 uouuuttas
1332 951 1367 1015 id
1384 951 1490 1032 facere
1511 951 1728 1032 contempsisse
1748 951 1886 1035 indeque
1906 973 1952 1017 er·

298 1057 606 1123 communicationem
631 1056 820 1137 iucurrisse;
850 1056 974 1120 obteutu
1000 1059 1105 1120 cuum
1131 1054 1320 1139 W[ittelmi]
1347 1056 1430 1147 repis
1452 1054 1668 1121 Romauomm
1692 1056 1723 1120 ei
1748 1056 1897 1135 mandat,
1925 1077 1952 1119 u

298 1183 368 1227 curu
395 1163 453 1241 eis,
482 1162 539 1243 qui
561 1165 673 1245 posteo
700 1179 733 1224 sc
760 1160 967 1238 correxerint,
997 1158 1239 1224 misericorditer
1267 1162 1355 1241 apat,
1390 1158 1473 1223 aiios
1500 1179 1572 1223 cero
1601 1158 1776 1241 duciptiuc
1805 1159 1952 1225 cauouior

293 1266 423 1347 pausat.
1635 1265 1729 1341 2248,
1751 1262 1831 1329 Dea
1849 1267 1904 1328 31.

403 1385 467 1438 rna
482 1385 529 1438 rr
544 1384 608 1453 aa.
628 1383 689 1437 mc.
706 1384 752 1450 ra
769 1383 789 1449 r.
806 1391 843 1450 rr,
863 1400 891 1436 u.
903 1389 960 1438 rra.
997 1382 1146 1450 namur
1164 1382 1285 1451 naua,
1307 1382 1385 1439 ure.
1403 1388 1421 1437 r.
1436 1383 1504 1450 vn,
1519 1399 1550 1452 p.
1565 1391 1616 1438 444
1633 1383 1798 1438 anuum
1814 1399 1876 1438 aa
1896 1381 1952 1452 aa

404 1472 535 1539 Portare,
555 1471 619 1540 aa.
632 1478 725 1537 rerem
743 1471 842 1539 Buca
859 1476 935 1525 caro.

457 1708 495 1726 ..
524 1652 705 1725 decano
734 1650 944 1724 ecclesie
971 1647 1241 1740 Aquensis¹
1269 1648 1554 1723 Leodiensis
1580 1648 1808 1724 diocesis,

407 1800 647 1867 Inoontinentie
674 1799 803 1878 vitium,
835 1797 920 1883 quod
947 1799 1067 1863 lamam
1099 1799 1293 1863 clericorum
1322 1798 1546 1864 Traiectenais
1579 1798 1722 1864 civitatis
1750 1803 1784 1862 et
1814 1795 1952 1861 diocesis

299 1904 527 1991 denigrabat²,
567 1903 705 1967 dilectus
745 1901 830 1965 filius
864 1909 977 1968 noster
1008 1902 1045 1967 P.
1077 1902 1189 1967 Sancti
1220 1900 1357 1988 Georgii
1392 1903 1434 1967 ad
1462 1902 1583 1967 Velum
1615 1902 1763 1967 Aureum
1800 1898 1952 1965 diaconus

300 2009 484 2088 cardinalis,
507 2015 584 2071 tunc
606 2006 640 2069 in
663 2005 811 2092 partibus
835 2005 898 2069 iliis
923 2006 1104 2091 apostolice
1127 2005 1215 2071 sedis
1232 2007 1373 2092 legatus,
1395 2006 1574 2092 prudenter
1590 2006 1777 2083 attendens,
1803 2004 1952 2069 statuisse

299 2113 426 2195 dicitur,
449 2112 537 2198 quod
558 2111 640 2175 nulli
664 2131 776 2175 eorum
800 2108 841 2173 de
864 2116 973 2174 cetero
997 2108 1157 2174 haberent
1180 2109 1311 2195 publice
1335 2110 1545 2190 concubinas,
1569 2109 1628 2175 sed
1651 2109 1737 2174 infra
1752 2108 1873 2194 viginti
1887 2106 1952 2172 dies

299 2223 506 2302 atempore,
536 2237 600 2301 quo
628 2215 714 2279 toret
744 2214 930 2279 huiusmodi
960 2215 1149 2279 constitutio
1178 2215 1402 2300 promulgata,
1434 2216 1508 2280 illas
1535 2215 1705 2281 abicerent
1733 2234 1796 2278 nec
1825 2233 1883 2277 eas
1906 2213 1952 2276 ret

299 2321 378 2385 elias
408 2319 531 2384 hebere
560 2318 601 2384 de
631 2325 740 2383 cetero
768 2325 1016 2404 attemptarent;
1048 2318 1190 2404 alioquin
1221 2339 1263 2383 ex
1295 2327 1373 2382 tunc
1402 2317 1443 2383 ab
1473 2318 1579 2382 officio
1603 2324 1637 2382 et
1659 2317 1822 2402 beneficio
1846 2322 1952 2381 essent

299 2423 372 2511 ipso
400 2424 469 2487 iure
500 2421 667 2508 suspensi,
698 2428 732 2487 et
761 2422 788 2486 si
817 2420 1025 2507 postmodum
1049 2421 1291 2506 incorrigibiles
1316 2421 1526 2504 haberentur,
1556 2422 1669 2508 elapso
1691 2419 1809 2485 decern
1832 2419 1952 2485 dierum

301 2527 407 2614 spatio
424 2548 460 2590 se
476 2526 598 2591 scirent
614 2525 962 2590 excommunicationis
979 2525 1156 2589 incurrisse
1174 2525 1372 2590 sententiam
1394 2532 1428 2590 et
1444 2546 1561 2590 vacare
1584 2524 1744 2590 beneficia
1768 2521 1951 2588 eorundem.

300 2629 384 2695 Cum
407 2636 533 2709 autem,
563 2629 648 2693 sicut
670 2629 857 2693 insinuante
881 2628 1051 2693 carissimo
1075 2628 1108 2692 in
1133 2627 1265 2692 Christo
1288 2629 1355 2693 tilio
1380 2635 1490 2694 nostro
1507 2628 1563 2694 W.
1586 2629 1709 2694 illustri
1732 2648 1813 2713 rege
1836 2626 1952 2692 Roma·

300 2754 415 2798 norum
443 2733 668 2820 percepimus,
700 2732 847 2797 nonnulli
879 2755 922 2796 ex
953 2730 1075 2795 eisdem
1105 2731 1231 2795 clericis
1262 2732 1460 2796 incurrerint
1487 2733 1669 2818 predictam
1698 2732 1898 2797 sententiam
1925 2736 1952 2795 et

299 2835 409 2901 divine
432 2836 629 2901 celebrarint
656 2836 764 2900 officia
793 2836 838 2899 sic
868 2836 975 2919 ligati,
1003 2835 1058 2919 qui
1087 2857 1123 2898 se
1152 2834 1358 2920 postmodum
1388 2834 1598 2901 laudabiliter
1625 2842 1859 2915 correxerunt,
1887 2855 1952 2914 nos,

300 2941 437 3006 obtentu
464 2940 567 3026 ipsius
595 2940 682 3024 regis
712 2945 849 3023 agentes
878 2937 1131 3004 misericorditer
1163 2959 1236 3002 eum
1267 2938 1408 3018 eisdem,
1440 2939 1646 3019 mandamus,
1676 2930 1837 3025 ¹quatinus
1868 2939 1952 3025 ipsis,

302 3066 374 3109 eum
398 3044 440 3108 ad
463 3050 496 3110 te
520 3043 696 3108 duxerint·
711 3049 843 3129 propter
861 3043 924 3107 boc
940 3042 1106 3107 humiliter
1121 3042 1364 3123 recurrendum,
1387 3041 1449 3107 hac
1467 3043 1537 3108 viee
1553 3043 1647 3108 iuxta
1661 3042 1802 3107 formam
1818 3042 1952 3107 ecclesis

301 3149 496 3213 auctoritate
525 3154 638 3213 nostra
667 3147 862 3212 beneficium
892 3145 1107 3210 absolutionis
1137 3144 1308 3232 impendas
1340 3154 1375 3211 et
1403 3168 1477 3212 cum
1509 3147 1558 3211 eis
1582 3167 1683 3233 super
1704 3145 1952 3232 irregularitate,

301 3273 398 3337 quam
421 3252 630 3316 incurrerunt
652 3251 836 3316 huiusmodi
860 3250 1044 3329 occasione,
1068 3249 1251 3336 dispenses,
1275 3250 1359 3315 alios
1382 3272 1471 3329 vero,
1495 3252 1550 3336 qui
1573 3250 1735 3338 prefatam
1760 3249 1952 3315 sententian

300 3356 504 3421 incurrentes
533 3354 729 3440 contemptis
758 3355 903 3420 clavibus
933 3360 1057 3419 temere
1089 3353 1257 3419 celebrere
1285 3351 1394 3418 divina
1423 3355 1476 3419 vel
1505 3354 1712 3442 prophanare
1743 3353 1856 3440 potius
1883 3373 1952 3439 pre·

300 3464 523 3545 sumpserunt,
559 3458 622 3523 nisi
659 3479 759 3544 super
793 3458 855 3522 biis
888 3464 964 3545 post
998 3457 1212 3522 monitionem
1245 3465 1337 3521 tuam
1368 3457 1453 3522 intra
1482 3458 1596 3524 decem
1626 3457 1698 3522 dies
1725 3478 1762 3522 se
1794 3456 1952 3522 humiliter

303 3562 478 3647 corrigent,
508 3563 593 3626 sieut
616 3584 659 3627 ex
681 3563 753 3649 ipsa
777 3563 1009 3626 constitutione
1034 3566 1198 3640 tenentur,
1227 3562 1343 3647 punias
1366 3561 1539 3647 disciplina
1561 3562 1719 3626 canonica
1742 3568 1777 3626 et
1798 3560 1952 3627 beneficis

300 3665 459 3751 ipsorum,
494 3686 557 3751 que
589 3667 683 3730 iuxta
715 3666 980 3731 constitutionem
1016 3665 1154 3730 eandem
1186 3686 1303 3730 vacare
1334 3664 1546 3746 constiteritb,
1582 3665 1733 3752 personis
1769 3663 1899 3730 idoneis
1925 3674 1952 3729 et

302 3769 444 3833 ecclesie
467 3768 615 3834 Romane
638 3767 764 3834 devotis
788 3768 935 3835 conferre
960 3788 1130 3855 procurem
1155 3767 1413 3833 contradictores
1436 3776 1498 3833 ete.

410 3888 488 3955 Dat.
510 3888 673 3975 Lugduni,
697 3888 731 3953 II
755 3889 828 3954 Kal.
853 3889 1008 3970 Ianuarii,
1032 3890 1209 3954 annoV10.

924 4118 1335 4127 ——--——-.-.-.—

1082 4328 1172 4401 630.

408 4423 627 4514 Irrrsoceutius
642 4446 698 4513 IV
705 4469 796 4532 papa
818 4449 965 4514 ministro
973 4450 1168 4532 provinciali
1183 4450 1307 4514 ordinis
1324 4449 1486 4513 Miuorum
1500 4470 1559 4531 per
1572 4449 1808 4514 Atarnouuicm
1822 4452 1952 4517 mauu

302 4554 466 4615 utcontra
480 4552 717 4638 F[riclericum]
730 4553 888 4635 quondam
910 4555 1125 4636 imperatorem
1147 4560 1176 4620 ct
1193 4554 1341 4639 fautores
1362 4554 1430 4618 cius
1451 4553 1489 4618 de
1510 4553 1640 4618 musitio
1658 4554 1863 4643 willielmi]
1883 4556 1952 4639 repis

302 4653 519 4719 Rornanorum
528 4675 589 4736 per
603 4676 733 4738 reguum
746 4656 963 4722 Alamanniae
978 4679 1098 4723 crucem
1107 4657 1268 4742 praedicet
1282 4661 1311 4722 ct
1320 4656 1507 4738 praedicuri
1519 4656 1630 4737 faeiat.
1675 4659 1772 4735 1249,
1788 4658 1866 4724 qu.
1877 4665 1910 4726 2.

406 4773 471 4827 ru.
484 4773 533 4826 rr
550 4773 613 4842 aa.
632 4773 694 4829 00.
709 4774 756 4844 rr,
773 4775 844 4844 aa,
863 4794 892 4829 a.
905 4783 953 4831 ru
970 4782 993 4832 o
1011 4783 1067 4833 rra

407 4858 538 4928 romae,
558 4859 622 4928 aa.
636 4866 728 4926 aaa
747 4863 846 4933 naqer
864 4870 936 4919 aaa

305 5038 589 5112 ..ministro
618 5041 888 5132 provinciali
916 5044 1091 5117 ordinis
1117 5045 1308 5118 fratrum
1326 5042 1549 5116 Minorum
1576 5062 1653 5135 per
1670 5042 1952 5119 Alamaniam

413 5186 509 5253 Licet
534 5210 643 5270 cause,
667 5211 730 5276 que
753 5192 863 5277 agitur
884 5199 998 5258 contra
1013 5193 1050 5259 F.
1067 5191 1231 5279 quondam
1254 5193 1499 5278 imperatorem,
1523 5190 1697 5256 ecetesiam
1713 5191 1781 5257 Dei
1805 5193 1952 5282 dampna·

304 5290 415 5357 biliter
442 5298 707 5377 persequentem,
736 5294 864 5360 sitnon
888 5302 956 5361 tam
978 5302 1092 5361 nostra
1113 5317 1210 5382 quam
1235 5294 1379 5359 omnium
1404 5292 1528 5358 Christi
1551 5294 1696 5360 fidelium
1719 5298 1901 5381 generalis,
1929 5311 1952 5363 et

408 5516 433 5582 ι)
451 5517 545 5569 ruane
561 5515 594 5570 a.
700 5517 726 5584 b)
744 5520 905 5574 aarum
922 5521 955 5574 a.

408 5634 725 5704 normanum.
813 5638 985 5710 aperus.
