4790 6340
853 424 1052 486 armrounu
1070 425 1260 485 santerna.
1297 427 1372 484 rata.
1879 435 1942 500 ³09

292 589 635 656 excommunicationis
660 589 855 654 senteutiam
879 587 1031 674 nequiter
1045 587 1245 653 adheserunt
1255 588 1276 653 ¹.
1321 586 1366 652 ut
1386 587 1464 653 licet
1479 587 1686 675 postmodum
1701 587 1789 656 ducti
1804 589 1940 655 consilio

291 694 411 760 saniori
448 694 586 779 prestito
620 693 803 758 iuramento
837 692 1010 773 firmarint,
1039 692 1126 778 quod
1157 693 1218 757 sub
1242 692 1327 757 dicti.
1344 693 1473 758 comitis
1498 693 1638 758 dominio
1667 693 1707 759 de
1732 699 1841 760 cetero
1864 713 1939 779 per·

291 799 445 862 sistentes
473 797 537 883 ipsi
566 795 602 862 F.
625 796 677 860 vel
706 796 805 860 alicui
831 796 927 861 alteri
951 803 1063 861 contra
1085 797 1192 883 ipsum
1215 797 1347 862 minime
1372 795 1557 878 obedirent,
1580 797 1679 862 iidem
1702 804 1828 878 tamen,
1851 797 1939 860 iura-

292 902 394 966 menti
417 899 574 986 religione
604 920 641 964 ac
674 900 741 964 leta
768 899 802 964 iu
829 898 1027 965 adherentes
1058 907 1092 964 et
1114 900 1265 966 faventes
1288 899 1435 986 predicto
1466 898 1504 966 F.
1528 901 1692 966 sententia
1714 901 1939 965 excommuni-

293 1005 431 1071 cationis
447 1002 702 1090 dampnabiliter
716 1002 884 1088 vilipensis
908 1009 941 1067 et
962 1002 1120 1068 fidelitate
1144 1009 1268 1068 temere
1291 1004 1452 1089 relegata,
1476 1025 1513 1094 se
1535 1005 1576 1070 ab
1599 1007 1670 1070 eius
1694 1004 1838 1069 dominio
1861 1003 1940 1068 sub·

291 1109 465 1190 ducentes,
499 1107 627 1193 prefato
655 1105 693 1170 F.
726 1108 885 1172 assistunt
919 1113 1033 1171 contre
1059 1108 1166 1194 ipsum
1194 1114 1228 1172 et
1255 1109 1428 1172 ecclesiam
1458 1129 1515 1193 pro
1544 1109 1668 1173 viribus
1696 1115 1730 1173 et
1758 1112 1940 1194 patenter⁸.

292 1210 377 1286 Quia
402 1231 480 1275 vero
512 1211 645 1296 dignum
672 1215 738 1294 est,
768 1216 805 1274 ut
829 1211 884 1297 qui
906 1208 1047 1296 diligunt
1068 1211 1332 1276 meledictionem
1355 1211 1467 1278 veniat
1490 1212 1536 1276 eis
1567 1219 1600 1277 et
1624 1213 1679 1298 qui
1702 1211 1815 1276 nolunt
1837 1212 1939 1277 bene-

291 1315 469 1382 dictionem
491 1316 706 1401 prolongetur
727 1315 769 1380 eb
793 1314 873 1391 illis,
896 1313 1100 1393 mandamus,
1125 1315 1287 1398 quatinus,
1312 1317 1340 1379 si
1363 1337 1415 1380 res
1438 1316 1483 1380 ita
1506 1337 1541 1381 se
1565 1315 1674 1395 habet,
1697 1316 1940 1402 prenominatos

290 1419 456 1500 homines,
492 1419 556 1484 nisi
588 1418 629 1483 ab
665 1417 781 1483 ecdem
817 1417 854 1483 F.
878 1418 962 1482 intra
995 1425 1235 1502 competentem
1265 1420 1439 1483 terminum
1469 1427 1544 1485 ete
1568 1418 1793 1504 prefigendum
1816 1415 1940 1484 eisdem

292 1524 449 1591 recedent
471 1523 565 1610 eique
587 1528 751 1607 tamquam
768 1521 958 1608 imperatori
980 1542 1045 1586 non
1061 1520 1215 1586 obediant
1237 1543 1299 1586 nec
1314 1521 1487 1588 intendant
1510 1544 1548 1587 ac
1564 1522 1604 1586 ad
1626 1523 1784 1587 unitatem
1800 1521 1940 1587 ecclesie

290 1634 498 1695 revertantur
519 1626 648 1714 ipsique
672 1626 781 1690 comiti
804 1624 903 1690 velud
925 1644 982 1689 suo
1007 1625 1136 1689 domino
1159 1627 1191 1688 in
1215 1625 1388 1690 devotione
1411 1625 1593 1690 huiusmodi
1617 1625 1807 1710 persistenti
1825 1622 1938 1689 stude-

291 1741 348 1798 ant
372 1732 511 1817 obsequi
533 1737 570 1796 ut
592 1736 755 1806 tenentur,
779 1751 840 1794 nec
864 1751 931 1793 non
955 1736 987 1793 et
1009 1729 1158 1793 homines
1182 1729 1259 1794 ville
1282 1729 1518 1800 Lucernensis,
1549 1731 1575 1792 si
1599 1729 1658 1792 tibi
1682 1749 1739 1792 eos
1763 1729 1827 1793 illis
1850 1749 1938 1793 corn-

290 1837 458 1902 municare
481 1856 520 1899 ac
542 1835 654 1898 favere
678 1833 803 1919 prefato
833 1833 870 1899 F.
895 1833 1075 1898 eonstiterit
1108 1834 1141 1897 in
1171 1834 1357 1918 premissis,
1393 1834 1565 1900 denunties
1596 1831 1939 1899 excommunicationis

292 1941 455 2006 sententie
479 1938 651 2003 subiacere
675 1958 714 2001 ac
736 1937 807 2024 ipsa
831 1937 905 2002 loca
927 1944 960 2001 et
981 1937 1093 2001 villam
1116 1936 1359 2003 Lucernensem
1384 1960 1550 2026 supponas
1575 1937 1737 2002 sententie
1766 1935 1938 2013 interdicti,

292 2045 415 2110 faciens
438 2049 611 2128 utramque
643 2043 840 2107 sententiam
870 2043 1063 2107 auctoritate
1092 2049 1206 2107 nostre
1236 2043 1366 2108 sublato
1389 2043 1619 2132 appellationis
1643 2041 1811 2107 obstaculo
1834 2060 1938 2124 usque

290 2149 331 2214 ad
355 2145 612 2212 satisfactionem
629 2145 822 2231 condignam
839 2146 1074 2210 inviolabiliter
1088 2147 1267 2230 observari,
1285 2169 1496 2235 processurus
1520 2169 1619 2234 super
1642 2145 1704 2210 hiis
1728 2145 1819 2226 alias,
1843 2147 1940 2230 prout

290 2251 411 2318 videris
434 2249 599 2337 expedire.

394 2372 472 2436 Dat.
496 2371 660 2456 Lugduni,
677 2371 708 2435 V
723 2369 800 2438 Kal.
824 2371 915 2459 Sept.
937 2394 1023 2438 anno
1039 2372 1099 2437 V0.

1073 2779 1161 2854 425.

396 2893 615 2986 Innocentius
630 2919 653 2984 I
658 2919 686 2982 V
693 2939 783 3002 papa
807 2917 935 3003 P[etro]
959 2919 1071 2984 Sancti
1095 2921 1224 3004 Georgii
1252 2921 1295 2985 ad
1316 2919 1424 2986 Velnm
1446 2921 1590 2986 Aureum
1615 2920 1746 2986 diacono
1772 2918 1939 2994 cardinali,

292 3025 478 3106 apostolicae
501 3024 583 3089 sedis
605 3024 713 3106 legato,
735 3021 881 3100 mandat,
911 3025 947 3085 nt
967 3042 1036 3087 cnm
1058 3024 1232 3089 nmninatis
1253 3025 1423 3102 nob-itibus,
1450 3026 1480 3089 si
1500 3025 1658 3109 [Hanrico
1679 3023 1740 3110 H]
1760 3023 1834 3090 daci
1853 3023 1941 3088 Bra-

290 3129 416 3194 bantiae
444 3129 537 3194 ntitas
565 3126 630 3191 sint
657 3129 686 3190 et
711 3128 819 3189 contra
840 3123 1079 3212 Urisio-icam]
1110 3127 1266 3208 qnondam
1304 3130 1517 3210 imperatorem
1554 3149 1673 3195 crucem
1705 3125 1939 3208 assumpserint,

289 3233 453 3315 dimanet,
477 3235 513 3296 nt
533 3231 570 3295 in
583 3229 794 3294 matrimoniis
816 3230 994 3308 contractis,
1014 3250 1079 3294 nme
1101 3231 1239 3297 obstante
1261 3237 1373 3313 quarto
1395 3231 1678 3316 consanguinitatis
1699 3231 1746 3296 oct
1767 3229 1941 3316 affinitatis

287 3335 399 3419 arada
415 3338 635 3417 permancant.
1579 3337 1673 3414 1247,
1694 3335 1777 3417 Aup.
1800 3337 1854 3400 31.

396 3454 706 3524 IisnIVRay.Vol.I,
725 3451 867 3521 460511117.
886 3452 987 3520 V,182.
1033 3453 1144 3507 Praeter
1169 3455 1311 3522 eammlar,
1340 3454 1411 3522 pand
1438 3455 1536 3524 Βῆριν
1561 3454 1653 3522 edidit,
1680 3453 1851 3508 αῶιῶιιιῗιιιιιε
1876 3468 1938 3521 apo

287 3541 420 3610 mamam
440 3539 500 3594 coa.
521 3541 643 3595 aaran.
661 3541 688 3596 J.
703 3548 743 3609 ss,
761 3539 832 3609 aaa
849 3539 877 3593 V,
892 3539 934 3593 ci.
951 3539 985 3594 n.
1007 3539 1196 3594 minanam
1210 3541 1286 3596 aona
1298 3542 1429 3608 nanta

394 3629 492 3697 aaran
508 3634 580 3684 3231.

414 3791 455 3866 P.
484 3791 643 3865 Sancti
670 3789 852 3882 Georgii
879 3789 1100 3863 adVelum
1127 3791 1324 3865 Aureum
1351 3791 1547 3866 diacono
1575 3790 1814 3880 cardinali,

816 3910 1065 4003 apostolice
1093 3912 1227 3986 sedis
1253 3912 1414 4004 legato.

393 4059 489 4125 Licet
523 4059 721 4124 matrimonii
755 4058 905 4145 copulem
938 4058 971 4122 iu
1005 4064 1119 4143 quarta
1156 4061 1449 4145 consanguinitatis
1485 4067 1518 4128 et
1548 4061 1719 4128 affinitatis
1749 4063 1837 4127 linea
1860 4082 1937 4126 con-

291 4163 442 4228 trahendi
465 4165 549 4228 sacri
572 4164 698 4229 concilii
722 4163 909 4228 constitutio
931 4161 1114 4244 interdicat,
1139 4165 1214 4248 quia
1237 4171 1344 4230 tamen
1369 4187 1467 4252 super
1489 4165 1562 4244 hoc,
1584 4173 1621 4231 ut
1640 4166 1773 4232 evidens
1795 4167 1938 4232 necessi·

290 4272 341 4331 tas
364 4275 398 4332 et
421 4267 542 4332 utilitas
565 4265 598 4330 id
622 4267 785 4354 exposcit,
810 4266 978 4331 consuevit
1001 4265 1097 4331 sedes
1121 4267 1302 4352 apostolica
1324 4268 1526 4354 dispensare,
1550 4270 1751 4352 mandamus,
1776 4271 1938 4358 quatinus,

291 4372 318 4435 si
341 4369 544 4457 cognoveris,
566 4370 651 4456 quod
667 4369 836 4435 Walterus
858 4366 898 4434 de
914 4368 1099 4434 ElrovenM
1122 4391 1161 4434 ac
1176 4370 1342 4436 Arnoldus
1366 4371 1406 4436 de
1428 4370 1572 4437 Ranst⁰³
1596 4373 1726 4453 milites,
1750 4375 1805 4460 qui
1827 4373 1938 4438 uxori-

289 4475 351 4540 bus
376 4475 443 4538 suis
463 4475 496 4538 in
520 4479 633 4560 quarto
658 4473 950 4559 consanguinitatis
974 4472 1087 4558 gradu,
1112 4479 1145 4538 et
1166 4473 1332 4539 Arnoldus
1357 4475 1461 4540 dictus
1485 4475 1597 4555 Amas,
1621 4476 1676 4561 qui
1699 4477 1794 4540 uxori
1817 4475 1886 4540 eius
1906 4477 1939 4541 in

292 4576 407 4644 eodem
429 4577 534 4664 gradu
557 4577 725 4643 affinitatis
749 4577 889 4643 attinere
912 4575 1080 4654 dicuntur,
1112 4577 1211 4642 utiles
1247 4579 1312 4642 sint
1345 4579 1464 4644 dilecto
1498 4579 1564 4645 filio
1588 4580 1689 4645 nobili
1712 4581 1779 4645 viro
1803 4629 1811 4644 .
1832 4629 1839 4644 .
1863 4580 1938 4644 duci

290 4682 504 4768 Lotharingie
528 4702 567 4746 ac
589 4681 790 4746 Brabantie⁴
813 4682 846 4745 in
868 4680 1009 4766 negotiis
1032 4681 1171 4746 ecclesie
1195 4680 1368 4746 accideris
1391 4683 1557 4770 expedire,
1581 4683 1744 4770 iidemque
1767 4689 1880 4748 contra
1899 4683 1937 4747 F.

288 4785 451 4870 quondam
474 4785 706 4870 imperatorem
730 4785 977 4871 assumpserint,
1001 4783 1041 4848 ad
1064 4784 1150 4869 quod
1173 4806 1208 4850 se
1233 4792 1363 4872 paratos
1388 4787 1538 4870 offerunt,
1555 4789 1683 4873 signum
1700 4789 1816 4868 crucia,
1841 4808 1939 4875 super

288 4889 351 4955 hoe
379 4889 421 4953 ab
451 4889 499 4953 eis
527 4888 704 4954 sufficienti
733 4889 884 4953 cautione
907 4895 1054 4974 recepta,
1085 4909 1159 4953 cum
1185 4890 1263 4974 ipsis
1287 4891 1481 4955 auctoritate
1507 4899 1618 4954 nostra
1641 4891 1824 4979 dispenses,
1847 4899 1883 4956 ut
1904 4892 1938 4956 in

288 4990 501 5056 matrimoniis
526 4991 573 5056 sic
597 4991 774 5057 contractis
796 4991 900 5056 libere
923 4993 1056 5056 valeant
1077 5013 1283 5078 permanere.

393 5111 470 5180 Dat.
494 5112 655 5198 Lugduni,
677 5112 713 5178 H
735 5111 809 5178 Kal.
835 5111 925 5200 Sept.
949 5133 1035 5179 auno
1051 5113 1128 5181 V⁰⁶.

395 5337 420 5402 ¹)
436 5345 554 5405 potenter
571 5336 599 5389 S.
687 5334 853 5402 b)1tbeovsn
870 5337 917 5397 B.‚·
935 5337 1053 5391 Ebesran
1069 5339 1136 5392 Vatl.
1224 5337 1247 5406 ο)
1265 5339 1306 5405 P,
1323 5341 1405 5405 Velm
1422 5343 1505 5394 Kanst
1523 5342 1555 5393 B.
1642 5341 1669 5408 d)
1687 5345 1745 5396 Dat.
1763 5353 1888 5413 utsupra
1905 5345 1938 5397 R.

393 5456 419 5524 l)
439 5455 477 5522 θῇ
496 5455 616 5510 clrartam
633 5457 799 5525 mentoris
815 5475 843 5511 a.
862 5465 935 5526 1240,
956 5457 1017 5512 Dos.
1036 5475 1080 5526 ap.
1099 5459 1330 5528 Bitenas-Fictor,
1349 5460 1366 5513 t.
1385 5476 1406 5514 c.
1426 5466 1498 5516 3155,
1608 5461 1635 5529 2)
1655 5461 1808 5516 Ecclctouen
1824 5463 1855 5516 in
1868 5480 1939 5534 papa

288 5541 444 5596 etdommio
469 5541 585 5612 anpst
611 5542 723 5597 ducatus
750 5543 922 5598 Brabamioa.
1035 5546 1063 5613 3)
1082 5545 1132 5600 Ea
1158 5563 1196 5601 or.
1224 5547 1270 5600 cir.
1302 5546 1449 5614 Amnem.
1553 5547 1580 5614 4)
1599 5547 1653 5601 Hic
1674 5549 1747 5602 salas
1769 5549 1840 5604 inter
1860 5550 1939 5605 dines

293 5629 436 5684 Teutonico
459 5629 576 5683 electioni
595 5630 717 5684 wazelini·
744 5632 825 5700 reps's,
855 5631 902 5700 qni
929 5632 1004 5700 filiam
1024 5631 1164 5688 Mattildis
1181 5633 1280 5686 sormia
1302 5649 1366 5686 strae
1382 5638 1454 5700 erat,
1473 5633 1607 5700 interfinia·
1633 5633 1863 5708 Brittium-Ficta,
1883 5639 1900 5694 t.
1917 5656 1939 5694 c.

290 5721 378 5770 48860.
