4328 6232
825 144 872 198 ux
891 141 1109 198 INNOOENTII
1126 140 1165 195 IV
1183 140 1364 206 ascenso

1049 406 1136 482 bii.

370 511 588 604 lammae
606 533 759 619 rapace
778 531 964 617 [caesapo]
978 531 1069 596 cem
1087 529 1294 597 sesamae
1302 530 1508 615 [amnicae
1522 534 1604 601 esc
1619 536 1738 620 109ch
1752 536 1927 614 masec,

264 644 301 705 ct
322 660 391 705 cam
410 639 560 706 Gerbcrio
584 638 690 704 comite
712 637 749 701 dc
768 633 989 713 Stoltcabroltc,
1012 634 1068 715 qai
1080 654 1143 715 pro
1159 632 1337 720 H[cnrico]
1355 654 1424 718 repe
1437 633 1652 703 Romanorum
1666 657 1757 704 cresc
1770 639 1928 722 insigniri

265 763 297 808 se
319 744 395 808 celle
417 741 542 821 offeret,
564 746 594 807 ct
615 761 712 806 acore
733 742 801 806 eius
821 737 991 819 dispenset,
1013 741 1057 816 et,
1079 757 1144 802 acc
1166 736 1305 802 obstante
1326 741 1443 821 quarta
1463 740 1748 824 coascspciaiictis
1770 742 1868 820 lineo,
1890 742 1927 806 in

265 846 466 911 matrimonio
488 848 644 909 contracto
658 861 847 926 pmsonerc
869 840 1005 906 calcent.
1603 845 1697 924 1246,
1722 844 1786 911 lei.
1804 850 1836 913 7.

371 964 496 1019 Ism.IV
512 964 574 1033 Rsp.
591 963 765 1032 Vallem,-
782 959 939 1027 Lama
980 958 1078 1013 Pessi
1099 959 1232 1027 emnem
1253 959 1341 1015 Masso
1357 976 1417 1014 mem
1436 959 1553 1029 Rape-stis
1569 961 1926 1019 mausiacensem.

373 1052 470 1120 Beryae
488 1058 565 1118 1996;
580 1050 651 1118 salso
668 1050 717 1104 stab
735 1049 791 1105 Ire.
804 1055 844 1103 10.

800 1265 839 1285 ..
868 1208 1022 1283 electo
1054 1207 1395 1284 Ferrariensi⁸.

375 1342 428 1408 Ad
451 1343 652 1408 audientiam
670 1348 815 1409 nostram
832 1342 950 1407 dilecto
969 1341 1035 1406 filio
1059 1341 1159 1407 nobili
1182 1342 1251 1406 viro
1278 1340 1442 1407 Gerberto
1466 1344 1586 1409 comite
1609 1342 1650 1411 de
1665 1344 1926 1412 Stoltenbrolre¹

268 1447 440 1512 intimante
457 1447 617 1534 pervenit,
640 1446 727 1532 quod
750 1447 827 1512 licet
843 1447 926 1533 ipse,
951 1445 1053 1511 nobili
1068 1445 1199 1510 mulieri
1222 1495 1255 1511 ..
1278 1446 1374 1510 uxori
1399 1467 1457 1512 sue
1480 1467 1541 1534 per
1562 1454 1636 1513 octo
1658 1469 1764 1514 annos
1788 1448 1924 1515 cohabi-

268 1556 353 1633 tans,
373 1552 502 1638 prolem
520 1553 701 1638 susceperit
718 1573 761 1617 ex
778 1551 905 1631 eadem,
929 1550 960 1615 ci
975 1556 1085 1615 tamen
1101 1554 1218 1635 quarta
1235 1550 1527 1635 consanguinitatis
1541 1551 1629 1618 linea
1644 1557 1696 1618 est
1712 1553 1924 1628 coniunctum

270 1674 372 1740 quare
395 1652 481 1718 idem
506 1661 540 1720 et
569 1675 629 1741 pro
661 1653 733 1740 ipsc
760 1653 967 1720 venerabiles
995 1652 1114 1718 fratres
1144 1653 1248 1718 nostri
1270 1650 1574 1737 Monasteriensis²,
1597 1702 1631 1721 ..
1655 1654 1924 1744 osnaburgensis

270 1764 303 1823 et
326 1806 360 1824 ..
384 1757 613 1824 Mindensisbi
636 1759 785 1845 episcopi
814 1779 854 1824 ac
877 1756 988 1823 dilecti
1011 1756 1070 1821 filii
1093 1805 1126 1821 ..
1150 1755 1191 1822 de
1215 1755 1501 1822 Tekeneburch⁰⁴
1529 1765 1564 1824 et
1588 1807 1620 1824 ..
1643 1758 1684 1826 dc
1708 1759 1924 1827 Oldenburcb

269 1861 427 1928 comites⁵
450 1861 546 1927 nobis
568 1860 737 1928 humiliter
759 1861 999 1948 supplicarunt,
1030 1865 1067 1926 ut
1096 1881 1171 1925 cum
1199 1858 1287 1924 idem
1310 1881 1421 1926 comes
1445 1861 1563 1928 offerat
1585 1883 1621 1929 sc
1650 1864 1735 1930 velle
1759 1887 1836 1931 cum
1858 1867 1924 1932 suis

268 1964 427 2029 militibus
441 1986 479 2030 ac
496 1964 622 2030 familia
636 1986 696 2051 pro
712 1963 956 2059 manutenenda
972 1968 1005 2029 ct
1017 1961 1225 2027 defendenda
1239 1963 1366 2027 iustitia
1378 1965 1530 2047 ecclesie,
1547 1965 1735 2033 adherendo
1751 1969 1922 2034 carissimo

268 2067 302 2132 iu
322 2055 453 2132 Christo
477 2068 543 2133 filio
567 2073 680 2134 nostro
703 2067 747 2134 H.
765 2068 837 2153 regi
854 2067 1072 2132 Romanorum
1095 2067 1225 2148 illustri,
1249 2067 1355 2132 crucis
1377 2074 1545 2136 caractere
1567 2071 1727 2156 insigniri,
1750 2073 1923 2159 permitte·

268 2193 377 2239 remus
401 2173 508 2257 ipsum
533 2194 605 2237 cum
630 2171 718 2236 dicta
741 2192 845 2236 uxore
869 2192 943 2249 sua,
975 2191 1048 2235 cum
1079 2170 1127 2235 eis
1151 2169 1193 2236 de
1222 2171 1329 2255 gratia
1351 2170 1588 2258 dispensando,
1620 2175 1654 2238 iu
1683 2174 1731 2241 sic
1754 2181 1923 2241 contracto

269 2275 475 2340 matrimonio
510 2295 714 2361 permanere.
767 2273 861 2338 Licet
892 2280 1001 2338 autom
1032 2273 1171 2338 velimus
1206 2274 1459 2340 constitutiones
1491 2277 1682 2358 canonicas,
1717 2299 1781 2363 quc
1811 2300 1926 2344 omncs

269 2380 471 2465 astringunt,
501 2379 543 2443 ab
572 2379 722 2443 omnibus
745 2378 979 2443 inviolabiliter
1006 2376 1190 2457 observari,
1219 2378 1371 2442 nolumus
1401 2382 1511 2444 tamen
1539 2379 1751 2465 usqueadeo
1781 2383 1926 2468 ipsorum

270 2502 408 2547 nervum
438 2480 635 2561 extendere,
666 2481 752 2567 quod
784 2482 837 2545 vel
867 2482 974 2567 ipsum
1003 2480 1107 2566 rumpi
1140 2485 1291 2565 oporteat
1318 2481 1372 2546 vel
1399 2483 1530 2548 omnino
1559 2482 1711 2548 deserere
1739 2484 1926 2570 ligaturam,

269 2585 425 2671 quoniam
448 2584 489 2649 ad
506 2584 568 2649 hoc
583 2583 675 2649 Deus
691 2586 724 2649 in
740 2585 920 2671 apostolica
936 2583 1015 2648 sede
1039 2583 1207 2648 constituit
1229 2583 1466 2669 plenitudinem
1490 2587 1716 2652 ecclesiastice
1738 2591 1925 2675 potestatis,

270 2692 306 2752 ut
320 2687 488 2754 Romanus
504 2687 664 2774 pontifex,
687 2688 742 2773 qui
760 2689 870 2752 claves
894 2688 927 2751 in
949 2688 1047 2751 beato
1070 2686 1170 2752 Petro
1192 2687 1366 2773 potestatis
1388 2694 1423 2753 et
1446 2687 1653 2756 discretionis
1675 2692 1816 2778 accepit,
1839 2714 1927 2759 nunc

269 2789 412 2876 rigorem
441 2795 613 2869 exerceat,
643 2811 730 2855 nuuc
759 2788 1044 2855 mansuetudinem
1072 2796 1264 2876 anteponet,
1297 2799 1395 2878 prout
1424 2792 1641 2859 consideratis
1670 2792 1928 2861 circumstantiis

269 2894 432 2960 universis
456 2914 628 2960 causarum
651 2892 825 2959 diversitas
849 2893 988 2960 diversis
1012 2893 1119 2958 modis
1143 2896 1295 2979 exegerit
1309 2895 1575 2983 dispensandum.
1623 2897 1813 2965 Eorundem
1829 2900 1930 2987 igitur

269 2999 499 3085 episcoporum
522 3004 556 3063 et
584 2998 740 3062 comitum
770 2997 898 3063 devotis
927 2997 1221 3084 supplicationibus
1251 2999 1411 3081 inclinati,
1444 3000 1609 3066 devotioni
1638 3006 1695 3066 tue
1723 3005 1928 3090 presentium

270 3101 463 3167 auctoritate
487 3102 732 3182 committimus,
756 3108 806 3182 ut,
830 3102 957 3187 prefato
980 3101 1099 3166 comite
1124 3100 1164 3166 de
1188 3101 1425 3170 Stoltsnbroke
1447 3104 1591 3172 fideliter
1613 3103 1816 3191 adimplente
1840 3107 1927 3191 quod

270 3205 377 3284 offert,
401 3207 569 3292 cumipse
593 3213 626 3270 ct
649 3205 767 3271 eadem
789 3225 893 3269 uxore
917 3224 978 3269 sua
1001 3206 1196 3270 auctoritate
1220 3213 1332 3271 nostra
1354 3205 1543 3294 dispenses,
1565 3213 1602 3272 ut
1624 3245 1666 3256 —
1690 3208 1928 3296 impedimento

184 3387 189 3409 Ι
269 3306 455 3373 huiusmodi
479 3330 544 3374 uon
567 3308 721 3374 obstante
740 3345 780 3356 -
797 3309 925 3394 possint
947 3310 981 3373 in
999 3309 1046 3375 sic
1062 3316 1228 3374 contracto
1244 3311 1451 3377 matrimonio
1466 3311 1557 3378 licite
1573 3332 1779 3398 permanere,
1803 3314 1927 3399 prolem

271 3419 459 3499 susceptam
483 3433 526 3478 ex
550 3412 598 3477 sis
619 3412 802 3498 legitimam
824 3410 1015 3477 nuntiando.

381 3533 457 3599 Dat.
481 3533 645 3618 Lugduni,
668 3532 794 3599 Nonis‘l
817 3534 902 3608 Iulii,
926 3555 1011 3599 anno
1034 3540 1160 3619 quarto.

1057 3934 1145 4008 213.

376 4032 594 4126 bimensus
608 4054 759 4138 rapam
777 4056 885 4122 acces
908 4055 946 4122 e
963 4056 1114 4123 sesses
1133 4054 1329 4123 mames
1345 4055 1475 4124 esces
1488 4057 1533 4123 aa
1547 4077 1657 4141 prees
1677 4059 1880 4125 sassones
1900 4062 1929 4124 e

271 4161 488 4227 cessasses
509 4160 792 4242 acconensium
813 4158 953 4237 modat,
974 4161 1007 4223 ut
1035 4158 1280 4224 Tlclernonaam
1301 4159 1451 4225 scolarem
1475 4160 1741 4243 apamensem
1762 4164 1800 4227 iss
1820 4162 1931 4247 clipea

272 4267 399 4334 scolene
428 4265 565 4332 amictis
596 4266 644 4331 ccl
672 4265 803 4330 diocesis
831 4262 1043 4340 Trcvsrensis,
1074 4260 1248 4327 cathedrali
1271 4265 1412 4343 eccepto,
1438 4264 1537 4346 recepi
1553 4263 1660 4349 faciet
1678 4265 1716 4330 ia
1737 4267 1929 4332 ccnoaisssm.

376 4417 581 4486 recursa.
598 4416 653 4471 Vos.
666 4416 691 4484 1,
703 4422 765 4479 ser·
783 4414 844 4470 nc.
858 4414 911 4482 rr,
924 4422 964 4470 ιο,
1616 4371 1710 4448 1246,
1732 4369 1845 4438 Iste.

378 4506 477 4574 Basse
493 4510 573 4559 aoso.

377 4696 402 4764 ⁸)
419 4699 558 4766 apostolice
575 4698 642 4750 sedis
659 4697 744 4765 legato
762 4694 935 4763 supplendam
951 4701 1001 4753 sets·
1024 4694 1058 4759 cs·
1075 4710 1102 4744 a.
1115 4695 1174 4745 203.
1253 4690 1280 4758 b)
1297 4694 1335 4746 ito
1347 4694 1394 4753 B.‚·
1411 4697 1551 4751 Misnensis
1560 4696 1593 4750 B.
1666 4697 1691 4762 ο)
1709 4699 1748 4751 ita
1759 4697 1807 4764 B.,·
1824 4699 1927 4755 Takon-

272 4785 355 4838 burcb
368 4782 403 4835 B.
473 4779 499 4847 θ)
518 4784 556 4834 ite
568 4782 616 4847 B.;
632 4783 669 4833 Vl
686 4783 748 4834 Idus
759 4781 792 4834 B.

378 4915 895 4988 lurcatsmcisasesstcssa
966 4911 1931 4990 illaedolfaaSubSqa18pcpoIldamlbatonpiscopcOsm·

274 4999 1934 5077 Mmsdmsdomtmmdmaqaabwwwmusicumnbmmdc,aoeiadbwhmmosmm,w

271 5085 1260 5159 soemsmcsse,rscqscpssassaosassatsotvse;nsrcsaoee.
1288 5087 1933 5165 diasprmtiacsitanfaetocfflmt,m

273 5185 350 5248 acas,
368 5186 440 5246 aror,
458 5183 531 5246 areo,
549 5181 624 5233 asos.
692 5176 720 5243 3)
739 5174 879 5229 mssa.
949 5172 978 5236 4)
999 5171 1169 5242 Petebam,
1186 5190 1201 5227 c
1216 5190 1279 5230 m.
1295 5181 1320 5229 a
1336 5176 1446 5231 osce.
1461 5175 1625 5232 Ossam&
1693 5178 1724 5249 o)
1741 5175 1803 5234 Sao
1817 5183 1933 5248 amat,

274 5256 1935 5335 Apremmammemmrmocmuauepsmpsommmssommffl

273 5344 1712 5419 commmemdldedomwsdmmnibidoedoeiocdsrmmsamdcsitmtwffl
1780 5346 1936 5408 *fis

275 5429 1612 5504 SrsdiPaaliOammumsmmipmmdsricomsombscccbmasmdnsbesdsdcsmoe
