4328 6232
200 349 263 414 518
760 345 810 401 EX
828 344 1047 402 INNOOENTII
1064 345 1104 400 IV
1122 344 1303 402 REGISTRl)

199 522 259 585 tibi
283 521 403 586 dictam
426 521 467 586 A.
491 521 554 607 ipsi
577 520 617 586 R.
641 522 674 586 in
698 529 813 608 quarto
838 522 1131 607 consanguinitatis
1154 520 1258 605 gradu
1282 542 1357 586 esse
1380 521 1604 603 coniunctam,
1628 528 1680 604 tu,
1711 525 1860 609 quamvis

199 624 258 688 tibi
287 645 346 711 per
373 625 440 690 alia
468 625 664 690 documenta
694 626 735 690 dc
764 626 1052 712 consanguinitate
1083 625 1269 693 huiusmodi
1296 646 1362 717 non
1392 631 1571 701 constaret,
1605 626 1713 691 eidem
1737 625 1796 706 R„
1825 634 1861 690 ut

201 749 299 814 super
321 728 384 794 hoc
408 728 449 792 ad
472 730 653 815 apostolice
678 730 766 795 sedis
790 736 971 794 recurreret
992 729 1239 815 providentiam,
1263 730 1465 796 iniuncxisti.
1504 728 1649 816 Optantu
1666 731 1769 816 igitur
1783 730 1859 795 dicti

200 833 328 897 comitis
351 833 447 897 nobis
471 833 687 920 supplicantis
711 855 770 920 pro
793 834 842 898 cis
867 832 1069 915 mandamur,
1094 834 1259 919 quatinus,
1284 833 1311 897 si
1335 841 1386 897 est
1408 835 1464 913 ita,
1488 834 1665 920 provideas
1682 855 1785 920 super
1800 833 1858 898 hoc

200 936 394 1001 auctoritate
429 943 543 1001 nostra
574 937 795 1023 dispensando
830 958 904 1001 cum
941 936 1020 1018 illis,
1054 944 1152 1023 prout
1186 936 1367 1002 secundum
1402 937 1508 1003 Deum
1544 937 1641 1003 saluti
1678 940 1857 1003 animarum
1924 974 1943 1007 a

200 1040 345 1125 ipsorum
368 1040 407 1105 R.
431 1046 466 1104 et
488 1040 530 1104 A.
554 1040 674 1106 videris
698 1041 867 1128 expedire.

309 1160 386 1226 Dat.
409 1160 572 1247 Lugduni,
595 1161 666 1226 IIII
689 1162 764 1228 Kal.
788 1163 880 1245 Maii,
903 1184 988 1228 anno
1004 1161 1079 1228 V10.

828 1426 1005 1433 ψ,
1020 1426 1240 1433 ψ--μ--ο-

992 1653 1080 1726 697.

308 1749 526 1843 Innocentius
552 1775 608 1840 IV
628 1794 717 1857 papo
743 1774 902 1859 [Henrieo
924 1775 1005 1860 III]
1038 1776 1177 1856 episeopo
1202 1776 1432 1859 Argentinensi
1465 1777 1589 1843 obnnta
1619 1777 1798 1862 C[onrodi]
1826 1776 1861 1840 de

204 1881 394 1958 Smnlloen,
416 1880 524 1944 nuntii
545 1878 741 1964 [Willelmi]
762 1878 846 1960 regis
867 1877 1093 1958 Romanensem,
1116 1878 1258 1956 attondat,
1281 1883 1316 1943 nl
1338 1901 1407 1944 cum
1429 1880 1593 1946 Evcrardo
1614 1882 1765 1945 aenonico
1786 1880 1862 1947 Oar-

203 1984 334 2049 denensi
370 2002 466 2065 snper
495 1983 687 2065 pluralitate
723 1981 940 2063 beneficiorem
975 2001 1073 2063 mone
1107 1982 1152 2046 ad
1187 2001 1354 2061 sammon,
1391 1983 1428 2048 dc
1460 2005 1524 2065 qna
1561 1984 1709 2068 expedire
1742 1982 1861 2059 viderit,
1916 1997 1955 2035 ι’

204 2087 370 2170 dispenset.
1509 2089 1603 2167 1249,
1626 2087 1709 2169 Apr.
1725 2090 1779 2152 28.

310 2208 375 2261 Inn.
387 2206 436 2260 IV
451 2206 514 2275 Rea.
534 2205 595 2261 Ila.
611 2205 661 2274 VI,
677 2206 698 2272 s.
711 2215 752 2274 41,
769 2211 873 2260 11480.

307 2292 435 2362 Pontes,
455 2292 519 2362 aa.
532 2299 622 2362 asora·
641 2293 742 2362 Beros
759 2299 835 2347 saro.

710 2509 754 2528 ..
783 2452 1002 2545 episcopo
1031 2451 1369 2544 Argentinensi.

315 2604 504 2692 Apostolioe
529 2604 617 2670 sedis
640 2603 828 2689 benignitas
858 2610 1015 2669 consueta
1037 2610 1099 2671 cto.
1128 2611 1164 2668 ut
1192 2614 1311 2691 supra⁸
1339 2626 1458 2690 usque:
1490 2604 1667 2683 honorare,
1696 2605 1775 2690 quia
1803 2627 1865 2669 non
1927 2631 1955 2665 ’.-

207 2711 386 2793 incongrue
403 2714 482 2773 etc?
497 2728 615 2793 usque:
640 2708 814 2772 invenitur.
852 2707 940 2771 Hinc
956 2713 1018 2788 est,
1043 2707 1128 2793 quod
1152 2730 1224 2788 nos,
1247 2707 1446 2793 probitatem
1469 2715 1503 2773 et
1526 2709 1733 2773 nobilitatem
1755 2709 1868 2774 dilecti

207 2812 264 2876 filii
287 2811 447 2876 Everardi
475 2812 627 2876 canonici
651 2811 869 2876 cardonensis
884 2811 905 2893 1,
937 2812 1173 2896 consanguinei
1197 2813 1260 2891 tui,
1292 2834 1357 2877 non
1381 2812 1514 2899 indigno
1537 2819 1715 2899 pensantes
1737 2834 1777 2878 ac
1802 2821 1870 2878 tum

208 2935 250 2979 ex
273 2914 334 2978 boc
357 2920 426 2979 turn
449 2915 548 2979 ctiam
573 2915 711 2979 obtentu
735 2914 853 2978 nobilis
877 2913 938 2978 viri
964 2913 1000 2981 O.
1024 2914 1065 2978 de
1091 2913 1339 2995 Smidelvenw,
1369 2916 1475 2980 nuntii
1499 2917 1658 2982 carissimi
1681 2917 1715 2979 in
1740 2915 1870 2981 Christo

208 3016 264 3080 filii
299 3018 401 3081 nostri
432 3066 470 3081 ..
498 3017 721 3082 Romanorum
756 3018 844 3101 regis
883 3017 1034 3096 illustris,
1074 3019 1222 3083 volentes
1261 3018 1325 3083 sibi
1359 3021 1498 3104 gratiam
1534 3020 1642 3086 facere
1677 3021 1869 3106 specialem,

207 3121 410 3203 mandamus,
435 3123 587 3207 quatinus
604 3144 678 3187 cum
695 3143 746 3200 eo,
770 3121 855 3206 quod
872 3128 984 3207 preter
1001 3122 1162 3187 beneficia
1185 3143 1248 3209 quc
1271 3123 1398 3189 obtinet
1420 3124 1486 3187 alia
1507 3145 1611 3209 usque
1634 3122 1675 3188 ad
1699 3144 1870 3199 summam,

209 3224 250 3289 de
280 3247 345 3310 qua
379 3225 536 3312 expedire
564 3226 701 3306 videris,
737 3226 837 3289 etiam
867 3225 892 3288 si
922 3246 1032 3289 curam
1062 3226 1207 3290 habeant
1234 3227 1431 3308 animarum,
1466 3226 1554 3289 licite
1584 3227 1751 3312 recipere,
1786 3228 1813 3290 si
1841 3228 1871 3290 ei

212 3330 369 3394 canonice
396 3330 585 3409 offerantur,
618 3337 652 3394 et
683 3351 756 3393 cum
780 3329 924 3393 obtentis
947 3329 1052 3394 libere
1075 3330 1220 3395 retinere
1246 3331 1418 3394 valeat-
1444 3330 1678 3394 constitutione
1707 3331 1871 3414 generalis

212 3433 343 3496 concilii
365 3433 550 3520 superbae
574 3433 663 3497 edita
686 3455 749 3497 non
774 3432 926 3497 obstante
952 3470 1005 3513 -,
1038 3435 1233 3498 auctoritate
1263 3439 1376 3497 nostra
1405 3433 1593 3520 dispenses,
1625 3433 1757 3518 proviso
1787 3433 1871 3518 quod

214 3537 375 3601 beneficia
395 3537 470 3622 ipsa
492 3544 554 3602 etc.

319 3657 396 3722 Dat.
419 3663 456 3720 ut
479 3678 587 3742 supra.
840 3689 1250 3721 ᾧ

1000 3976 1087 4049 698.

319 4066 536 4160 Innocentius
557 4094 583 4160 I
586 4095 616 4159 V
620 4116 711 4176 papa
725 4095 943 4180 [Mollildae]
965 4098 1140 4163 consitissae
1155 4099 1290 4165 Senensi
1311 4100 1355 4163 ad
1376 4099 1535 4180 querelam
1552 4097 1733 4162 lleeorlem'ei
1755 4098 1874 4162 colentis

218 4199 377 4264 Gleoensis
399 4199 522 4263 derectis
543 4200 646 4281 ipsius
667 4199 808 4277 mandat,
830 4203 866 4262 nt
887 4200 924 4264 de
946 4206 1043 4265 cetero
1065 4203 1319 4267 abalienatione
1342 4203 1491 4268 bonnam
1513 4223 1642 4266 monem
1663 4201 1806 4270 assat.

320 4319 384 4372 lan.
397 4319 418 4371 1
422 4318 447 4373 V
463 4318 528 4388 Rea.
546 4317 607 4375 Ina.
625 4318 673 4387 VI,
690 4318 712 4385 f.
725 4327 765 4386 41,
782 4335 810 4372 a.
822 4324 880 4372 481.
1521 4306 1615 4383 1249,
1637 4304 1720 4385 Aps.
1735 4307 1789 4369 28.

320 4404 450 4473 Pontos,
470 4404 533 4473 Ray.
551 4411 643 4473 1332&
661 4405 761 4474 Beros
776 4414 850 4460 4471.

317 4583 464 4656 Nobili
492 4584 741 4660 mulieri..
770 4585 1001 4660 comitisse
1029 4585 1222 4660 Senensi
1250 4584 1541 4659 coloniensis
1567 4584 1774 4660 diocesia

327 4732 409 4796 Cum
433 4733 571 4801 dilectus
599 4737 687 4800 iilius
717 4737 834 4801 nobilis
858 4737 907 4800 vir
930 4735 1155 4801 Theodericus
1179 4755 1287 4798 comes
1311 4733 1484 4798 Clcvcnsis
1494 4735 1517 4814 ³,
1548 4741 1644 4821 prout
1671 4736 1760 4801 idem
1785 4737 1875 4801 nobis

220 4836 405 4920 significare
435 4841 574 4921 curavit,
604 4839 665 4904 tibi
695 4838 894 4905 hereditario
919 4840 990 4903 iurc
1013 4838 1191 4903 succedere
1214 4837 1334 4902 debeat
1357 4838 1388 4902 in
1413 4838 1564 4903 omnibus
1588 4839 1685 4903 bonis
1708 4841 1807 4913 tuis⁴,
1836 4839 1876 4904 de

323 5063 347 5129 ⁸)
364 5063 392 5114 in
409 5080 449 5130 ep.
467 5064 671 5116 antecedentibus
688 5065 752 5116 lroee
769 5065 886 5129 fmnsnto
905 5081 959 5115 non
976 5072 1052 5115 exart.
1157 5063 1183 5130 b)
1204 5065 1357 5117 Suudaircit
1373 5065 1406 5117 B.

325 5199 352 5264 1)
372 5197 476 5252 09111911
494 5199 532 5252 ad
552 5199 689 5253 Mosellam
706 5199 865 5268 insa-rorem,
883 5200 959 5266 infra
976 5200 1023 5254 cio.
1038 5199 1152 5253 Cochen.
1239 5200 1268 5268 2)
1288 5199 1490 5266 Solimiedelseld
1507 5199 1545 5251 od
1562 5199 1666 5254 Koobcr
1677 5201 1705 5267 tl.
1722 5216 1737 5253 c
1752 5217 1814 5256 aaa.
1831 5201 1877 5254 cir.

221 5282 426 5339 saraballae.
445 5284 589 5340 Conradaa
606 5285 711 5355 dapifer
729 5286 851 5340 Cantasti
866 5287 935 5356 rann
950 5287 1053 5353 frenat,
1078 5285 1128 5339 aab
1149 5287 1228 5340 meires
1248 5285 1350 5340 danis
1372 5301 1456 5353 rescae
1477 5285 1514 5337 ad
1531 5294 1651 5352 (11945,
1670 5286 1738 5340 Nor.
1750 5294 1787 5341 30
1808 5287 1878 5341 testis

221 5372 328 5439 sanans
345 5372 486 5440 reperim
523 5372 579 5427 Sub
597 5391 622 5426 o.
637 5381 709 5439 1949,
730 5372 808 5427 Febr.
821 5381 852 5428 19
869 5373 979 5427 nanae
995 5372 1156 5441 nrbnripsit,
1176 5389 1228 5441 per
1245 5389 1327 5441 msam
1345 5373 1492 5428 Wsllelmna
1508 5388 1556 5426 ren
1569 5373 1762 5441 pannonias
1778 5392 1796 5426 a
1816 5373 1877 5427 rh·-

222 5460 308 5514 den'eo
325 5462 364 5516 Π
380 5480 407 5518 a.
423 5468 494 5529 1919,
518 5461 593 5530 Sept.
611 5462 735 5516 Horron'o
753 5463 807 5516 III
824 5462 915 5528 factas
933 5461 1093 5516 Innocentio
1114 5461 1246 5529 condicit·
1268 5477 1350 5528 mmm
1372 5459 1492 5513 9119119111
1514 5458 1559 5511 alte
1580 5459 1695 5524 sonasse
1711 5458 1876 5529 hrodnace·

219 5549 351 5615 ponant·
368 5547 604 5615 Bolano-Fictor,
623 5547 640 5602 l.
657 5565 680 5603 c.
698 5556 766 5603 4999
783 5554 808 5603 et
824 5556 899 5604 4991.
977 5550 1005 5615 3)
1023 5547 1067 5601 De
1084 5547 1134 5600 troc
1149 5547 1181 5613 cs.
1195 5545 1429 5615 Balanos-Fictor,
1448 5546 1465 5600 l.
1477 5561 1498 5601 a
1517 5552 1582 5600 4919
1597 5550 1620 5598 et
1638 5553 1712 5601 4991.
1794 5549 1821 5607 4)
1839 5545 1877 5612 (i-

223 5639 312 5686 tamen
331 5633 481 5702 Oordauns,
500 5633 586 5688 Kone.
605 5650 628 5688 c.
646 5634 877 5703 Herminones
894 5641 917 5688 et
935 5651 1004 5703 scara
