4328 6232
300 370 342 431 llll
857 368 905 424 EX
925 369 1142 425 lNNOCENTlI
1160 369 1199 424 IV
1218 366 1399 425 REGlS'I'RO

300 541 371 605 cius
394 541 583 626 iniquitates
607 543 746 628 amplius
768 543 921 625 tolerare,
945 545 1093 630 cogimur
1116 549 1253 628 urgente
1277 564 1337 608 nos
1360 542 1563 608 conscicntia
1585 542 1672 609 iuste
1695 538 1957 606 animadvertere

300 645 332 708 in
356 644 508 710 eundem.

287 827 292 839 ι
409 747 452 813 Et
473 756 510 813 ut
532 748 573 814 ad
597 770 734 836 presens
758 750 798 815 de
822 751 943 817 ceteris
967 752 1037 817 eius
1061 750 1242 817 sceleribus
1265 758 1451 831 taceamus,
1482 755 1637 835 quattuor
1659 750 1870 836 gravissima,
1895 767 1957 831 quc

300 853 391 916 nulla
420 861 560 939 possunt
589 854 689 919 celari
720 854 1008 940 tergiversatione,
1040 855 1214 920 commisit.
1268 853 1441 921 Deieravit
1477 854 1563 919 enim
1595 853 1801 927 multotiens
1840 872 1956 939 pacem

183 971 188 982 ·
300 956 463 1041 quondam
494 959 579 1023 inter
608 959 783 1024 ecclesiam
811 967 846 1023 et
875 960 1046 1045 imperium
1069 961 1278 1026 reformatam
1302 966 1427 1024 temere
1450 959 1600 1033 uiolari&
1631 958 1833 1046 perpetravit
1855 957 1957 1023 etiam

301 1061 525 1146 sacrilegium,
556 1062 629 1148 capi
657 1062 780 1128 faciens
811 1063 994 1148 cardinales
1026 1069 1138 1128 sancte
1163 1063 1310 1128 Romane
1343 1062 1483 1128 ecclesie
1512 1083 1550 1127 ac
1579 1063 1717 1127 alianum
1739 1060 1958 1127 ecclesiarum

300 1164 446 1249 prelatos
471 1173 504 1229 et
527 1166 679 1244 elericos,
702 1168 873 1253 religiosos
897 1173 931 1232 et
954 1167 1136 1249 seculares,
1160 1160 1331 1231 venientes
1354 1166 1397 1232 ad
1421 1166 1594 1232 concilium
1616 1164 1702 1252 quod
1726 1163 1814 1231 idem
1837 1162 1958 1250 prede-

302 1280 433 1334 cessor*
456 1268 596 1336 duxerat
618 1271 878 1346 convocandum;
905 1272 946 1337 de
970 1273 1080 1338 heresi
1104 1293 1233 1358 quoque
1258 1293 1321 1337 non
1345 1272 1454 1338 dubiis
1477 1277 1513 1337 et
1533 1270 1663 1336 laribus
1685 1267 1744 1335 sed
1768 1266 1958 1333 difficilibus

301 1379 335 1435 et
358 1372 565 1439 evidentibus
588 1374 790 1459 argumentis
813 1382 986 1461 suspectus
1010 1376 1160 1442 habetur.

2014 981 2024 1019 ,5

409 1476 510 1542 Plura
536 1476 695 1563 siquidem
727 1499 801 1543 eum
830 1479 998 1570 comisisse
1028 1480 1172 1566 periuria
1200 1468 1290 1544 satis*
1310 1486 1409 1565 patet.
1455 1479 1539 1544 Nam
1568 1478 1660 1558 olim,
1690 1498 1763 1542 cum
1785 1476 1819 1541 in
1843 1473 1958 1540 Sicilie
2007 1498 2030 1535 ιυ

302 1579 450 1664 partibus
466 1582 665 1662 morabatur,
689 1583 877 1667 priusquam
895 1589 984 1648 esset
999 1583 1040 1647 ad
1057 1584 1185 1668 imperii
1200 1583 1393 1669 dignitatem
1410 1584 1546 1655 electus,
1570 1602 1680 1646 coram
1695 1581 1782 1646 bone
1798 1579 1958 1644 memorie

303 1679 487 1770 Glregoriol
512 1685 623 1749 Sancti
647 1684 810 1749 Theodori
834 1684 973 1750 diacono
997 1686 1171 1767 cardinali,
1204 1687 1385 1772 apostolice
1408 1685 1495 1751 sedis
1519 1686 1645 1771 legato,
1674 1684 1780 1751 felicis
1803 1682 1957 1749 recorda·

301 1784 401 1850 tionis
425 1786 616 1852 Innocentio
644 1810 729 1874 pape
758 1788 987 1874 predecessori
1018 1796 1132 1855 nostro
1156 1797 1189 1854 et
1213 1790 1460 1854 suecessoribus
1484 1788 1555 1854 eius
1579 1789 1785 1875 ecclesieque
1808 1786 1958 1852 Romam

302 1912 359 1977 pro
394 1893 606 1957 concessione
636 1894 729 1978 regni
759 1893 871 1958 Sicilie
902 1894 943 1958 ab
971 1895 1086 1959 eadem
1116 1895 1258 1959 ecelesia
1291 1893 1352 1957 sibi
1383 1893 1472 1958 lacta
1498 1893 1667 1958 fidelitatis
1696 1891 1842 1979 prestitit
1870 1891 1958 1956 iura·

301 1997 472 2060 mentum¹
495 2002 538 2072 et,
563 1997 648 2062 sicut
671 1998 798 2078 dieitur,
822 1997 902 2062 illud
928 1999 1025 2076 idem,
1056 2005 1228 2086 postquam
1252 1998 1293 2063 ad
1318 1998 1457 2063 eandem
1480 1997 1675 2084 dignitatem
1699 1997 1825 2063 electus
1849 1996 1959 2061 extitit

300 2107 334 2164 et
357 2100 448 2164 venit
471 2099 512 2163 ad
528 2100 663 2180 Urbem,
686 2123 794 2167 coram
812 2102 927 2166 eodem
944 2103 1139 2167 Innocentio
1157 2103 1290 2187 suisque
1307 2101 1493 2177 iratribusl,
1516 2103 1591 2167 aliis
1608 2102 1720 2167 multis
1736 2099 1959 2187 presentibus.

300 2202 412 2287 ligium
440 2203 639 2268 hominiume
667 2206 699 2268 in
730 2205 800 2270 cius
833 2205 957 2269 faciens
988 2206 1157 2283 manibus,
1186 2205 1386 2272 innovavitl.
1430 2205 1575 2283 Deinde,
1606 2226 1679 2270 enm
1703 2205 1736 2269 in
1760 2185 1961 2269 Alamannia

301 2314 402 2380 essct,
427 2305 533 2372 eidem
558 2308 771 2373 innocentio³
795 2316 839 2388 et,
863 2310 935 2395 ipso
959 2308 1124 2382 defuneto,
1148 2310 1235 2374 bone
1257 2311 1413 2374 memorie
1430 2309 1578 2375 Honorio
1601 2310 1709 2397 pape⁴
1731 2307 1959 2395 predecessori

300 2417 411 2474 nostro
439 2418 473 2475 et
500 2412 569 2476 eius
593 2412 841 2477 suecessoribus
864 2433 903 2476 ac
926 2412 990 2499 ipsi
1014 2413 1155 2478 ecclesie
1178 2412 1344 2492 Romane,
1374 2413 1582 2499 presentibus
1604 2413 1733 2500 imperii
1756 2409 1960 2500 principibus

2010 2017 2033 2054 15

301 2520 400 2599 atque
424 2515 599 2594 nobilibus,
628 2516 748 2580 iuravit
769 2516 921 2595 honores,
946 2518 1018 2580 iura
1042 2524 1076 2581 ct
1099 2517 1328 2602 possessiones
1352 2516 1501 2581 Romane
1526 2517 1668 2582 ecclesie
1689 2537 1749 2603 pro
1771 2536 1872 2601 posse
1897 2536 1958 2578 sno
2010 2547 2021 2580 ·.

301 2638 434 2683 servare
463 2639 502 2683 ue
530 2627 704 2704 protegere
733 2619 819 2683 bona
846 2619 925 2691 fide,
958 2630 990 2684 et
1019 2619 1104 2705 quod
1128 2640 1320 2706 quecunque
1335 2620 1384 2685 ad
1409 2641 1524 2685 manus
1548 2642 1623 2686 suas
1647 2620 1857 2699 devenirent,
1886 2619 1959 2684 sine

300 2722 494 2788 difficultate
518 2724 694 2788 restituere
719 2731 920 2810 procuraret,
945 2725 1118 2789 nominatis
1143 2744 1304 2809 expressa
1327 2723 1424 2788 dictis
1445 2722 1709 2810 possessionibus
1724 2724 1757 2788 in
1772 2720 1961 2787 huiusmodi

300 2827 499 2893 iuramento:
529 2827 614 2912 quod
638 2826 845 2912 postmodum
870 2828 1087 2897 confirmarit,
1117 2848 1272 2892 coronam
1296 2829 1426 2914 imperii
1449 2828 1514 2891 iam
1537 2826 1709 2914 adeptus⁵.
1753 2824 1820 2890 Sed
1844 2825 1960 2891 horum

300 2932 399 2996 trium
422 2931 676 2996 iuramentorum
700 2931 895 2996 temerarius
919 2933 1030 2996 extitit
1048 2932 1187 2996 violator
1211 2954 1274 2996 non
1294 2932 1364 2996 sine
1381 2931 1576 3018 proditionis
1592 2938 1671 2995 nota
1686 2937 1721 2995 et
1735 2932 1807 2994 lese
1823 2928 1961 2994 crimine

301 3034 493 3100 maiestatis.
538 3033 621 3098 Nam
652 3043 766 3099 eontra
798 3036 961 3120 prefatum
992 3034 1283 3122 predecessoremd
1306 3034 1346 3099 G.
1375 3042 1409 3099 et
1437 3035 1557 3100 fratres
1586 3054 1665 3099 suos
1693 3031 1959 3098 comminatorias
2010 3058 2022 3096 s

300 3139 429 3203 litteras
453 3137 577 3203 eisdem
600 3137 753 3203 fratribus
777 3137 956 3218 destinare,
981 3161 1019 3203 ae
1043 3138 1165 3204 dictum
1189 3137 1230 3203 G.
1255 3137 1342 3224 apud
1365 3138 1485 3203 iratres
1508 3142 1608 3224 ipsos,
1635 3138 1719 3201 sicut
1741 3142 1880 3223 apparet
1900 3156 1963 3221 per

301 3241 427 3307 litteras
450 3242 491 3306 ab
515 3240 655 3307 eodem⁰
678 3251 755 3307 tune
778 3242 921 3308 directas
946 3242 1070 3308 eisdem
1085 3245 1107 3321 ⁸,
1135 3250 1169 3308 et
1193 3244 1302 3320 etiam,
1333 3248 1429 3328 prout
1451 3241 1565 3320 fertem,
1595 3263 1654 3329 per
1675 3242 1866 3306 universnm
1889 3238 1961 3304 lere

300 3345 413 3410 orbern
437 3346 618 3411 terrarum⁷
643 3346 867 3431 multiplieiter
895 3346 1066 3411 diffamare
1098 3347 1313 3432 presumpsit;
1346 3367 1385 3411 ac
1408 3346 1630 3412 venerabilem
1652 3345 1789 3411 fratrem
1811 3351 1961 3410 nostrum

300 3446 481 3536 O[ttonaml
505 3448 738 3527 Portuensem,
767 3456 844 3514 tune
868 3450 980 3516 Sancti
1004 3450 1129 3515 Nicolai
1152 3451 1184 3514 in
1208 3449 1350 3515 Oarcere
1373 3450 1525 3515 Tulliano
1549 3448 1724 3514 diaconum
1746 3448 1960 3528 cardinalem

300 3560 334 3617 ct
363 3552 447 3617 bone
477 3554 632 3617 memorie
656 3550 838 3640 I[aeobum]
863 3553 1093 3618 Penestrinum
1122 3554 1312 3639 episcopos.
1342 3554 1522 3638 apostolice
1551 3552 1640 3618 sedis
1663 3555 1806 3638 legatos,
1837 3551 1962 3618 nobilia

301 3663 336 3721 et
358 3675 476 3740 magna
500 3656 640 3720 ecclesie
664 3655 812 3722 Romane
836 3658 982 3737 menbra,
1010 3656 1231 3743 personaliter
1254 3657 1327 3742 capi
1350 3655 1429 3722 iecit
1452 3664 1488 3720 et
1510 3656 1606 3721 bonis
1628 3656 1779 3722 omnibus
1801 3656 1962 3743 spoliatos

301 3781 340 3824 ac
363 3780 422 3844 pcr
444 3759 574 3824 diversa
595 3760 667 3824 loca
689 3781 753 3824 non
780 3761 883 3826 semel
906 3762 1124 3846 ignominiose
1139 3761 1298 3826 deductos
1316 3760 1504 3826 carceribus
1520 3760 1710 3848 mancipari.
1745 3759 1961 3845 Privilegium

303 3864 448 3948 insuper,
472 3861 557 3947 quod
581 3862 678 3927 beato
694 3863 794 3929 Petro
818 3872 852 3929 ct
874 3865 1117 3930 successoribus
1141 3866 1212 3929 eius
1233 3866 1266 3928 in
1283 3865 1355 3951 ipso
1371 3864 1507 3929 tradidit
1522 3864 1673 3929 dominus
1689 3863 1785 3929 Iesus
1800 3860 1962 3944 Christus,

199 3974 234 4059 qt
270 3989 277 4054 j
304 3965 472 4031 videlieet:
507 3966 743 4052 ‘Quodcunque
767 3969 922 4053 lignueris
944 3977 1198 4054 superterram.
1222 3969 1287 4033 erit
1310 3968 1444 4053 ligatum
1469 3976 1502 4032 ct
1525 3969 1669 4047 incelis,
1692 3974 1727 4034 et
1742 3965 1962 4053 quodeunque

303 4070 440 4135 solveris
464 4079 721 4155 superterram,
751 4073 814 4135 erit
837 4073 978 4136 solutum
1002 4074 1090 4137 etin
1114 4071 1220 4139 celis':
1252 4074 1284 4137 in
1308 4093 1372 4157 quo
1396 4072 1527 4157 utique‘
1551 4072 1730 4137 auctoritas
1753 4078 1788 4137 et
1809 4076 1961 4157 potestas

303 4174 443 4239 ecclesie
471 4173 620 4239 Romane
649 4176 814 4251 consistit,
852 4197 910 4261 pro
939 4177 1062 4242 viribus
1092 4177 1273 4242 diminuere
1301 4178 1353 4242 vel
1383 4177 1444 4264 ipsi
1474 4177 1617 4242 ecclesie
1648 4176 1780 4242 auferre
1810 4172 1963 4260 satagit⁸,

302 4277 448 4342 scribens
477 4299 514 4342 se
541 4277 659 4363 prelati
683 4276 835 4363 Gregorii
864 4281 1048 4345 sententias
1076 4302 1140 4345 non
1169 4282 1293 4347 vereri.
1327 4281 1425 4345 latam
1454 4281 1497 4345 ab
1520 4302 1561 4346 eo
1584 4278 1963 4346 excommunicationem

303 4382 334 4445 in
365 4381 470 4467 ipsum
500 4402 564 4445 non
596 4381 701 4446 solum
724 4384 921 4470 contemptis
945 4384 1086 4449 ecclesie
1111 4384 1260 4448 claribus
1282 4405 1345 4448 non
1371 4382 1550 4449 servando.
1581 4383 1818 4449 verumetiam
1841 4404 1904 4469 per
1925 4404 1962 4448 se

301 4507 340 4549 sc
368 4485 526 4550 officiales
548 4506 624 4551 suos
648 4494 681 4550 ct
703 4485 793 4549 illam
823 4494 855 4550 ct
882 4487 964 4552 alias
994 4488 1343 4552 excommunicationis
1370 4488 1423 4552 vel
1454 4486 1619 4552 interdicti
1648 4486 1847 4563 sententias,
1881 4506 1963 4572 quas

301 4588 388 4653 idem
418 4590 549 4653 omnino
581 4590 794 4675 contempsit.
833 4589 981 4674 cogendo
1012 4591 1096 4655 alios
1128 4612 1194 4655 non
1225 4611 1368 4656 serrare.
1412 4590 1645 4654 Possessicnes
1674 4609 1805 4675 quoqne
1832 4589 1962 4676 prefate

303 4690 450 4756 Ronlanc
473 4694 629 4757 ecclesie.
660 4693 814 4758 uidelicet
836 4694 1032 4759 Marchiam.
1063 4694 1243 4761 Ducatum.
1271 4695 1516 4759 Beneuentum.
1546 4693 1639 4757 cuius
1663 4713 1774 4757 muros
1795 4700 1831 4758 ct
1852 4700 1962 4759 turres

301 4794 387 4859 dirui
410 4796 488 4860 iecit
499 4798 521 4859 ⁸.
546 4816 584 4860 ac
607 4797 699 4865 alias.
722 4818 803 4881 quas
820 4799 853 4861 in
870 4798 989 4864 Tuscia
1007 4820 1045 4863 ac
1062 4798 1260 4863 Lombardic
1276 4798 1426 4884 partibus
1442 4805 1476 4862 et
1490 4795 1686 4883 quibusdam
1703 4795 1777 4861 aliis
1791 4797 1965 4884 optinebat

405 5092 431 5151 ὓ)
453 5101 539 5142 lucatur
559 5091 622 5140 eald.
647 5091 692 5142 c'l.
711 5090 796 5157 Regia
901 5093 926 5143 l'l
948 5106 974 5146 cr
997 5062 1101 5144 mut]
1118 5102 1144 5149 1.
1162 5098 1191 5156 2,
1206 5098 1235 5147 3.·
1256 5092 1431 5145 cardinalibus
1452 5091 1515 5141 cdd.
1536 5091 1596 5151 (¹1¹4
1625 5092 1724 5144 cardin.
1746 5102 1774 5143 ct
1795 5092 1860 5144 add
1877 5092 1963 5160 Bqn.

301 5179 326 5213 ‘l
344 5177 492 5243 bormgium
509 5180 530 5227 ⁴l
544 5182 569 5232 2.
588 5176 686 5244 Regia:
711 5177 852 5229 hominium
874 5197 930 5229 misr
956 5190 1016 5231 anta
1035 5180 1181 5245 toringiam
1198 5179 1242 5230 c't.
1335 5175 1362 5229 ‘ll
1386 5186 1501 5229 nestrum
1519 5177 1582 5228 ada
1596 5180 1620 5228 ,l
1635 5188 1657 5241 1,
1671 5182 1697 5241 2,
1714 5177 1800 5245 Bm
1888 5178 1914 5243 ο)
1931 5197 1963 5232 ου

304 5264 326 5313 ,l
340 5268 365 5317 2‘.
383 5264 428 5314 (a.
516 5262 536 5313 q
553 5263 644 5330 utiquc
660 5263 729 5315 derat
748 5266 770 5314 .l
787 5272 807 5317 1.
818 5268 843 5317 2.
863 5263 945 5331 linga
1034 5266 1060 5315 sl
1079 5266 1174 5331 satagit
1193 5267 1215 5315 ,Ι
1232 5272 1253 5317 1,
1265 5268 1289 5317 2,
1299 5268 1324 5315 3.

409 5400 434 5463 ι)
451 5416 477 5451 n.
492 5406 560 5457 rrrr
582 5395 930 5463 curassemus,
949 5399 965 5452 1.
978 5418 1000 5453 c.
1018 5406 1079 5453 ultr.
1153 5399 1227 5453 tto
1242 5406 1310 5465 rara,
1328 5399 1597 5469 ..tp-Mesola
1669 5401 1832 5471 alama,
1848 5400 1964 5467 rur-m

302 5483 413 5537 tunt.
379 5491 467 5537 :s-o.
435 5492 526 5539 -rru
613 5486 641 5553 4)
659 5502 686 5537 ι
702 5491 770 5549 rara
789 5484 874 5552 Seps:
895 5484 958 5537 utet
974 5492 1055 5539 rrum
1075 5484 1196 5549 amum
1283 5486 1353 5539 5ln.
1371 5492 1442 5551 isar,
1459 5485 1534 5551 lam
1555 5484 1704 5541 Mam
1788 5485 1963 5563 SM

303 5568 407 5622 sirletus·
428 5568 466 5621 nl
487 5586 525 5636 qa
551 5570 746 5637 irupmrtmr's«
738 5588 764 5624 u
787 5577 860 5627 12³9
888 5570 970 5623 ‚lton
991 5580 1021 5625 tu
1042 5569 1153 5633 arbitrum
1181 5568 1244 5623 a'lald
1266 5577 1346 5627 me':
1370 5572 1405 5637 cf.
1421 5579 1496 5628 24³8.
1593 5570 1711 5643 nv.
1696 5586 1825 5649 *fl
1845 5590 1875 5633 α.
1891 5580 1961 5647 Ν,

303 5658 371 5723 Ast.
383 5662 432 5711 rc:
449 5654 510 5711 ibid
527 5663 601 5712 2⁴51
669 5659 826 5727 Slamr,
844 5656 1126 5729 Aprum-{1981

2013 4616 2040 4655 lt)
