4328 6232
695 346 895 408 sumtuosa
913 347 1104 408 sensurae.
1140 349 1217 410 1243.
1746 355 1787 422 27

139 527 247 597 dentes
280 527 367 615 quod
397 526 533 614 dignum
564 528 624 610 sit,
658 535 695 593 ut
724 528 912 613 benignitas
946 529 1049 615 ipsius
1079 529 1221 594 ecclesie
1249 530 1283 594 in
1315 530 1486 616 condignis
1515 530 1621 616 gratie
1652 531 1788 617 premiis

139 632 328 718 respoudeat
349 633 474 699 meritis
498 632 644 711 filiorum,
668 632 856 696 discretioni
878 639 934 696 tue
957 634 1159 720 presentium
1176 634 1394 699 auctoritate·
1416 634 1636 716 concedimus,
1660 642 1698 699 ut
1713 636 1787 716 hiis,

142 738 188 823 qui
217 757 279 822 per
307 759 344 801 se
372 737 425 801 vel
455 735 497 800 ad
526 742 614 799 tuam
642 737 845 800 vocationem
873 738 1024 802 venerint
1055 737 1087 800 in
1111 736 1370 831 Yiterbiensium
1402 739 1580 803 eorundem
1618 740 1787 821 auxilium,

142 841 221 907 illam
244 839 496 923 indulgentiam,
524 861 621 925 quam
644 840 737 903 iuxta
766 842 983 924 quantitatem
1013 839 1149 905 subsidii
1181 847 1216 905 et
1244 841 1425 905 devotionis
1452 843 1607 907 affectum
1631 842 1788 929 expedire

96 980 105 1018 ι
143 943 265 1024 rideris,
288 943 452 1027 largiaris.

240 1060 317 1126 Dat.
342 1062 504 1147 Anagnie,
528 1061 559 1124 V
581 1060 661 1125 Idus
685 1060 848 1142 Octobris,
872 1083 957 1127 anno
980 1064 1093 1150 primo.

935 1502 995 1575 33.

236 1595 455 1690 lama
471 1620 529 1688 JV
539 1641 630 1702 papa
652 1623 874 1705 attractam,
898 1624 1073 1690 nonnam
1095 1629 1124 1687 a
1146 1625 1345 1708 Haqottnam
1367 1625 1537 1707 aruerat
1558 1629 1588 1689 e
1607 1625 1690 1690 atos
1711 1625 1790 1689 ιιιιι

141 1726 329 1792 Faventinus
349 1727 395 1790 eia
415 1725 620 1790 adhaerentes
641 1747 710 1792 caaz
733 1728 875 1792 coraibus
890 1728 987 1805 bonis,
1010 1750 1090 1810 qaae
1106 1733 1247 1810 tempore,
1270 1750 1330 1810 qao
1347 1731 1496 1810 princeps
1509 1728 1791 1794 cacmamam'catas

137 1830 247 1915 suerit,
271 1829 467 1911 posscderint
488 1835 518 1894 et
543 1851 623 1911 quac
650 1852 736 1898 auae
758 1832 955 1913 possideant,
983 1833 1041 1898 aab
1064 1834 1253 1914 protectione
1280 1853 1340 1898 aaa
1367 1835 1498 1914 suscipit
1524 1838 1554 1898 et
1581 1833 1700 1911 omnia,
1732 1852 1791 1913 que

85 1962 103 1997 ιι
139 1935 259 2000 edicto
273 1934 422 2016 primes
444 1938 555 2000 coatro
576 1955 627 1999 eoa
647 1940 767 2000 statuta
790 1938 864 2016 sint,
885 1941 1015 2002 revocat.
1448 1940 1542 2017 1243,
1568 1935 1634 2002 oa.
1651 1937 1701 2001 12.

238 2052 442 2123 rmrvaa.
460 2053 555 2122 aar,
574 2061 619 2121 sn·
637 2054 806 2124 noane.

238 2140 404 2208 seueros

161 2319 410 2394 Nobilibus
437 2319 555 2393 viris
582 2317 891 2414 Alhrigettol,
919 2324 1123 2397 Henrieo
1154 2329 1195 2396 et
1222 2322 1458 2414 Hugolino
1487 2321 1765 2414 Albrigetti⁰

352 2462 401 2514 ac
434 2440 545 2513 aliis
579 2442 646 2514 eis
679 2443 1046 2532 adherentibus
1080 2443 1261 2517 civibus
1293 2442 1578 2516 Ferentinis

74 2619 92 2656 n
241 2591 280 2656 In
308 2598 503 2678 perpetuam
531 2591 631 2655 vestri
660 2593 801 2656 nominis
830 2593 968 2677 gloriam
995 2594 1098 2672 venit,
1127 2591 1214 2677 quod
1237 2592 1299 2668 eis,
1329 2592 1383 2676 qui
1413 2590 1511 2657 fidem
1541 2592 1734 2657 catholicam
1758 2599 1792 2656 et

135 2696 309 2761 eeclesiam
332 2701 564 2781 persecuntur,
589 2695 806 2760 resistentes‘l
828 2696 979 2775 viriliter,
1010 2718 1066 2760 vos
1099 2697 1259 2760 zelatores
1283 2694 1358 2760 fidei
1382 2694 1562 2760 orthodoxe
1587 2717 1625 2761 ac
1649 2696 1792 2760 ecclesie

134 2799 216 2864 filios
239 2798 425 2868 exhibetis,
454 2799 531 2862 dum
555 2799 641 2883 ipsas
664 2796 755 2883 digni
777 2798 883 2863 laudis
907 2820 1025 2884 magno
1050 2801 1204 2884 preconio
1227 2798 1423 2870 defensatis;
1455 2803 1590 2883 propter
1614 2797 1699 2883 quod
1723 2816 1788 2860 non

135 2901 300 2987 iudignum
331 2923 405 2967 esse
436 2924 622 2982 censemus,
652 2908 744 2966 utet
776 2923 831 2966 vos
855 2924 875 2966 a
898 2911 1146 2988 persecutorum
1178 2903 1301 2966 insultu
1329 2902 1544 2988 patrocinium
1574 2902 1789 2987 apostolieum

135 3014 296 3092 protegat,
319 3026 401 3091 quos
424 3005 602 3093 apostolice
627 3004 697 3070 sedi
721 3006 754 3068 in
776 3025 1006 3089 perversorum
1024 3007 1231 3092 repressione
1248 3006 1397 3071 exhibita
1413 3005 1644 3090 obsequiorum
1660 3003 1791 3068 devotio

72 3136 93 3172 a
138 3110 362 3196 multipliciter
401 3109 655 3173 recommendat.
711 3107 799 3173 Hine
838 3115 905 3191 est,
949 3109 1035 3195 quod
1069 3111 1188 3174 vestris
1226 3109 1398 3176 desideriis
1433 3116 1528 3194 grate
1563 3114 1794 3174 concurrentes

138 3233 292 3293 assensu,
315 3233 474 3299 personas
497 3218 624 3277 vestras
655 3211 688 3275 in
712 3209 887 3276 devotione
912 3212 1052 3277 eeclesia
1076 3220 1110 3277 et
1133 3212 1328 3277 defensione
1352 3213 1514 3277 catholice
1538 3212 1614 3276 fidei
1637 3219 1671 3276 et
1693 3212 1792 3276 liber·

138 3317 213 3380 tatis
237 3316 463 3381 ecclesiastice
487 3316 711 3403 persistentes,
735 3321 850 3396 terras,
874 3316 1112 3401 possessiones,
1137 3321 1254 3396 eastra,
1278 3314 1518 3380 iurisdictiones
1542 3321 1576 3380 et
1599 3313 1666 3380 alia
1682 3314 1791 3378 omnia

138 3416 221 3482 bona
244 3425 371 3499 vestra,
395 3439 457 3504 que
480 3417 701 3507 possidebatis
725 3419 800 3484 olim
826 3425 988 3506 tempore,
1012 3441 1076 3505 quo
1099 3421 1251 3506 princeps
1275 3419 1336 3483 luit
1358 3441 1419 3505 per
1441 3419 1554 3484 sedem
1578 3419 1791 3506 apostolicam

139 3523 485 3587 excommunicationis
515 3523 642 3587 vinculo
674 3523 865 3601 innodatus,
895 3530 928 3586 et
955 3543 1018 3607 que
1042 3524 1327 3610 impresentiarum
1357 3523 1596 3588 rationabiliter
1618 3520 1793 3608 possidetis

79 3655 98 3694 a
142 3632 194 3689 sut
221 3627 254 3690 in
283 3625 428 3691 futurum
456 3627 549 3691 iustis
577 3625 681 3690 modis
709 3628 858 3712 poteritis
887 3626 1041 3713 adipisci,
1071 3628 1132 3691 sub
1159 3627 1249 3692 beati
1272 3626 1362 3692 Petri
1391 3633 1425 3691 et
1450 3633 1563 3691 nostra
1586 3625 1793 3712 protectione

142 3731 335 3816 suscipimus
351 3737 384 3794 et
404 3731 567 3815 presentis
584 3730 697 3816 scripti
720 3731 898 3816 patrocinio
916 3730 1164 3794 communimus.
1202 3729 1233 3793 N
1236 3729 1441 3795 iehilominus
1459 3730 1649 3810 sententias,
1673 3729 1793 3810 banna,

143 3840 277 3906 statuta.
301 3853 404 3920 penas
433 3840 466 3899 et
493 3833 685 3920 privilegia,
714 3833 828 3899 datas⁶
851 3841 885 3899 et
908 3834 1138 3901 concessiones
1160 3833 1265 3897 factas
1288 3833 1329 3898 de
1353 3833 1448 3897 bonis
1471 3833 1588 3897 vestris
1612 3832 1654 3896 ab
1678 3831 1792 3897 eodem

143 3937 285 4023 principe
301 3937 353 4001 vel
369 3935 434 4000 alio
451 3958 510 4024 pro
526 3937 597 4025 ipse
613 3937 875 4023 quibuscumque
892 3937 1179 4002 communitatibus
1197 3938 1250 4002 vel
1272 3938 1433 4024 personis,
1457 3959 1518 4002 nec
1534 3958 1599 4002 uon
1614 3937 1795 4023 pactiones,

144 4042 350 4123 securitates,
378 4042 563 4107 iuramenta
586 4041 674 4106 dieto
703 4043 841 4128 principi
864 4042 916 4106 vel
941 4041 1039 4105 alicui
1066 4061 1125 4127 pre
1157 4062 1196 4105 co
1225 4063 1268 4106 ex
1291 4061 1496 4127 quacumque
1520 4062 1621 4106 eausa
1644 4040 1793 4128 prestita,

87 4169 105 4207 a
146 4154 176 4211 et
197 4146 307 4211 omnia
329 4147 403 4225 alia,
427 4167 491 4233 que
508 4151 620 4211 contra
636 4167 694 4210 vos
712 4151 746 4211 et
762 4151 872 4210 vestra
888 4145 974 4210 bona
990 4145 1192 4230 generaliter
1207 4146 1260 4209 vol
1282 4146 1471 4231 specialiter
1486 4144 1606 4211 dicitur
1628 4145 1794 4222 statuisse,

145 4252 334 4317 auctoritate
357 4253 559 4337 presentium
580 4270 785 4316 revocamus.
830 4248 920 4312 Nulli
953 4269 1031 4334 ergo
1061 4249 1192 4312 omuino
1221 4248 1389 4313 homiuum
1413 4250 1511 4314 liceat
1533 4248 1617 4313 hanc
1641 4249 1793 4336 pagiuam

146 4363 252 4420 nostre
274 4354 491 4442 protectionis
515 4360 548 4419 et
571 4354 788 4419 revocationis
813 4358 875 4419 etc.
923 4352 958 4416 si
981 4352 1053 4437 quis
1077 4359 1187 4417 autem
1211 4355 1290 4420 etc.¹

247 4476 325 4542 Dat.
348 4474 511 4562 Anagnis,
535 4475 584 4541 lv
607 4476 686 4541 Idus
709 4474 870 4550 Octobris,
895 4495 980 4540 anno
1004 4472 1031 4537 Ι.

761 4704 923 4710 ...φ--ι---
935 4703 1005 4710 ——.
1017 4704 1033 4710 ..ι
1052 4703 1168 4711 .--.-——-

942 4912 1001 4986 34.

244 5011 943 5121 Innmrsarapapaswuazmupam
957 5031 1796 5102 ιιιιιιιιιειιιιιιιιιιιιιιιιιιιιιιιαειιιιιιιιι.

95 5152 112 5192 ³³
150 5141 181 5205 ιἰι
198 5143 356 5210 Sardinia
378 5143 546 5221 committit,
570 5146 606 5204 at
626 5160 684 5217 coe,
707 5141 762 5222 qut
777 5141 881 5204 Eaaio
900 5140 1058 5221 principis
1077 5141 1145 5221 filio
1167 5141 1202 5203 ιἰι
1221 5139 1378 5204 Sardinia
1401 5144 1430 5204 et
1448 5139 1575 5205 Corsica
1596 5135 1798 5200 adhaeserint

244 5367 269 5434 ⁸)
281 5367 329 5430 B.,·
345 5384 392 5438 per
408 5368 548 5436 apostolica
564 5367 659 5434 scripta
671 5364 702 5417 P.
775 5364 800 5431 b)
819 5367 969 5432 Albergetto
982 5365 1015 5415 B.
1092 5365 1115 5431 ο)
1134 5364 1272 5431 Albergitti
1284 5363 1316 5413 B.
1394 5359 1419 5426 d)
1437 5363 1586 5414 minantes
1598 5360 1632 5412 B,
1704 5358 1727 5423 θ)
1746 5359 1761 5409 i.
1775 5375 1796 5410 e.

149 5452 269 5521 lahem
281 5454 587 5524 haeefmloaacpim
596 5454 715 5517 camaria,
727 5471 750 5504 e.
759 5453 787 5503 ia
794 5453 928 5503 Addttaar.
938 5452 984 5502 ereb
994 5455 1098 5515 alm,
1112 5451 1162 5502 Oct.
1174 5455 1202 5510 9,·
1213 5451 1241 5501 ia
1250 5467 1275 5501 n.
1285 5451 1332 5501 38:
1343 5465 1422 5515 penas
1432 5455 1458 5500 et
1470 5449 1543 5501 datae
1555 5448 1796 5515 principisacconc.

245 5586 694 5659 llffltoe'admobilrbuasah
709 5589 797 5655 senaa
811 5594 934 5656 emmae
949 5587 1129 5653 asfimtoaerut
1146 5600 1278 5654 sepooem
1295 5583 1645 5652 comprincipesodmum
1661 5598 1720 5637 aea
1736 5597 1798 5648 esee,

151 5672 847 5747 uiiwfflustssqadiatffleryerltt.
939 5675 943 5681 ’

1554 5764 1593 5817 4}
