4734 6334
1016 404 1062 458 ux
1083 402 1300 458 mmoufflml
1319 402 1356 458 [v
1374 403 1556 460 nmisrno

1240 705 1329 778 647.

559 815 779 910 Ianam
800 843 955 926 rumpo
967 844 1153 930 [coarto]
1173 845 1282 911 arena
1302 849 1332 910 e
1353 847 1518 910 cavera·
1537 847 1575 911 e
1592 846 1769 932 menapos
1792 851 1956 932 caemar
1977 853 2110 930 racem,

453 949 566 1030 polluto
592 947 750 1031 palmulam
776 947 935 1014 Henaton
960 949 1120 1032 episcopus
1143 947 1394 1014 Oomwnticrasis
1420 947 1457 1012 dc
1484 948 1634 1014 mamiato
1663 953 1845 1033 apostolico,
1878 955 1936 1018 surb
1962 977 1994 1021 a.
2016 961 2111 1038 2246,

454 1051 548 1120 Febr.
568 1055 590 1115 8
610 1053 696 1130 uuo,
725 1052 767 1116 iis
788 1053 846 1116 sod
867 1075 898 1117 o.
919 1055 1019 1129 1248,
1043 1051 1120 1118 Iun.
1142 1055 1185 1114 13
1211 1053 1405 1130 concesserit,
1432 1055 1468 1114 ot
1488 1051 1646 1116 ecclesiam
1668 1053 1705 1116 dc
1725 1054 1881 1136 thltoia,
1913 1059 1949 1121 ia
1971 1081 2036 1142 qno
2060 1061 2112 1124 ias

449 1159 642 1238 palmatas
659 1155 804 1234 babeant,
819 1154 945 1236 possint
967 1155 1070 1232 lubere,
1092 1174 1162 1217 carm
1183 1175 1252 1218 com
1274 1175 1385 1218 cocere
1406 1155 1577 1236 contigerit,
1599 1157 1635 1220 in
1657 1176 1735 1222 rencs
1750 1161 1901 1241 proprios
1921 1163 2067 1231 retiam.

1759 1263 1854 1340 1249,
1875 1263 1951 1329 Ina.
1968 1269 2023 1331 30.

560 1377 761 1447 lnaIVRep.
775 1377 892 1446 111de
909 1379 978 1444 mr,
997 1395 1023 1430 a.
1037 1383 1094 1432 354.
1125 1377 1273 1444 Exmrplor
1286 1377 1401 1444 musii,
1422 1377 1496 1430 nrm.
1509 1381 1528 1430 t.
1542 1376 1606 1444 Vn,
1621 1395 1651 1446 p.
1664 1385 1722 1446 ⁴⁶2,
1738 1383 1902 1436 contulimus
1912 1400 1971 1438 orm
1987 1386 2111 1455 Repudia

558 1463 687 1530 Pmbou,
708 1463 769 1532 ch
785 1470 878 1530 131⁸&
896 1465 994 1531 Βῆριν
1012 1469 1085 1518 4346,

530 1715 570 1732 ..
598 1659 747 1732 abbati
776 1667 818 1734 et
845 1660 1084 1734 conventui
1112 1659 1480 1754 deWeltinhgen'¹
1507 1659 1845 1738 Cisterciensis
1871 1667 2041 1743 ordinis

959 1780 1351 1854 Constanliensis
1378 1780 1605 1854 diocesis,

562 1930 656 1996 Licet
683 1951 736 2002 ea,
768 1951 832 2015 que
859 1930 901 1994 de
931 1932 1084 1996 mandato
1112 1937 1225 1996 nostro
1253 1931 1349 1997 liunt.
1379 1931 1509 2016 plenam
1540 1931 1572 1993 in
1604 1950 1641 1994 se
1671 1929 1817 1996 babeant
1839 1934 2043 2015 firmitatem,
2074 1951 2110 2008 ut

455 2041 565 2099 tomen
590 2035 653 2098 sint
681 2035 714 2098 in
744 2054 804 2097 suo
831 2035 950 2098 robore
977 2035 1133 2103 firmiora.
1165 2035 1237 2120 ipsa
1264 2034 1408 2100 libenter
1438 2033 1620 2118 apostolico
1646 2031 1822 2098 fulcimusb
1849 2040 2046 2123 munimine,
2074 2053 2111 2110 ut

456 2139 650 2202 intemerata
684 2138 880 2218 consistent,
916 2161 988 2204 curn
1024 2145 1135 2203 nostro
1170 2139 1291 2202 fuerint
1325 2136 1467 2223 presidio
1503 2136 1710 2201 communita.
1761 2136 1845 2203 Cum
1878 2143 1993 2226 igitur.
2027 2149 2112 2212 sicut

455 2242 595 2308 dilectus
618 2242 705 2308 tilius
728 2242 831 2307 irater
847 2241 1031 2308 Wernerus
1054 2263 1234 2308 conversus
1250 2243 1381 2306 vester¹
1404 2241 1573 2326 proposuit
1593 2260 1703 2304 coram
1719 2240 1826 2321 nobis,
1850 2243 1935 2312 bone
1952 2253 2111 2316 memorie

456 2345 499 2411 H.
518 2345 693 2432 episcopus
710 2345 974 2412 Constantiensis
990 2347 1185 2412 diocesanus
1201 2352 1310 2412 vester
1324 2344 1364 2409 de
1388 2344 1525 2430 speciali
1548 2342 1700 2406 mandato
1723 2349 1756 2406 et
1778 2349 1975 2416 auctoritate
1999 2361 2112 2420 nostra

455 2451 549 2515 robis
573 2452 784 2520 concesserit.
811 2459 848 2515 ut
872 2452 1045 2517 ecclesiam
1068 2451 1110 2516 de
1133 2449 1295 2516 Riebam²
1320 2447 1580 2513 Constantiensis
1603 2446 1752 2515 diocesis.
1781 2449 1814 2512 in
1838 2471 1902 2535 qus
1925 2453 1975 2519 ius
1999 2463 2110 2542 patro-

455 2561 553 2618 natus
577 2551 721 2634 bebetis,
749 2555 882 2641 possitis
906 2556 1025 2631 libere,
1054 2577 1126 2619 oum
1155 2575 1229 2618 cem
1251 2573 1368 2617 vacere
1397 2552 1582 2636 contigerit.
1611 2552 1644 2614 in
1673 2572 1754 2614 usus
1781 2555 1932 2640 proprios
1956 2561 2112 2643 retinere,

457 2659 503 2722 ita
532 2663 641 2722 tamen
670 2658 755 2743 quod
785 2659 906 2724 vicario
937 2661 970 2723 in
1000 2681 1040 2724 ea
1070 2681 1129 2746 pro
1159 2667 1305 2744 tempore
1337 2657 1496 2720 servituro
1528 2677 1587 2740 pro
1617 2656 1859 2722 sustentatione
1887 2681 1949 2724 sua
1976 2669 2010 2726 et
2038 2665 2112 2729 aliis

456 2760 605 2826 eiusdem
625 2761 765 2826 ecclesie
782 2762 1013 2848 supportandis
1028 2762 1182 2826 oneribus
1200 2781 1345 2846 congrua
1360 2758 1401 2823 de
1418 2759 1519 2844 ipsius
1535 2758 1750 2844 proventibus
1771 2761 1877 2845 portio
1900 2764 2112 2850 relinquatur,

456 2873 554 2951 prout
584 2867 615 2930 in
647 2867 764 2931 litteris
793 2867 869 2930 iude
898 2867 1070 2933 conlectis.
1105 2886 1241 2949 quarum
1275 2873 1421 2928 tenorem
1457 2862 1498 2926 de
1527 2862 1628 2926 verbo
1662 2862 1703 2926 ad
1732 2864 1866 2928 verbum
1900 2872 2112 2951 presentibus

456 2971 555 3034 inseri
578 2969 728 3037 lecimus.
751 2972 880 3056 plenius
904 2971 1102 3034 continetur:
1126 2991 1196 3048 nos,
1219 2968 1337 3054 prefati
1361 2967 1512 3040 conversi
1534 2967 1826 3051 supplicationibus
1843 2969 2000 3054 inclinati,
2024 2976 2111 3060 quod

457 3092 558 3158 super
580 3073 642 3136 boe
665 3073 707 3136 ab
731 3072 847 3138 eodem
873 3075 1026 3160 episcopo
1048 3071 1183 3158 provide
1207 3071 1328 3134 lectum
1352 3077 1418 3139 est,
1447 3077 1551 3132 ratum
1577 3075 1610 3132 et
1632 3069 1761 3134 firmum
1784 3071 1946 3138 babentes
1969 3081 2113 3144 auctori-

456 3181 524 3238 tate
547 3176 730 3261 apostolica
753 3177 981 3242 confirmamus
1003 3185 1036 3239 ct
1060 3177 1219 3260 presentis
1242 3176 1354 3260 scripti
1377 3175 1559 3259 patrocinio
1583 3175 1827 3238 communimus.
1868 3177 1978 3244 Tenor
2002 3189 2113 3248 autem

456 3278 640 3344 litterarum
664 3281 808 3366 ipserum
832 3280 908 3344 talis
933 3289 1000 3344 cst:

565 3383 603 3446 ln
627 3383 758 3448 nomine
774 3383 918 3460 Domini,
943 3385 1062 3450 Amen.
1100 3383 1261 3447 Henrious
1284 3381 1396 3445 divina
1419 3381 1633 3467 permissione
1651 3381 1912 3448 constantiensis
1936 3387 2112 3474 episcopus

456 3485 604 3553 dilectis⁰
627 3489 659 3552 in
677 3487 807 3554 Christo
825 3489 976 3554 Conrado
1000 3488 1112 3552 abbeti
1135 3495 1170 3552 et
1193 3488 1367 3552 conventui
1385 3487 1576 3551 monasterii
1591 3485 1632 3552 de
1648 3485 1865 3572 Wettinhgen
1882 3486 2112 3558 Cisterciensis
2185 3545 2190 3554 .

457 3591 579 3655 ordinis
613 3592 751 3658 salutem
787 3595 818 3657 in
848 3592 1000 3656 Domino·
1048 3591 1140 3678 Opus
1174 3592 1306 3676 pietatis
1340 3591 1458 3676 egitur.
1493 3588 1569 3653 dum
1603 3587 1723 3653 Christi
1758 3592 1977 3676 pauperibus,
2011 3601 2048 3658 ut
2082 3598 2114 3660 in

456 3701 611 3782 suscepte
634 3696 801 3780 religionis
824 3697 946 3780 iugiter
969 3695 1166 3759 famulantes
1190 3693 1364 3756 devotione
1388 3693 1574 3776 persistant.
1607 3691 1743 3776 proinde
1768 3694 1969 3759 subvenitur.
2008 3697 2116 3783 Igitur

458 3799 601 3884 receptis
624 3799 741 3864 litteris
765 3799 957 3884 apostolicis
981 3801 1012 3862 in
1037 3799 1098 3862 hec
1121 3798 1236 3861 verbe:

569 3901 800 3967 Innocentiusd
829 3911 890 3966 etc.
923 3903 1105 3968 vonerabili
1139 3901 1229 3964 tratri
1260 3901 1303 3964 ll.
1331 3901 1485 3986 episcopo
1519 3901 1763 3965 constantiensi
1795 3909 1881 3969 etcf.
1933 3903 2114 3972 Consuevit

459 4006 556 4070 sedes
579 4007 760 4090 apostolica
782 4008 933 4093 precibus
957 4005 1220 4071 condescendere
1245 4003 1436 4068 devotorum
1461 4025 1637 4090 corumque
1654 4006 1737 4068 rotis
1762 4005 1907 4070 levorem
1925 4007 2112 4075 benivolum

458 4109 626 4194 impertiri.
663 4109 746 4174 Cum
771 4112 872 4196 igitur
894 4111 1007 4175 dilecti
1031 4110 1087 4174 lilii
1113 4108 1240 4172 nobiles
1257 4108 1316 4171 viri
1333 4107 1563 4172 Hermannus‘
1584 4109 1692 4172 senior
1716 4117 1749 4172 ot
1765 4109 1994 4176 Ilermannuss
2008 4114 2116 4179 iunior

459 4212 596 4277 comites
620 4212 660 4276 de
683 4212 862 4283 Kiburche.
887 4213 1027 4278 ecclesie
1051 4211 1197 4274 Romano
1221 4210 1341 4283 devoti,
1370 4213 1450 4298 proh
1474 4213 1674 4276 monasterio
1698 4211 1739 4275 de
1755 4211 1963 4298 Wettingeni
1988 4215 2113 4282 Cister-

458 4316 577 4382 ciensis
612 4315 733 4380 ordinis
772 4316 1035 4380 Constantiensis
1076 4314 1217 4378 diocesis
1257 4313 1411 4378 duxerint
1447 4335 1518 4377 cum
1555 4315 1711 4378 instantia
1746 4315 2008 4401 supplicandum.
2043 4341 2113 4388 nos.

458 4421 607 4485 volentes
632 4421 767 4484 obtentu
790 4441 924 4506 precum
949 4440 1059 4483 eorum
1084 4418 1231 4503 predicto
1252 4419 1453 4482 monasterio
1469 4418 1577 4481 fucere
1594 4418 1732 4503 gretiam
1747 4420 1937 4504 specialem,
1960 4422 2113 4489 fretemi-

458 4521 541 4586 tati*
564 4529 620 4586 tue
643 4543 703 4607 per
726 4524 909 4608 apostolica
939 4524 1059 4608 scripta
1086 4520 1294 4589 mandamus.
1327 4523 1479 4606 quatinus
1505 4521 1550 4585 C)
1574 4521 1685 4585 abbati
1709 4529 1743 4586 ct
1765 4525 1940 4588 conventui
1964 4527 2111 4592 eiusdem

458 4626 664 4704 monasterii,
697 4625 783 4711 quod
812 4627 982 4692 occasione
1013 4627 1212 4690 imminentis
1236 4624 1400 4689 discordie
1423 4646 1556 4710 gravem
1580 4624 1621 4688 ab
1645 4627 1785 4689 inimicis
1808 4628 1949 4693 ecclesie
1972 4630 2004 4694 in
2028 4641 2112 4696 tem-

458 4729 626 4814 poralibus
653 4728 771 4793 dicitur
799 4731 993 4795 sustinuisse
1026 4731 1199 4803 iacturam,
1230 4731 1424 4793 auctoritate
1454 4734 1565 4792 nostra
1593 4727 1772 4802 concedas,
1805 4737 1840 4793 ut
1869 4732 2042 4798 eeclesiam
2071 4734 2112 4799 de

459 4832 640 4898 Richaimm
663 4832 810 4919 predicte
833 4833 985 4915 diocesis,
1010 4837 1043 4898 in
1067 4855 1131 4920 qua
1154 4835 1204 4898 ius
1221 4833 1372 4898 obtinent
1387 4840 1591 4918 patronatus,
1616 4853 1688 4896 cunr
1706 4854 1778 4898 eam
1796 4855 1912 4900 vacare
1929 4839 2113 4924 contigerit,

458 4936 563 5002 libere
587 4938 718 5000 valeant
742 4938 774 5001 in
797 4957 876 5001 usus
907 4941 1054 5026 proprios
1084 4939 1239 5005 rctincrc.
1275 4939 1320 5001 ita
1351 4945 1461 5000 tamen
1490 4936 1575 5021 quod
1600 4936 1721 5000 vicario
1751 4937 1783 5000 in
1812 4959 1851 5002 en
1879 4960 1937 5023 pro
1966 4949 2113 5029 tempore

564 5197 587 5264 ι)
606 5199 653 5250 lic.
672 5199 687 5249 b
707 5217 834 5266 mpcrscr.
942 5197 967 5263 1’)
986 5200 1107 5252 fulcimur
1126 5198 1157 5250 12.
1267 5197 1290 5264 ⁰)
1309 5196 1352 5249 dil'
1366 5197 1397 5249 R.
1503 5193 1529 5261 (ἶ)
1550 5198 1708 5248 tenerrimus
1726 5197 1793 5250 bunc
1810 5217 1849 5265 ep.
1867 5217 1923 5251 crem
1941 5219 1970 5252 eo
1988 5205 2112 5270 amplo,
2167 5219 2196 5258 so

459 5282 1888 5354 podinltep.Lib.beselmo3605,1epiorr[1].⁰)..episcop000nsumiensiinser.
2000 5289 2019 5344 ll
2038 5291 2113 5342 ilar-t-

459 5389 571 5426 msnnus
590 5377 612 5434 1,
627 5379 700 5424 recte.
806 5374 832 5437 Β)
850 5375 957 5439 Kyburc
976 5381 997 5424 1.
1104 5371 1128 5438 ¹¹)
1151 5375 1225 5424 nobis
1249 5391 1293 5448 pro
1315 5381 1332 5424 1.
1437 5371 1454 5436 ί)
1469 5373 1607 5439 ll'etingen
1629 5379 1648 5424 1.
1755 5372 1781 5439 Ιί)
1801 5376 1950 5427 srntemituti
1969 5404 2001 5412 -
2020 5380 2113 5445 scripta

460 5461 528 5512 &est
548 5467 567 5510 1.
672 5456 691 5520 ¹)
710 5459 739 5510 C.
757 5459 825 5512 deest
846 5467 864 5510 1.
969 5461 1002 5526 ¹¹¹)
1021 5462 1111 5513 ltilrom
1132 5467 1152 5511 1.

503 5592 655 5734 appones
672 5593 719 5648 nn
735 5596 767 5662 es.
785 5612 812 5650 a.
828 5602 879 5649 cor
897 5599 920 5648 c
940 5595 1039 5662 serpe
1057 5600 1131 5662 sm,
1156 5595 1282 5664 cnam,
1304 5593 1367 5664 ap.
1387 5601 1471 5652 reso.
1572 5597 1599 5664 o
1618 5595 1742 5665 amma,
1762 5595 1862 5650 nmen
1879 5597 1950 5678 jare
1968 5599 2015 5650 aa.
2032 5597 2115 5652 noer

460 5683 483 5734 et
535 5682 545 5694 “
627 5717 633 5732 .
2171 5707 2198 5744 ss
