4328 6232
901 364 946 420 EX
967 363 1239 422 innocentum
1258 362 1440 418 necturna

1134 736 1216 809 tou.

452 853 669 944 Innocentius
692 878 747 943 IV
767 899 856 959 popu
887 877 931 941 ud
960 897 1057 958 rupem
1087 881 1115 940 et
1139 877 1294 959 populum
1326 876 1534 940 lbrtnrornm
1561 876 1696 955 tratrem
1722 876 1934 941 Laurentium
1962 877 1998 942 dc

350 983 511 1066 Pentapol.
535 987 562 1046 ct
585 983 681 1046 socios
702 983 770 1046 citis
792 981 913 1045 ordinis
928 980 1093 1043 Minonnn
1115 980 1261 1057 destinat,
1285 985 1320 1043 ut
1341 979 1572 1044 eruditioribus
1594 999 1700 1043 corum
1714 980 1820 1045 lesuin
1838 980 1999 1047 Christum

348 1090 517 1167 aqrmscaut
538 1089 567 1149 et
589 1105 699 1148 nomm
721 1086 789 1149 eires
814 1084 1014 1149 Christianae
1034 1083 1109 1164 fidoi
1131 1084 1342 1152 obseruatione
1364 1083 1477 1149 colant.
1648 1086 1740 1161 1245,
1762 1083 1866 1149 Mart.
1883 1088 1913 1149 5.

453 1204 516 1258 Iuro.
536 1205 555 1257 Ῑ
558 1205 582 1256 l'
599 1205 660 1273 Rea.
679 1205 732 1258 Vol.
751 1203 774 1270 Ι,
797 1211 858 1269 207,-
879 1202 940 1256 Lib.
961 1203 999 1269 Π,
1024 1219 1080 1258 cuir.
1102 1212 1137 1257 rt.
1176 1203 1324 1272 Eretuplar
1348 1204 1439 1274 Rapit.
1463 1204 1537 1256 Anu.
1563 1202 1623 1257 cccl.
1645 1220 1670 1256 a.
1689 1209 1761 1273 1245,
1785 1207 1916 1271 §to-17
1938 1222 2000 1260 atu

352 1290 464 1359 limatis
481 1292 592 1345 contitlit
610 1298 634 1344 ot
652 1307 685 1345 er
702 1291 738 1344 oia
755 1290 866 1344 oenecit
882 1295 906 1343 ot
923 1290 1053 1357 surripuerit
1072 1289 1099 1343 V.
1113 1290 1152 1343 ot.
1167 1291 1200 1343 A.
1214 1290 1293 1343 Mau.

456 1376 583 1443 emtus,
603 1377 665 1445 Rea.
681 1384 771 1439 nom
789 1377 887 1445 Bcrpu
898 1382 970 1430 1364.

450 1666 488 1682 ..
517 1611 613 1700 regi
641 1616 685 1682 et
713 1610 886 1701 populo
914 1608 1218 1682 Tartarorurn
1246 1608 1364 1680 viam
1392 1629 1652 1698 agnoscere
1679 1609 1903 1683 veritatis,

456 1757 518 1823 Dei
542 1758 643 1843 patris
668 1759 818 1822 inmensa
840 1758 1027 1842 benignitas
1051 1758 1186 1822 humaui
1208 1758 1338 1842 generis
1361 1778 1483 1835 cesum,
1507 1755 1595 1841 quod
1618 1756 1715 1841 primi
1738 1756 1876 1820 hominis
1903 1757 2001 1842 culpa

349 1866 528 1935 corruerat.
564 1861 722 1925 ineffabili
751 1862 930 1947 respiciens
963 1863 1101 1946 pictate,
1140 1882 1178 1924 ec
1207 1861 1315 1939 illum.
1351 1881 1449 1944 quem
1481 1859 1644 1924 diabolica
1673 1860 1851 1945 prostravit
1878 1858 2002 1925 invidia

348 1965 560 2048 suggestione
584 1963 707 2028 dolosa.
732 1965 846 2028 voleus
869 1986 912 2029 ex
936 1965 1072 2029 caritate
1097 1966 1197 2028 nimia
1220 1962 1474 2028 misericorditer
1497 1985 1659 2049 reparare,
1687 1965 1788 2028 filium
1811 1985 1905 2028 suum
1926 1965 2000 2028 uui·

348 2069 508 2153 genitum.
539 2069 847 2133 consubstantialem
875 2069 952 2133 sibi.
985 2067 1025 2133 de
1055 2069 1115 2132 celi
1141 2068 1275 2133 excelso
1299 2067 1381 2132 solio
1405 2069 1493 2131 misit
1516 2066 1557 2131 ad
1581 2067 1726 2132 intimum
1750 2066 1860 2132 mundi
1884 2068 2001 2145 solum,

348 2172 403 2256 qui
435 2173 600 2258 preelecta
629 2172 763 2255 virginis
796 2179 888 2236 utero
919 2173 1023 2236 saneti
1048 2171 1190 2256 Spiritus
1218 2171 1410 2256 operatione
1443 2179 1622 2255 conceptus
1651 2176 1686 2234 et
1708 2171 1752 2234 ibi
1776 2178 1869 2235 veste
1893 2172 2002 2235 carnis

348 2275 480 2339 indutus
503 2277 644 2340 humane
668 2276 807 2361 indeque
830 2276 1038 2362 postmodum
1063 2277 1173 2340 clausa
1196 2284 1344 2340 materne
1361 2286 1456 2359 porta
1481 2275 1674 2358 virginitatis
1691 2294 1854 2358 egressus,
1878 2275 2003 2336 cunctis

349 2379 509 2442 visibilem
534 2401 568 2443 se
593 2380 744 2444 ostendit.
782 2380 935 2443 Humana
959 2380 1044 2443 enim
1069 2389 1195 2446 natura.
1220 2400 1292 2442 cum
1318 2390 1409 2442 esset
1431 2377 1612 2456 rationalis,
1637 2386 1708 2442 erat
1731 2384 1845 2442 eterna
1861 2379 2001 2443 veritate

348 2490 502 2568 tanquam
532 2486 653 2569 optimo
683 2506 741 2549 suo
773 2485 847 2549 cibo
875 2484 1057 2570 pascenda;
1091 2493 1142 2548 set
1164 2505 1250 2569 pena
1274 2484 1401 2568 peccati
1425 2482 1617 2545 mortalibus
1641 2482 1777 2547 detenta
1802 2482 1937 2546 vinculis
1960 2481 2003 2545 ad
2071 2495 2083 2532 ὃ

349 2586 411 2649 hoc
446 2593 496 2649 est
530 2587 754 2652 diminutionis
788 2588 937 2653 reducta.
973 2598 1009 2652 ut
1041 2610 1099 2674 per
1129 2588 1334 2651 coniecturas
1365 2607 1475 2650 rerum
1506 2586 1682 2650 visibilium
1718 2584 1759 2649 ad
1791 2585 2005 2671 intelligenda

349 2690 527 2754 invisibilia
552 2692 711 2755 niteretur
733 2693 796 2757 cibi
821 2694 997 2756 rationalis.
1044 2691 1203 2755 Creature
1228 2692 1329 2776 ipsius
1353 2689 1503 2753 conditor
1525 2690 1632 2753 faetus
1656 2697 1708 2754 est
1731 2689 1867 2753 visibilis
1889 2689 2005 2754 habitu

350 2800 462 2855 nostro
487 2814 550 2856 nou
575 2795 644 2858 sine
668 2797 943 2860 cortnuutatione·
968 2805 1095 2861 nature.
1128 2803 1163 2857 ut
1186 2794 1329 2859 visibilia
1354 2801 1520 2857 sectantes
1544 2793 1644 2869 adse
1667 2792 1873 2863 invisibilem.
1896 2793 2003 2857 laetus

350 2895 498 2975 visibilis,
522 2907 701 2965 revocaret.
725 2898 909 2962 salubribus
932 2899 1080 2963 homiues
1104 2898 1261 2962 institutis
1286 2897 1475 2963 informans.
1498 2897 1649 2981 viamque
1665 2897 1732 2960 vite
1756 2897 1836 2983 ipsis
1858 2896 2004 2986 perfecte.

351 2997 458 3062 iudice
481 2997 629 3064 doctriua
652 3000 893 3071 demonstrans.
923 3003 1076 3087 dignatus
1100 3010 1151 3065 est
1173 3010 1247 3085 post
1271 3021 1366 3064 sacre
1390 3000 1648 3063 conversationis
1670 3001 1824 3086 exempla
1847 3006 1880 3065 et
1903 3021 2002 3066 evau-
2058 3043 2070 3054 -

350 3101 458 3186 gelice
494 3102 715 3168 instructionis
749 3106 878 3191 eloquia
914 3106 974 3169 sub
1007 3105 1076 3169 dire
1111 3106 1216 3168 crucis
1254 3103 1414 3190 supplicio
1444 3110 1584 3166 mortem
1615 3105 1701 3188 pati.
1733 3111 1770 3169 ut
1798 3104 1908 3190 penali
1938 3105 2005 3168 vito

352 3207 515 3289 presentis
546 3208 610 3271 line
633 3229 751 3294 penam
774 3211 886 3273 rnortis
910 3218 1087 3296 perpetue.
1117 3232 1214 3296 quam
1240 3209 1479 3296 prothoplausti
1503 3210 1678 3295 posteritas
1701 3210 1803 3295 ipsius
1827 3210 2006 3274 incurrerat

352 3313 628 3396 transgressione.
655 3314 779 3377 finiret.
810 3315 906 3379 etde
931 3337 1042 3379 antara
1066 3315 1147 3380 sueb
1171 3317 1286 3378 nrortis
1310 3315 1412 3378 calice
1436 3314 1628 3400 temporalis
1651 3313 1798 3378 hauriret
1820 3311 1917 3377 homo
1939 3313 2005 3376 vite

352 3412 557 3479 dulcedinem
582 3419 792 3503 serupiterne.
829 3418 1044 3484 Mediatorem
1069 3440 1210 3504 uanique
1228 3421 1391 3484 internos
1409 3426 1442 3483 et
1457 3419 1566 3482 Deum
1583 3426 1617 3482 et
1633 3417 1865 3482 mortalitatem
1882 3415 2004 3481 hebere

353 3518 499 3601 oportuit
523 3528 745 3585 transeuntem
771 3530 803 3584 et
826 3522 1063 3588 beatitudiuem
1081 3531 1341 3609 permanentem.
1364 3532 1400 3587 ut
1416 3544 1474 3609 per
1494 3521 1536 3599 id,
1560 3521 1647 3607 quod
1662 3520 1788 3593 transit,
1811 3527 2005 3606 congrueret
2058 3542 2071 3578 ·.·

355 3620 530 3695 morituris,
555 3623 652 3687 etad
676 3623 719 3689 id.
743 3623 830 3708 quod
854 3633 1037 3710 permanet.
1062 3647 1105 3690 ex
1129 3627 1267 3690 mortuis
1292 3648 1352 3690 nos
1376 3625 1579 3690 transferret.

461 3723 524 3787 Pro
552 3725 684 3790 humani
713 3748 792 3812 ergo
819 3727 1046 3816 redemptione
1077 3732 1209 3815 generis
1239 3753 1275 3794 se
1302 3731 1444 3795 hostiam
1474 3727 1651 3800 exhibens.
1683 3727 1778 3799 illud.
1808 3748 1868 3792 sue
1891 3726 2005 3791 salutis

354 3826 448 3890 hoste
472 3842 643 3913 prostrato.
667 3830 707 3894 de
731 3831 906 3917 obprobria
930 3835 1097 3898 servitutis
1114 3836 1237 3922 eripuit
1253 3835 1294 3900 acl
1311 3835 1450 3920 glorium
1467 3835 1642 3898 libertatis.
1665 3853 1808 3919 superne
1824 3831 1887 3896 sibi
1902 3831 2004 3917 patrio

355 3931 474 3994 ostium
507 3933 696 3998 reserando:
726 3950 759 3998 et
787 3934 917 3999 denium
952 3950 1149 4023 resurgens0
1172 3962 1190 4002 a
1214 3941 1350 4003 mortuis
1373 3961 1412 4003 ae
1437 3939 1469 4002 in
1493 3939 1599 4002 celum
1623 3935 1819 4016 ascendens.
1850 3935 2004 3999 vicarium

355 4032 418 4097 sibi
442 4034 572 4119 reliquit
595 4037 626 4100 in
651 4038 757 4129 terris.
782 4040 832 4102 cui
850 4042 1030 4105 auinrarum
1051 4064 1174 4125 curura,
1197 4051 1233 4107 ut
1250 4065 1361 4108 earum
1379 4044 1490 4107 saluti.
1513 4063 1571 4127 pra
1588 4061 1760 4126 quasnam
1776 4038 2005 4104 humiliaverat

355 4137 578 4203 altitudinem.
609 4140 781 4224 vigilanter
808 4143 995 4210 intenderet
1024 4157 1057 4211 et
1086 4148 1273 4233 invigilaret
1301 4154 1444 4212 attente.
1476 4147 1594 4210 amoris
1623 4146 1694 4209 eius
1717 4144 1900 4209 constantia
1922 4143 2005 4207 trine

355 4241 567 4326 professionis
591 4257 783 4329 argumento
807 4248 945 4332 probata
970 4252 1141 4319 commisit.
1171 4251 1305 4316 trudeus
1329 4252 1391 4315 sibi
1416 4251 1528 4315 claves
1550 4250 1643 4334 regui
1667 4248 1821 4327 eelomm.
1844 4270 1904 4334 per
1926 4268 2005 4333 quas

356 4347 426 4431 ipsa
456 4348 571 4432 suique
600 4369 659 4434 per
687 4371 762 4414 euru
786 4374 996 4418 successores
1020 4368 1216 4441 potestatem
1241 4357 1412 4444 aperiendi
1435 4355 1585 4420 omuibus
1608 4364 1641 4420 et
1663 4351 1836 4417 claudendi
1859 4350 2005 4416 eiusdem

355 4451 448 4534 regni
481 4451 610 4517 ianuam
640 4454 837 4522 obtinerent.
882 4456 977 4523 l'nde
1002 4459 1139 4545 predicti
1164 4461 1274 4525 vicarii
1298 4460 1495 4546 disponente
1518 4457 1660 4521 Domino
1684 4478 1744 4520 nos
1767 4457 1844 4520 licet
1865 4454 2006 4521 inmeriti

357 4578 566 4622 successores
591 4560 708 4625 effecti.
740 4582 839 4649 super
867 4565 977 4628 ‹vuituia
1000 4586 1063 4651 que
1088 4566 1183 4630 trabis
1207 4589 1249 4630 ex
1273 4566 1418 4629 iniuncto
1441 4561 1632 4626 incumbunt
1652 4560 1771 4625 officio.
1799 4557 1841 4623 ad
1865 4566 2005 4625 vestram

356 4659 560 4745 aliorumque
584 4662 722 4728 salutem
747 4676 857 4731 nostre
881 4669 1073 4735 intentionis
1099 4670 1270 4755 dirigimus
1294 4670 1409 4733 aciem.
1433 4666 1476 4731 ad
1493 4666 1576 4730 hauc
1593 4665 1747 4752 precipue
1762 4664 1882 4729 mentis
1898 4670 2007 4728 nastm

357 4762 559 4828 destinamus
581 4766 746 4833 suffectum.
770 4771 856 4834 cirea
880 4794 953 4836 eum
977 4773 1126 4857 diligenti
1150 4773 1260 4838 studio
1284 4783 1318 4838 et
1339 4771 1486 4836 studiosa
1502 4769 1674 4855 diligentia
1691 4766 1806 4834 sedulo
1822 4768 2007 4854 vigilantes,

357 4877 561 4932 mercantes
585 4869 615 4932 in
633 4871 717 4935 vium
742 4875 888 4938 veritatis
915 4876 1057 4941 educere
1082 4899 1261 4964 omnesque
1282 4875 1496 4943 lucrifacere<¹
1512 4874 1593 4940 Deo.
1616 4896 1676 4939 sua
1697 4874 1792 4938 uobis
1813 4878 2008 4959 cooperante

357 4971 479 5054 gratia.
513 4973 691 5038 valeamus.
733 4976 857 5042 l'erum
889 4981 964 5064 «pria
995 4980 1137 5047 humane
1169 4982 1365 5048 conditionis
1396 4981 1560 5045 renitente
1590 4994 1706 5044 nutura
1734 4998 1798 5043 uuo
1829 4975 2008 5061 eodemque

358 5092 505 5162 tetripore
529 5075 668 5142 diversis
692 5080 771 5145 loeis
795 5085 1037 5168 presentialiter
1059 5085 1177 5152 adesse
1201 5089 1385 5174 nequimus.
1408 5107 1450 5150 ue
1473 5085 1638 5149 ullatenus
1653 5084 1821 5167 negligere
1837 5079 2005 5145 videamur
2056 5100 2083 5138 n

357 5180 528 5245 absentes.
565 5180 605 5245 ad
640 5204 698 5247 eos
730 5186 816 5249 viras
850 5186 1004 5272 providos
1039 5204 1072 5254 et
1113 5190 1275 5257 discretos
1311 5190 1563 5255 transmittimus
1599 5188 1669 5251 viee
1701 5194 1828 5263 nostra.
1861 5185 2006 5271 ipsoram

358 5284 540 5348 ruinisteria
566 5288 655 5352 eirca
683 5289 755 5353 illas
784 5293 964 5377 apostolice
995 5296 1162 5360 servitutis
1190 5295 1337 5360 debitum
1361 5295 1591 5358 insumentes:
1620 5286 1863 5377 propterquod
1884 5286 1928 5353 ad
1949 5308 2007 5353 ros

462 5586 488 5637 *l
504 5586 674 5641 &minutium
690 5606 757 5639 mur.
775 5589 803 5640 iu
821 5593 1126 5657 supermeantibus.
1213 5589 1240 5655 l)
1257 5608 1305 5643 sue
1322 5593 1350 5643 iu
1368 5590 1527 5661 naqadei.
1614 5592 1639 5651 e)
1655 5591 1809 5661 lunt-¹

358 5686 506 5739 tuum
590 5670 618 5739 ιι)
635 5674 829 5729 namn.
