4328 6232
257 350 321 421 51'2
813 354 860 408 ax
878 352 1098 410 mnoennrn
1117 351 1155 407 ιν
1173 352 1354 409 nnourno

256 529 450 594 electionem
473 529 526 594 vel
549 528 804 615 postulationem
834 549 893 592 seu
919 528 1176 593 nominationem
1203 527 1362 613 aliquam,
1393 526 1455 590 nisi
1479 527 1569 612 prius
1592 548 1612 591 a
1634 525 1730 591 nobis
1753 526 1859 612 petita
1880 535 1912 592 et

256 632 392 698 obtenta
413 633 563 712 lieentia,
594 652 657 696 non
681 630 876 716 procedant,
904 632 1030 696 irritum
1053 632 1209 696 nuntians
1233 631 1260 695 si
1284 629 1362 716 quid
1386 636 1499 695 centra
1521 629 1777 716 prohibitionem
1803 630 1910 695 huius-

255 735 342 800 modi
365 735 542 821 eontigerit
565 735 765 820 attemptari.

365 857 443 921 Dat.
466 855 629 943 Lugduni,
655 856 724 921 XII
746 855 822 924 Kal.
846 857 934 939 Maii,
958 855 1136 924 annoV10.

1041 1261 1128 1334 689.

359 1355 578 1449 [attenuatius
589 1384 614 1448 I
618 1383 645 1448 V
649 1405 739 1468 popa
749 1384 907 1468 mopere]
918 1383 955 1446 de
969 1383 1124 1461 Gallaecia,
1142 1383 1286 1448 corbeiae
1300 1381 1413 1459 devote,
1430 1386 1569 1446 castrum
1585 1381 1729 1465 Vayraai
1743 1379 1912 1446 Tarrrcrasis
1957 1408 1959 1441 ι

253 1485 392 1565 diosmis,
412 1507 472 1568 quo
486 1487 707 1572 Fffir'dericas]
722 1487 881 1570 quendam
895 1487 1066 1570 imperator
1080 1488 1185 1568 ipsam
1199 1486 1355 1568 spoliarit,
1375 1484 1521 1553 restituit.
1567 1487 1662 1563 1249,
1678 1485 1763 1567 Apr.
1774 1488 1829 1550 22.

359 1606 424 1659 Ina.
439 1607 486 1660 IV
504 1607 569 1676 Rea.
590 1607 649 1660 Lib.
666 1606 717 1674 VI,
732 1608 804 1674 fiee,
823 1624 851 1660 e.
866 1616 921 1663 616.
958 1608 1083 1676 Epistola
1100 1625 1156 1662 aon
1175 1613 1238 1662 ante
1255 1607 1361 1662 altiores
1377 1607 1432 1662 dies
1448 1607 1545 1661 coensis
1564 1606 1642 1661 Iunii
1657 1606 1802 1676 capistrata
1820 1611 1864 1660 cat.

359 1693 485 1761 Pohlmst
506 1693 678 1762 Re9.13300,·
696 1694 794 1763 Bcrper
812 1703 885 1750 4606.

424 1856 572 1930 Nobili
600 1858 694 1930 viro
722 1857 768 1929 h.
797 1857 848 1930 de
877 1857 1099 1946 Gallueio,
1128 1857 1321 1932 ecclesie
1349 1858 1544 1930 Romane
1571 1858 1748 1930 devoto,

364 1990 555 2075 Apostolice
580 1989 669 2054 sedis
693 1990 900 2076 providentia
923 1996 1083 2054 consueta
1113 1989 1316 2055 subditorum
1345 1989 1464 2055 merita
1491 1989 1633 2054 sollertis
1664 1986 1912 2054 deliberationis
1957 2016 1959 2022 Α

254 2094 407 2158 examine
430 2092 579 2175 discutit,
603 2101 637 2158 et
660 2115 723 2180 que
748 2094 884 2158 rationis
906 2094 1028 2157 iudicio
1051 2094 1201 2180 potiora*
1224 2092 1355 2168 diffinit,
1385 2093 1584 2179 premiorum
1608 2096 1798 2158 remunerat
1820 2090 1914 2155 retri-

254 2198 390 2262 butione
428 2198 602 2278 maiorum,
642 2196 850 2263 uberioribus
885 2198 943 2261 illa
976 2196 1204 2283 prosequende
1239 2196 1406 2262 favoribus
1441 2203 1475 2260 ct
1508 2195 1675 2261 benefieiis
1710 2193 1915 2281 plenioribus

254 2300 448 2366 attollendo.
493 2299 580 2365 Hine
609 2309 675 2378 est,
707 2300 794 2386 quod
827 2322 899 2366 eum
927 2309 963 2366 tu
991 2303 1048 2365 illa
1076 2323 1156 2386 erga
1177 2301 1359 2365 Romanam
1389 2301 1564 2366 eeclesiam
1587 2298 1763 2364 devotione
1787 2297 1916 2362 ferveas

254 2425 392 2491 eamque
416 2406 502 2469 circa
525 2404 630 2490 ipsam
654 2403 788 2469 studeas
817 2425 948 2469 servare
978 2403 1208 2483 constantiam,
1242 2410 1278 2468 ut
1306 2404 1392 2469 inter
1419 2405 1502 2468 alios
1530 2404 1601 2468 eius
1632 2402 1718 2467 lilios
1747 2399 1916 2466 fidelitatis

254 2509 348 2573 titulo
373 2509 563 2594 specialiter
585 2509 772 2594 insignitus,
795 2508 953 2573 merearis
976 2508 1018 2572 ab
1042 2529 1083 2573 ea
1098 2508 1322 2594 multipliciter
1337 2508 1501 2589 honorari,
1524 2528 1596 2582 nos,
1619 2503 1681 2571 hoc
1697 2527 1764 2571 non
1779 2504 1914 2590 indigne

256 2620 436 2698 pensantes
460 2619 494 2677 et
515 2612 665 2676 volentes
693 2612 758 2675 tuis
780 2611 952 2676 intendere
976 2611 1121 2675 comodis
1145 2611 1258 2696 tuique
1281 2611 1416 2676 honeris
1439 2616 1652 2696 augmentum
1676 2608 1817 2674 sollicite
1840 2629 1916 2694 pro-

256 2737 388 2796 curare,
413 2717 477 2780 tuis
501 2715 794 2802 supplicationibus
817 2715 976 2795 inclinati,
1005 2721 1147 2780 castrum
1162 2714 1332 2800 Vayrani¹
1351 2715 1535 2782 Teanensis
1559 2713 1715 2790 diocesis,
1747 2711 1835 2799 quod
1856 2711 1917 2777 tibi

256 2826 293 2882 ut
315 2821 437 2884 asseris
460 2819 567 2884 felicis
591 2818 825 2884 recordationis
848 2819 888 2884 G.
913 2841 998 2905 papa
1021 2819 1236 2905 predecessor
1257 2827 1370 2885 noster
1392 2819 1576 2885 liberaliter
1599 2818 1747 2897 contulit,
1778 2837 1853 2882 eum
1877 2837 1916 2880 co

255 2929 288 2988 te
312 2922 350 2989 F.
374 2923 537 3009 quondam
560 2924 738 3009 imperator
766 2944 825 3009 pro
848 2944 907 2987 suo
935 2922 1030 2987 libito
1060 2923 1208 3008 spoliarit
1217 2921 1239 3001 ²,
1273 2944 1345 2987 eum
1374 2921 1532 3002 dominio,
1561 2922 1705 2997 iuribus,
1734 2920 1916 2987 honoribus

255 3048 294 3090 ae
318 3026 469 3091 omnibus
492 3027 701 3112 pertinentiis
725 3027 792 3091 suis
817 3026 875 3091 tibi
899 3027 1028 3111 tuisque
1052 3024 1311 3106 successoribus,
1341 3027 1515 3111 presertim
1539 3048 1614 3091 eum
1637 3047 1777 3112 regnum
1800 3024 1914 3090 Sicilie

256 3151 334 3215 rege
357 3151 444 3195 nunc
466 3138 592 3212 eareat,
622 3131 825 3195 restituimus
849 3138 883 3194 et
906 3131 1116 3195 concedimus
1147 3130 1188 3195 de
1216 3132 1323 3215 gratia
1352 3132 1504 3217 speciali,
1535 3129 1712 3196 dummodo
1745 3129 1787 3193 ad
1815 3128 1915 3194 aliurn

255 3233 379 3298 dietum
403 3241 546 3298 castrum
570 3255 635 3298 non
658 3234 822 3321 pertineat
844 3234 1071 3300 indevotione
1095 3235 1234 3300 ecelesia
1256 3236 1501 3320 persistentem.
1534 3234 1698 3300 Volumus
1720 3240 1850 3313 autem,
1880 3240 1915 3296 ut

255 3342 428 3424 postquam
452 3336 600 3402 eiusdem
624 3337 723 3401 castri
750 3339 991 3423 possessionem
1019 3338 1190 3419 habueris,
1221 3344 1288 3401 tani
1316 3345 1351 3402 tu
1381 3360 1478 3424 quam
1508 3339 1587 3404 dieti
1618 3358 1829 3403 successores
1858 3358 1915 3423 pro

256 3446 362 3505 castro
385 3440 458 3527 ipso
482 3440 671 3525 homagium
694 3448 728 3505 et
755 3440 949 3506 fidelitatem
980 3450 1013 3507 et
1041 3443 1107 3507 alia
1133 3441 1270 3506 ecclesie
1300 3442 1447 3527 predicte
1471 3444 1524 3508 vel
1553 3442 1639 3528 regi,
1669 3442 1725 3527 qui
1754 3463 1815 3527 per
1841 3462 1913 3506 eam

255 3566 314 3630 pro
337 3550 486 3630 tompore
508 3543 610 3610 fuerit
638 3545 672 3608 in
701 3566 803 3630 regno
835 3545 999 3631 predicto,
1032 3545 1203 3632 prestareb
1233 3546 1394 3627 tenearis,
1428 3567 1491 3630 quo
1519 3547 1575 3610 alii
1603 3545 1737 3610 vassalli
1766 3544 1913 3610 eiusdem

256 3648 349 3731 regni
371 3668 430 3733 pro
454 3648 570 3712 castris
594 3669 657 3733 que
682 3647 832 3713 obtinent
855 3649 919 3714 sibi
943 3649 1102 3716 exhibere
1126 3654 1289 3715 tenentur.
1334 3648 1426 3715 Nulli
1448 3671 1528 3736 ergo
1552 3655 1616 3716 ete.
1639 3653 1752 3713 nostre
1780 3648 1913 3714 restitu-

255 3750 352 3815 tionis
376 3757 409 3816 et
432 3752 654 3817 concessionis
677 3758 741 3817 etc.

362 3871 439 3938 Dat.
462 3871 626 3958 Lugduni,
649 3872 682 3938 X
704 3871 780 3940 Kal.
803 3873 894 3956 Maii,
918 3874 1094 3940 ann0V10.

1041 4281 1129 4353 690.

359 4371 578 4466 Inswceatius
600 4400 657 4464 IV
670 4421 760 4485 propa
774 4401 961 4486 [Conrado]
983 4402 1213 4484 archiepiscopo
1231 4403 1410 4470 Celerriensr'
1432 4402 1476 4466 ud
1492 4423 1601 4483 preces
1613 4400 1813 4486 [witelmi]
1835 4402 1915 4483 repis

255 4500 472 4567 Rorrreaerum
493 4503 632 4582 recondat,
654 4509 689 4568 at
710 4504 869 4585 disperaset
889 4525 958 4569 curu
972 4506 1133 4571 Bastarna
1154 4507 1191 4571 cle
1213 4506 1315 4572 Viseto
1335 4507 1441 4584 trram,
1465 4509 1509 4582 at,
1531 4504 1681 4570 cormaco
1695 4503 1913 4584 inmedtsueato

256 4625 320 4670 treta
342 4606 489 4685 obstante,
511 4607 548 4670 in
569 4608 770 4673 matrimonio
791 4612 948 4674 contracto
970 4614 1141 4677 remaneat.
1559 4609 1653 4686 1249,
1676 4607 1760 4688 Apr.
1775 4610 1831 4674 22.

359 4725 425 4778 lma.
439 4725 488 4780 IV
501 4726 566 4796 aaa.
586 4725 644 4780 Lo.
664 4726 710 4794 VI,
725 4726 869 4794 fido-41,
887 4747 915 4783 a.
929 4738 985 4784 477.

361 4812 491 4880 Petrae,
508 4812 572 4882 Ray.
592 4820 687 4878 1360&
704 4814 801 4883 Beroe
818 4823 890 4870 4467.

728 5031 768 5050 ..
796 4978 1140 5071 archiepiscopo
1169 4977 1443 5052 Coloniensi.

363 5107 415 5172 Ex
437 5116 530 5195 parte
554 5108 713 5173 carissimi
736 5108 768 5172 in
790 5108 921 5174 Christo
945 5111 1001 5175 lilii
1024 5113 1128 5177 nostri
1150 5161 1183 5179 ..
1207 5111 1294 5197 regis
1317 5112 1541 5175 Romanorum
1565 5111 1703 5176 illustris
1728 5113 1791 5175 fuit
1822 5111 1912 5176 nobis

256 5232 330 5275 eum
353 5212 509 5276 instantia
532 5211 759 5297 supplicatum,
784 5218 820 5277 ut
843 5233 917 5277 oum
933 5212 1111 5280 Bastianus
1134 5215 1176 5280 de
1192 5213 1332 5280 Viseto³
1355 5214 1450 5280 miles
1466 5213 1660 5278 Leodiensis
1676 5213 1820 5280 diocesis
1841 5236 1912 5280 eum

358 5434 383 5501 ⁸)
401 5435 493 5503 potiori
511 5453 578 5487 corr.
596 5437 703 5504 potiora.
807 5433 833 5501 a)
850 5443 928 5506 pfara
946 5438 979 5489 B.

275 5637 280 5648 .
321 5550 639 5694 metemus·
655 5554 683 5624 tt.
701 5569 735 5609 ea
751 5559 813 5626 sept.
831 5559 856 5612 et
872 5570 911 5611 or.
929 5555 978 5615 cio.
994 5556 1146 5639 Toemesis.
1215 5559 1243 5628 2)
1263 5555 1303 5629 Os.
1319 5574 1348 5613 a.
1361 5565 1418 5616 687.
1487 5559 1515 5628 3)
1534 5557 1596 5615 Vnae
1611 5557 1651 5614 ed
1669 5559 1779 5617 Maean
1794 5562 1824 5630 rt
1841 5561 1912 5631 irata

255 5653 304 5694 cre.
490 5679 497 5695 .
