4784 6332
862 421 1062 478 nrrsrcmn
1080 423 1269 480 senacula.
1307 425 1382 482 1247.
1881 413 1943 495 aar

291 599 379 664 circa
409 599 499 685 ipsos
531 599 621 662 illam
652 596 882 662 auctoritatem
914 597 1049 682 exequi,
1079 604 1234 682 quantum
1263 597 1305 664 ad
1329 620 1382 680 ea,
1411 619 1474 684 que
1503 601 1684 666 voluntarie
1708 601 1942 668 iurisdictionis

291 704 449 784 existunt,
472 723 570 788 quam
591 701 652 766 tibi
675 702 897 766 concessimus
922 722 1002 786 erga
1024 722 1182 787 personas
1206 702 1354 767 eiusdem
1377 702 1573 769 Alamannis
1596 705 1827 770 exercendam.

399 805 475 872 Dat.
499 813 535 870 ut
558 827 666 892 supra.

1087 891 1149 954 ΠΙ.

382 1020 423 1094 Ρ.
453 1019 613 1094 Sancti
643 1018 837 1111 Georgii
865 1019 921 1092 ad
947 1019 1104 1093 Velum
1132 1018 1339 1092 Aureum
1365 1017 1563 1092 diacono
1592 1020 1848 1110 cardinali,

809 1139 1079 1230 apostolice
1107 1138 1236 1212 sedis
1261 1139 1435 1231 legato.

378 1271 482 1337 Cum·
503 1280 536 1338 tc
560 1271 601 1336 ad
624 1276 735 1357 partes
759 1270 948 1352 Alamanie,
973 1271 1146 1336 commisso
1170 1271 1230 1335 tibi
1252 1272 1349 1357 plene
1373 1271 1547 1357 legationis
1572 1272 1693 1356 officio,
1726 1273 1943 1354 destinemus,

290 1398 361 1458 nos,
385 1383 421 1441 ut
444 1397 484 1441 co
508 1376 675 1442 efficacius
690 1373 873 1439 huiusmodi
890 1375 1033 1439 officium
1057 1375 1178 1460 exequi
1201 1375 1325 1456 valeas,
1349 1396 1412 1461 quo
1434 1376 1549 1440 maiori
1573 1398 1633 1463 per
1656 1399 1716 1442 nos
1740 1378 1841 1444 fueris
1865 1400 1943 1444 auc-

290 1481 423 1545 toritate
447 1481 604 1560 munitus,
633 1469 823 1543 discretioni
846 1485 901 1544 tue
925 1479 1074 1565 privandi
1097 1485 1162 1543 tam
1186 1479 1306 1544 iratres
1330 1479 1505 1566 hospitalis
1530 1486 1645 1546 sancte
1669 1479 1773 1546 Maria
1797 1481 1943 1548 Thcoto-

291 1584 437 1648 nieorum
461 1605 557 1670 quam
581 1584 752 1668 religiosos
776 1583 872 1666 alios,
901 1585 972 1648 sive
995 1584 1060 1648 sint
1083 1584 1231 1670 exempti
1255 1583 1323 1647 sive
1348 1603 1428 1663 non,
1452 1590 1507 1648 tue
1531 1585 1721 1669 legationis,
1751 1586 1943 1672 privilegiis,

289 1687 518 1772 indulgentiis,
541 1686 750 1751 libertatibus
775 1693 808 1752 et
830 1687 1088 1752 immunitatibus
1113 1688 1251 1771 aliisque
1275 1687 1390 1771 gratiis
1421 1687 1468 1750 eis
1491 1688 1532 1752 ab
1557 1689 1737 1774 apostolica
1761 1689 1839 1754 sede
1864 1711 1941 1754 con-

290 1792 409 1872 cessis,
443 1791 469 1854 si
492 1790 614 1855 fuerint
636 1781 1092 1876 pertinaciterinobedientes
1116 1791 1257 1856 ecclesie
1283 1790 1334 1855 vel
1350 1789 1494 1855 rebelles
1518 1811 1577 1855 seu
1602 1797 1714 1858 contre
1738 1793 1842 1878 ipsam
1865 1814 1941 1878 prs-

290 1896 490 1982 sumpserint
518 1893 639 1979 aliquid
666 1894 862 1974 machinari,
897 1895 1026 1981 plenam
1058 1901 1171 1959 tenore
1203 1895 1407 1980 presentium
1441 1893 1648 1958 concedimus
1677 1901 1876 1980 potestatem
1901 1935 1942 1944 -

290 1999 463 2083 privilegio
487 1998 539 2062 vel
563 1997 769 2082 indulgentia
791 1997 937 2082 qualibet
960 2019 1023 2062 non
1048 1999 1211 2064 obstante.

398 2115 475 2180 Dat.
498 2115 661 2201 Lugduni,
685 2115 733 2180 Id.
757 2115 851 2180 Mart.
877 2113 976 2204 [anno
999 2117 1160 2203 quarton.

1088 2286 1147 2352 IV.

1037 2395 1203 2471 Eidem.

399 2527 501 2594 Οιιιῐιο
524 2535 557 2594 te
581 2534 643 2592 etc.
667 2531 704 2592 ut
726 2547 838 2612 supra:
852 2526 1052 2594 discretioni
1080 2535 1135 2594 tue
1164 2529 1371 2596 ammonendi
1394 2535 1555 2617 perpetuo
1577 2537 1643 2597 tam
1668 2533 1936 2621 archiepiscopos

291 2641 325 2698 et
347 2634 519 2720 episcopos
543 2653 640 2718 quam
664 2631 747 2696 alios
771 2631 985 2697 ecclesiarum
1010 2633 1154 2718 prelatos
1181 2639 1235 2698 tue
1258 2635 1449 2719 legationis,
1477 2635 1531 2722 qui
1561 2635 1682 2702 fuerint
1711 2637 1940 2702 inobedientes

291 2738 432 2802 ecclesie
456 2737 507 2800 vel
531 2735 673 2800 rebelles
697 2755 756 2800 seu
780 2743 894 2800 contra
916 2737 1022 2823 ipsam
1045 2737 1307 2824 presumpserint
1329 2738 1453 2823 aliquid
1476 2739 1655 2804 machinari
1684 2746 1717 2804 et
1740 2741 1772 2804 in
1796 2761 1856 2806 sua
1880 2761 1939 2806 ex-

289 2841 416 2906 titerint
443 2839 569 2904 malitia
596 2840 797 2925 pertinaces,
830 2840 871 2904 ab
901 2840 1195 2905 amministratione
1234 2841 1453 2927 spiritualium
1484 2848 1517 2906 et
1548 2842 1777 2929 temporalium
1808 2863 1939 2908 suarum

226 2963 237 2994 '¹
291 2945 515 3024 eeclesiarum,
539 2948 572 3008 et
588 2942 845 3009 contradictores
864 2965 962 3030 super
985 2943 1045 3008 boc
1070 2965 1128 3031 per
1145 2965 1314 3008 censuram
1331 2944 1588 3011 ecclesiasticam
1600 2947 1822 3033 appellatione
1846 2955 1939 3034 post·

208 4863 236 4900 85

205 5643 234 5682 ⁴⁰

291 3049 397 3135 posita
414 3046 643 3134 compescendi
656 3085 697 3094 —
713 3047 883 3132 privilegio
900 3045 1047 3132 quolibet
1059 3048 1112 3111 vel
1128 3047 1331 3132 indulgentia
1348 3047 1436 3112 sedis
1453 3049 1631 3135 apostolice
1647 3071 1713 3115 non
1729 3050 1883 3115 obstante
1899 3089 1940 3099 —

290 3153 427 3218 liberam
451 3151 661 3216 concedimus
685 3158 800 3216 tenore
824 3152 1025 3236 presentium
1048 3157 1257 3237 potestatem.

397 3273 473 3340 Dat.
496 3281 532 3337 ut
554 3294 663 3359 supra.

1092 3358 1133 3424 V.

1037 3482 1200 3557 Eidem.

397 3617 501 3684 Cumtl
524 3627 557 3683 te
582 3624 664 3682 etc:
688 3615 880 3681 discretioni
903 3622 958 3679 tue
981 3615 1200 3681 transferendi
1225 3617 1492 3704 archiepiscopos
1516 3625 1549 3683 et
1573 3618 1745 3705 episcopos
1768 3623 1824 3683 tue
1849 3619 1940 3703 lega-

289 3724 386 3788 tionis
409 3723 450 3788 de
475 3723 543 3786 suis
567 3720 713 3786 ecclesiis
737 3719 777 3784 ad
803 3720 893 3802 alias,
918 3722 944 3784 si
969 3720 1009 3784 ad
1033 3721 1106 3784 illas
1129 3721 1218 3808 ipsos
1244 3723 1401 3786 canonice
1419 3723 1529 3786 vocari
1552 3723 1725 3807 contigerit
1748 3729 1781 3787 ct
1806 3721 1941 3786 utilitati

289 3827 429 3892 ecclesie
453 3824 575 3890 uideris
598 3825 767 3909 expedire,
792 3825 930 3889 liberam
955 3824 1163 3889 concedimus
1187 3827 1383 3890 auctoritate
1407 3827 1610 3912 presentium
1636 3827 1854 3906 facultatem„

397 3947 471 4010 Dat.
496 3953 532 4010 ut
556 3967 665 4032 supra.

1087 4031 1146 4096 VI.

1027 4157 1197 4232 Eidem.

398 4292 499 4359 Oum⁰
521 4298 554 4357 te
577 4297 655 4357 etc:
688 4291 878 4357 discretioni
904 4296 960 4354 tue
983 4289 1197 4377 dispensandi
1228 4313 1302 4357 curn
1332 4293 1483 4378 personis
1514 4289 1749 4357 ecclesiasticis
1772 4289 1938 4356 delectum

290 4399 439 4465 ordinum
462 4396 678 4486 patientibus¹
705 4403 760 4462 tue
787 4395 979 4480 legationis,
1013 4396 1041 4459 si
1073 4395 1214 4460 ecclesie
1244 4417 1282 4460 ac
1314 4395 1442 4480 imperii
1469 4395 1601 4480 negotio
1625 4393 1783 4480 expedire
1807 4392 1939 4472 videris,

291 4503 440 4591 quod-
468 4501 653 4567 huiusmodi
682 4521 746 4565 uon
778 4500 931 4565 obstante
963 4499 1095 4563 defectu
1123 4537 1163 4546 -
1194 4500 1283 4565 licite
1313 4499 1354 4564 sd
1385 4499 1604 4584 pontificalem
1636 4498 1827 4583 dignitatem
1863 4497 1940 4581 eligi

291 4627 428 4692 eamque
452 4606 555 4670 libere
580 4606 747 4690 suscipere
771 4625 809 4669 ac
833 4604 976 4669 retinere
1001 4605 1147 4684 valeant,
1179 4602 1352 4667 dummodo
1377 4602 1465 4667 aliud
1490 4603 1680 4666 canonicum
1705 4622 1768 4664 non
1792 4599 1939 4681 obsistat,

291 4712 423 4798 plenam
447 4709 656 4774 concedimus
680 4714 794 4773 tenore
820 4709 1021 4796 presentium
1045 4708 1247 4774 facultatem.

377 4829 454 4894 Dat.
478 4836 514 4893 ut
538 4851 646 4916 supra.

1075 4913 1142 4978 VII

1029 5041 1196 5115 Eidem.

397 5175 501 5241 coms
524 5182 556 5240 te
579 5175 621 5240 ad
637 5181 749 5262 partes
764 5174 937 5239 Alamanie
962 5194 1020 5259 pro
1043 5171 1128 5236 bono
1144 5192 1254 5237 earum
1279 5178 1366 5237 statu
1390 5178 1423 5237 et
1446 5172 1585 5236 ecclesie
1609 5191 1647 5236 ac
1664 5170 1790 5255 imperii
1807 5171 1940 5254 negotio

289 5279 510 5366 promovendo
535 5278 575 5344 de
600 5279 735 5343 fratrum
759 5285 944 5343 nostrorum
967 5277 1102 5341 consilio
1126 5276 1339 5358 destinemus,
1366 5276 1515 5340 volentos
1539 5274 1649 5360 aliqua
1672 5272 1729 5336 tibi
1746 5271 1939 5352 concedere,

702 5437 894 5444 ——-..
1042 5435 1110 5441 --..-

393 5539 416 5603 ¹⁴)
453 5541 486 5605 cf.
505 5540 563 5593 Lib.
582 5539 628 5604 VI,
646 5557 699 5591 eur.
717 5543 758 5590 dd.
847 5535 871 5602 ¹³)
891 5555 959 5589 cuno
977 5545 1069 5603 quarto
1089 5537 1157 5590 deest
1174 5536 1206 5587 Ii.
1295 5537 1318 5601 0)
1337 5537 1370 5603 cf.
1390 5535 1447 5586 Lib.
1467 5535 1513 5598 VI,
1531 5537 1635 5586 σωκῶ.
1723 5530 1747 5599 t¹)
1765 5535 1799 5600 cs.
1817 5533 1874 5586 Lic.
1895 5529 1940 5597 VI,

289 5641 343 5675 nir.
358 5629 397 5676 51.
467 5625 490 5688 θ)
509 5627 544 5691 cf.
564 5623 685 5688 Iconi,
703 5620 869 5690 cur.18[‘2’]
951 5620 970 5688 ἲ)
988 5624 1141 5690 patientium
1158 5623 1203 5684 B.;
1220 5624 1258 5673 ito
1275 5623 1350 5674 ctiam
1368 5624 1384 5673 3
1401 5629 1423 5672 st
1442 5620 1540 5686 Ilerger
1555 5623 1632 5671 3009.
1720 5621 1745 5678 Β)
1764 5623 1796 5686 os.
1818 5617 1874 5670 Lib.
1894 5617 1941 5684 111,

290 5731 343 5764 corr.
363 5717 395 5764 67
413 5709 458 5778 [2]
477 5719 499 5762 et
519 5711 574 5762 Lib.
589 5711 641 5776 XI,
659 5731 712 5766 cur.
733 5721 760 5764 11
779 5707 833 5780 [3].

1678 5799 1733 5850 29*
