4328 6232
200 343 264 407 414
756 335 804 392 EX
822 334 1041 393 Innocuam
1060 333 1099 390 1v
1117 332 1300 392 anolsvuo

199 515 317 579 ceteris
346 512 539 600 profundius
566 511 766 598 ingemiscit,
797 533 860 597 que
891 513 1077 600 peculiares
1107 511 1207 591 filios,
1238 509 1386 576 eiusdem
1414 509 1507 595 regni
1534 507 1690 577 videlicet
1720 511 1862 591 incolas,

200 639 282 703 quos
306 616 348 682 ad
370 619 546 703 ingenuam
569 623 732 702 genuerat
754 617 952 695 libertatem,
975 615 1065 682 videt
1082 616 1239 701 agremio
1256 620 1404 680 materne
1420 615 1658 680 communionis
1673 617 1863 682 abstractos

199 721 281 786 duro
309 722 438 786 vinculo
470 721 665 806 mancipari,
697 728 734 785 ut
760 742 826 785 non
857 721 963 785 minus
990 720 1064 784 illos
1094 725 1241 784 conterat
1261 719 1432 805 impressio
1456 721 1620 805 tyrampni
1642 722 1792 807 urgentis
1817 720 1861 785 ad

200 846 302 889 onera
324 825 469 904 insueta,
503 845 600 909 quam
626 824 701 887 olim
724 823 809 887 filios
832 823 937 889 lsrael
961 823 1116 909 presserit
1137 822 1348 887 inclementia
1370 821 1560 887 Pharaonis.
1605 823 1747 911 Propter
1768 824 1862 911 quod

200 933 314 992 contra
337 949 422 1006 eum,
446 949 544 1012 quem
566 927 737 990 innumera
758 932 869 1011 preter
892 927 953 990 hec
978 926 1064 990 mala
1087 924 1128 990 ab
1152 925 1285 989 honoris
1311 925 1361 989 sui
1386 926 1528 990 culmine
1551 924 1752 1008 deiecerunt,
1777 929 1860 1014 quia
1931 950 1944 985 s

200 1033 320 1115 inquo
344 1033 469 1117 positus
494 1037 584 1094 esset
606 1029 709 1114 gradu
734 1030 909 1094 eminentie
932 1030 1039 1094 factus
1064 1029 1222 1114 insipiens
1247 1049 1311 1092 non
1334 1030 1484 1114 agnovit,
1516 1052 1554 1095 ac
1576 1031 1724 1096 fautores
1752 1034 1862 1118 ipsius

202 1135 402 1198 induendum
426 1141 477 1197 est
500 1135 562 1197 zeli
585 1134 721 1218 pallium
744 1133 785 1196 ad
808 1132 985 1197 vindictam
1015 1138 1049 1195 et
1079 1133 1112 1195 in
1142 1135 1373 1217 oppressorum
1404 1132 1598 1218 presidium,
1629 1157 1766 1221 quorum
1799 1159 1862 1200 nos

200 1237 411 1323 interpellant
434 1257 545 1301 amara
567 1238 716 1321 suspiria,
747 1235 913 1321 potentius
936 1235 1190 1320 adsurgendum,
1222 1241 1259 1299 ut
1282 1242 1438 1301 excutere
1461 1258 1560 1322 grave
1584 1239 1697 1325 iugum
1720 1241 1862 1305 dominii

202 1349 234 1405 et
262 1344 294 1405 in
326 1343 512 1406 libertatem
545 1361 719 1425 resurgere
743 1341 875 1404 valeant
902 1340 1041 1403 filiorum
1074 1361 1112 1403 ac
1142 1340 1280 1424 singulis
1310 1339 1434 1425 proprii
1463 1345 1569 1405 status
1599 1344 1687 1427 prior
1715 1345 1862 1409 conditio

200 1446 405 1509 reformetur.
455 1444 507 1507 Ad
536 1445 596 1507 hoc
626 1450 736 1508 autem
768 1443 936 1507 invitanda
974 1449 1049 1507 sunt
1083 1443 1231 1507 subsidia
1266 1450 1427 1530 oportuna
1459 1443 1618 1526 fidelium,
1650 1446 1731 1511 tuba
1762 1449 1860 1513 verbi
1918 1467 1945 1504 ιο

203 1550 308 1612 crucis
333 1548 459 1611 vivifice
490 1548 587 1611 altius
616 1548 710 1610 solito
740 1548 925 1625 intonante,
956 1553 990 1611 et
1018 1553 1133 1611 contra
1164 1547 1399 1632 tyrampnicam
1427 1547 1593 1613 feritatem
1620 1552 1739 1614 summi
1771 1553 1862 1637 regis

204 1653 299 1736 signa
332 1652 478 1715 victricia
513 1650 724 1736 explicanda,
760 1651 792 1713 in
828 1651 946 1735 quibus
984 1651 1109 1715 conteri
1138 1651 1244 1714 solent
1274 1651 1408 1735 maligni
1440 1651 1656 1738 superbarum
1690 1657 1862 1720 exercitus

201 1759 412 1840 potestatum.

312 1858 472 1931 Quocirca
495 1856 704 1937 mandamus,
735 1858 888 1942 quatinus
912 1862 1025 1921 contra
1049 1864 1264 1921 memoratum
1286 1856 1340 1922 Fr.
1364 1857 1397 1920 in
1422 1855 1527 1938 Urbe,
1551 1857 1734 1946 Campania
1757 1871 1862 1948 atque

202 1960 368 2026 Maritima
396 1961 526 2047 publice
554 1961 705 2047 predices
739 1968 773 2025 et
799 1961 989 2045 frequenter
1018 1982 1055 2025 ac
1085 1982 1145 2047 per
1170 1961 1257 2024 viros
1287 1959 1423 2025 idoneos
1457 1961 1620 2047 predicari
1653 1963 1756 2030 facias
1793 1967 1859 2030 sol·
1917 1994 1941 2031 rs

202 2066 379 2151 lempniter
409 2065 543 2129 verbum
574 2066 693 2145 crucis,
726 2064 822 2149 illam!
845 2066 907 2147 eis,
937 2066 991 2150 qui
1023 2072 1137 2130 contra
1165 2064 1306 2129 eundem
1328 2063 1365 2128 F.
1389 2065 1422 2128 in
1446 2066 1628 2130 subsidium
1652 2069 1796 2135 ecclesie
1819 2070 1862 2135 ad

203 2169 436 2234 eliminandam
461 2169 501 2232 de
526 2189 627 2253 regno
653 2175 834 2233 memorato
859 2168 1042 2256 perfidiam,
1071 2171 1112 2233 ab
1142 2169 1262 2233 infecto
1289 2168 1398 2254 capite
1425 2169 1457 2233 in
1486 2169 1624 2236 menbra
1652 2173 1862 2238 subiacentis

202 2272 411 2350 defluentem,
436 2279 468 2336 et
484 2271 606 2336 ibidem
623 2274 797 2358 pristinum
816 2275 939 2337 cultum
955 2273 1032 2337 fidei
1055 2271 1272 2358 reparandum
1297 2272 1368 2337 zelo
1392 2271 1518 2336 fervido
1541 2275 1729 2338 curaverint
1752 2279 1862 2341 crucis

202 2378 351 2462 insigniri
368 2384 545 2455 caractere,
570 2379 766 2442 auctoritate
783 2385 896 2442 nostra
912 2377 1097 2442 concedens
1114 2379 1242 2441 veniam
1258 2383 1478 2461 peccatorum,
1495 2397 1559 2461 que
1575 2378 1862 2462 proficiscentibus

203 2482 232 2544 in
250 2479 352 2545 Terre
370 2480 490 2545 Sancte
508 2481 688 2545 subsidium
704 2483 736 2545 in
752 2483 898 2566 generali
923 2480 1060 2544 concilio
1085 2487 1136 2544 est
1159 2501 1326 2559 concessa,
1348 2501 1387 2544 ac
1410 2479 1604 2545 denuntians
1629 2483 1861 2570 sollempniter
1910 2512 1935 2550 a

204 2585 432 2648 nichilominus
457 2593 490 2650 et
512 2586 659 2649 faciens·
682 2586 823 2649 nuntiari
848 2583 989 2649 eundem
1012 2583 1049 2647 F.
1074 2606 1112 2648 ac
1136 2605 1250 2648 omnes
1278 2583 1394 2647 dantes
1424 2583 1454 2648 ei
1483 2586 1671 2665 consilium,
1699 2588 1861 2652 auxilium

203 2690 255 2752 vel
279 2690 423 2753 favorem
447 2691 479 2753 in
502 2691 652 2775 personis
676 2691 728 2753 vel
753 2691 861 2767 rebus,
885 2690 1053 2774 publicum
1076 2691 1130 2753 vel
1154 2690 1328 2769 occultum,
1352 2690 1698 2755 excommunicationis
1721 2713 1742 2756 a
1765 2694 1861 2758 nobis

203 2792 333 2857 vinculo
362 2793 550 2871 innodatos,
587 2814 714 2857 necnon
746 2801 780 2857 ot
807 2794 995 2857 universum
1026 2814 1164 2877 regnum
1193 2792 1322 2868 Sicilie,
1358 2791 1513 2877 quamdiu
1543 2793 1651 2858 eidem
1679 2795 1860 2871 adheserit,

205 2896 429 2962 ecclesiastico
454 2898 658 2981 suppositum
683 2897 867 2962 interdicto.
912 2898 1060 2961 Prolatos
1085 2918 1213 2981 quoque
1236 2918 1365 2961 necnon
1389 2904 1423 2961 et
1449 2897 1586 2962 clericos
1615 2920 1729 2965 omnes
1765 2923 1857 2967 secu-

203 3001 291 3063 lares
322 3000 374 3062 vel
407 3001 639 3084 cuiuscumque
674 3001 841 3086 religionis
878 3002 1021 3086 speciem
1056 3000 1302 3088 pretendentes,
1336 3001 1391 3085 qui
1421 3001 1638 3086 prolationes,
1672 3002 1859 3087 dignitates,
1907 3026 1943 3066 sa

204 3102 390 3187 prebendas
425 3104 478 3166 vel
516 3103 662 3187 quelibet
698 3105 762 3167 alia
805 3105 1033 3169 ecclesiastica
1071 3105 1233 3169 beneficia
1270 3126 1330 3191 per
1366 3105 1510 3168 favorem
1550 3105 1697 3171 eiusdem
1731 3106 1770 3170 F.
1804 3129 1859 3171 seu

204 3208 426 3270 ministrorum
449 3209 550 3293 ipsius
574 3210 722 3295 recipere
746 3215 1018 3294 presumpserunt
1041 3210 1160 3294 quique
1184 3208 1230 3272 illi
1253 3209 1417 3273 orationes
1442 3217 1475 3273 et
1498 3208 1613 3272 laudes
1637 3209 1768 3295 aliaque
1799 3212 1861 3275 sibi

205 3317 278 3396 post
301 3309 517 3375 deiectionem
541 3313 644 3397 ipsius
668 3312 777 3375 divina
800 3313 1047 3397 prophanarunt
1071 3312 1189 3391 officia,
1218 3332 1260 3375 ne
1284 3311 1461 3376 dixerimus
1483 3312 1706 3392 celebrarunt,
1734 3334 1860 3378 necnon

205 3421 238 3478 et
262 3415 347 3494 illos,
371 3415 426 3500 qui
450 3423 579 3502 sumpta
602 3416 802 3501 malignandi
825 3416 957 3481 audatia
979 3417 1011 3479 in
1037 3436 1223 3495 conservos,
1248 3415 1420 3499 religiosos
1442 3416 1541 3496 viros,
1565 3416 1662 3492 facto,
1691 3426 1860 3503 precepto,

205 3518 343 3582 consilio
371 3520 423 3583 vel
452 3518 643 3584 defensione
675 3521 882 3604 proturbatos
911 3521 1047 3584 exulare
1072 3541 1092 3583 a
1113 3519 1254 3605 propriis
1278 3517 1501 3583 mansionibus
1528 3520 1772 3604 compulerunt,
1802 3541 1858 3585 eos
1905 3548 1979 3586 aa

204 3622 319 3702 etiam,
348 3623 403 3706 qui
431 3630 545 3687 contra
574 3625 747 3688 ecelesiam
776 3625 830 3689 vel
858 3625 998 3688 ecclesie
1031 3624 1229 3688 adherentes
1257 3623 1389 3707 proprie
1418 3622 1631 3708 professionis
1654 3622 1747 3687 obliti
1771 3645 1861 3688 arma

204 3733 423 3810 sumpserunt,
447 3725 618 3792 denunties
643 3735 676 3791 et
699 3728 802 3792 facias
827 3729 967 3791 nuntiari
992 3749 1056 3792 non
1074 3728 1178 3790 solum
1195 3727 1526 3790 excommunicationi
1542 3726 1722 3807 subiectos,
1746 3748 1860 3791 verum

203 3831 301 3893 etiarn
335 3830 481 3915 privatos
515 3831 633 3895 officiis
669 3853 707 3895 ac
741 3831 955 3917 dignitatibus
990 3839 1023 3896 et
1057 3830 1228 3895 beneficiis
1262 3836 1423 3916 perpetuo
1460 3828 1654 3908 destitutos,
1694 3830 1861 3915 inquirens

204 3933 434 3997 nichilominus
459 3935 510 3997 vel
538 3957 598 4021 per
625 3937 745 4000 famam
774 3937 814 4001 de
844 3937 994 4022 prelatis,
1025 3936 1080 4020 qui
1110 3933 1217 3999 eidem
1240 3933 1277 3996 F.
1302 3933 1554 4018 dampnabiliter
1585 3931 1801 4005 adherentes.
1831 3935 1860 3999 si

203 4041 349 4121 prestant
376 4038 547 4102 consilium
570 4041 623 4104 vol
652 4041 813 4122 favorem,
845 4049 881 4104 ut
908 4046 1023 4104 contra
1050 4040 1141 4125 ipsos
1173 4037 1214 4101 ad
1237 4043 1397 4123 perpetue
1420 4035 1636 4123 depositionis
1659 4039 1859 4103 sententiam

205 4139 409 4227 procedatur.

312 4244 399 4310 Sane
429 4246 578 4310 volentes
611 4246 759 4312 eiusdem
788 4248 878 4332 regni
907 4247 1044 4333 populos
1076 4245 1250 4331 pronuntio
1283 4242 1540 4308 denuntiationis
1571 4243 1756 4329 apostolice
1786 4265 1861 4331 prc-

205 4349 345 4429 moneri,
376 4357 412 4413 ut
439 4371 512 4414 curn
536 4351 624 4414 salus
648 4351 696 4414 eis
720 4349 906 4414 desiderate
935 4349 1140 4414 liberationis
1171 4348 1357 4427 advenerit,
1391 4368 1454 4432 quc
1482 4347 1562 4432 ipsis
1589 4367 1650 4432 per
1678 4349 1863 4434 apostolice

204 4452 290 4516 sedis
314 4453 567 4518 sollicitudinem
596 4452 789 4532 destinatur,
818 4453 1077 4530 inexcusabiles,
1108 4453 1137 4516 si
1165 4473 1240 4516 eam
1269 4456 1420 4536 proterve
1450 4452 1652 4536 respuerint,
1686 4459 1744 4514 aut
1774 4473 1862 4516 com-

203 4555 419 4637 mendabiles,
449 4559 476 4621 si
506 4579 579 4622 eam
602 4558 783 4642 prudenter
805 4558 1024 4643 susceperint,
1054 4556 1253 4621 habeantur:
1282 4554 1412 4641 publice
1441 4552 1640 4644 proponas*¹
1657 4561 1693 4618 et
1719 4558 1861 4643 proponi

203 4660 320 4740 facias,
349 4661 500 4745 quotiens
529 4661 665 4726 verbum
694 4663 800 4725 crucis
829 4663 1025 4726 seminatum
1054 4661 1153 4725 fuerit
1181 4660 1213 4723 in
1237 4659 1372 4723 auribus
1395 4657 1604 4745 populorum,
1633 4657 1721 4742 quod
1745 4661 1860 4746 sique

203 4765 353 4828 civitates
376 4764 429 4828 vel
453 4765 588 4850 oppida,
619 4766 757 4829 comites
781 4767 832 4829 vel
856 4766 1012 4844 barones,
1043 4764 1174 4828 nobiles
1203 4769 1261 4827 aut
1288 4763 1424 4841 milites,
1457 4763 1545 4825 cives
1575 4761 1645 4826 sive
1674 4765 1861 4851 municipes

203 4867 255 4931 vel
282 4869 347 4932 alie
375 4887 581 4954 quecumque
608 4869 710 4956 ipsius
739 4870 832 4953 regni
861 4891 1001 4954 persone
1030 4868 1155 4953 absque
1185 4867 1378 4931 difficultate
1408 4865 1459 4930 vel
1487 4885 1577 4928 mora
1606 4887 1626 4930 a
1649 4867 1801 4952 sepefato
1825 4868 1861 4932 Il.

203 4972 338 5057 suisque
374 4972 588 5057 complicibus
617 4972 749 5057 penitus
778 4971 971 5037 recedentes
999 4993 1035 5036 se
1063 4970 1217 5036 fidelibus
1246 4971 1280 5034 in
1310 4971 1436 5056 gremio
1476 4971 1588 5034 matris
1622 4971 1765 5038 ecclesie
1803 4993 1862 5059 per

202 5083 385 5160 promptam
409 5074 576 5140 fidelitatis
599 5076 821 5141 obedientiam
845 5077 1031 5140 curaverint
1053 5075 1209 5155 adunare,
1231 5074 1272 5139 de
1296 5075 1433 5139 consilio
1455 5075 1592 5139 fratrum
1616 5081 1802 5141 nostrorum
1819 5075 1860 5141 ad

202 5181 291 5244 illam
328 5180 504 5264 tranquille
539 5179 699 5243 libertatis
728 5180 935 5245 dulcedinem
968 5201 1028 5244 nos
1064 5201 1121 5245 eos
1150 5178 1347 5245 adducturos
1381 5180 1614 5266 promittimus,
1649 5200 1714 5265 qua
1744 5181 1860 5246 fideles

202 5284 342 5348 ecclesie
376 5283 538 5369 speciales
574 5283 606 5346 in
641 5285 713 5349 sinu
748 5285 820 5349 eius
855 5284 1003 5349 suaviter
1035 5283 1259 5364 confoventur,
1298 5282 1367 5368 iugi
1400 5282 1529 5347 servilis
1563 5291 1597 5348 et
1628 5281 1861 5349 dominationis

310 5461 323 5466 ..
333 5461 366 5466 -
379 5459 511 5466 ——--—-—-
534 5460 556 5466 -
566 5459 1118 5467 --—.—.-——.—-—-———

308 5602 334 5658 ⁸)
353 5599 432 5649 {seina
449 5597 481 5650 Il.
586 5596 612 5661 b)
630 5597 746 5649 volentos
764 5623 798 5633 -
816 5612 942 5665 proponas
959 5594 1008 5660 13.‚·
1028 5597 1119 5663 quibas
1136 5598 1219 5651 verbis
1234 5597 1356 5664 inceperit
1372 5598 1483 5665 scriptor
1500 5598 1593 5650 oblim
1609 5614 1663 5651 esse
1679 5598 1787 5651 staur.
