4798 6332
203 4957 231 4995 ab

204 5455 231 5494 ⁴⁰

843 425 1044 482 nrlsronnu
1061 427 1250 484 SELEGTAE.
1287 427 1362 484 1246.
1870 435 1930 496 165

276 603 382 668 venire
403 603 581 684 mnesilai,
612 600 679 668 nisi
698 599 780 682 ferte
801 598 978 685 H[enrieo]
998 601 1066 684 regi
1087 598 1302 666 Ramnornm
1330 603 1395 666 tam
1411 603 1554 684 polenta
1575 600 1719 684 assistat,
1747 605 1783 666 nt
1804 603 1840 666 in
1862 602 1931 668 illis

272 705 422 790 parabus
442 725 604 772 recanere
625 705 742 773 debeat.
1616 709 1710 785 1246,
1732 705 1796 772 Iul.
1813 707 1842 772 5.

333 869 338 878 .
381 826 446 881 Ina.
458 826 509 882 IV
522 826 586 898 Rea.
605 825 660 883 Vol
674 825 697 897 L
710 831 775 894 4183
792 824 853 882 aa.
869 825 925 896 IV,
943 841 1001 882 aar.
1013 832 1053 882 21.

382 913 563 982 Baryerttti.

529 1111 568 1134 ..
598 1059 738 1133 electo
766 1056 1061 1147 Ferrariensi
1088 1056 1336 1149 apostouce
1363 1056 1675 1150 sedislegato.

387 1204 470 1271 Oum
500 1208 684 1274 venerabili
714 1207 807 1272 iratri
836 1211 947 1272 nostro
978 1252 1014 1271 ..
1043 1204 1322 1291 Megdeburgensi
1355 1205 1599 1293 archiepiscopo
1628 1205 1778 1272 districte
1809 1208 1931 1273 nostris

279 1308 397 1373 litteris
420 1309 641 1398 iniungamus,
663 1315 701 1375 ut
724 1309 766 1375 ed
788 1310 987 1396 presentiam
1010 1315 1154 1376 nostram
1177 1311 1262 1376 infre
1286 1311 1382 1377 unius
1405 1312 1526 1377 mensis
1550 1311 1692 1398 spatium
1714 1317 1789 1397 post
1814 1331 1930 1398 recep·

279 1412 400 1478 tionem
423 1433 535 1478 earum
557 1414 777 1500 personaliter
797 1411 957 1479 accedere
979 1434 1046 1479 non
1061 1419 1250 1502 postponat,
1273 1415 1424 1480 volumus
1440 1420 1474 1481 et
1489 1415 1692 1500 presentium
1708 1414 1768 1478 tibi
1787 1414 1930 1479 auotori-

280 1519 349 1580 tate
372 1516 581 1598 mandamus,
605 1517 758 1603 quatinus
781 1515 924 1583 eundem
947 1516 1245 1604 archiepiscopum,
1268 1517 1331 1582 nisi
1353 1517 1438 1582 forte
1462 1517 1630 1582 carissimo
1653 1517 1686 1581 in
1709 1515 1840 1582 Christo
1863 1517 1931 1582 filio

280 1626 393 1684 nostro
408 1618 451 1684 H.
468 1619 587 1685 illustri
602 1619 824 1687 Romanorum
839 1619 910 1705 regi
933 1620 979 1684 sic
1001 1624 1155 1706 potenter
1175 1620 1331 1685 assistere
1347 1619 1479 1687 studeat
1494 1627 1527 1685 et
1543 1626 1703 1708 patenter,
1726 1626 1762 1685 ut
1778 1620 1931 1686 instantis

280 1722 403 1807 negotii
431 1723 575 1789 utilitate
603 1730 755 1809 pensate,
785 1720 873 1807 qnod
901 1723 934 1786 in
962 1722 1027 1787 illis
1055 1728 1225 1788 remaneat
1252 1721 1415 1809 partibus,
1447 1723 1490 1788 sit
1516 1724 1635 1789 merito
1665 1723 1931 1810 permittendum,

280 1827 392 1893 venire
418 1827 503 1892 inira
525 1827 647 1892 dictum
671 1827 812 1915 spatium
835 1826 878 1891 ad
900 1827 1114 1914 apostolicam
1143 1826 1273 1908 sedem,
1302 1847 1537 1912 responsurum
1565 1846 1664 1912 super
1694 1826 1931 1913 omnibusque

281 1931 448 2016 proposita
470 1931 642 1997 extiterint
666 1935 780 1996 contra
802 1930 920 2016 ipsum,
946 1928 1212 2016 [percensuram
1240 1929 1533 2012 ecclesiasticam]⁸
1556 1929 1776 2015 appellatione
1805 1936 1932 1995 remota

280 2035 483 2119 compellasl
506 2071 548 2082 -
567 2056 633 2100 non
656 2035 808 2100 obstante
832 2032 919 2120 sadis
943 2031 1091 2098 eiusdem
1113 2032 1332 2118 indulgentia,
1356 2031 1383 2097 si
1407 2052 1503 2117 quam
1526 2031 1638 2113 habet,
1661 2031 1746 2117 quod
1770 2031 1931 2110 interdici,

282 2137 437 2222 suspendi
461 2144 495 2202 et
517 2138 793 2203 excommunicari
815 2156 880 2201 non
903 2137 1009 2223 possit
1031 2138 1103 2202 sine
1127 2137 1262 2224 speciali
1285 2136 1374 2202 sedis
1397 2137 1499 2222 ipsius
1526 2135 1694 2211 mandato,
1725 2137 1866 2201 iaciente
1890 2135 1931 2199 de

280 2239 342 2303 hac
363 2238 571 2327 indulgentia
593 2242 804 2306 mentionem.

387 2358 464 2427 Dat.
487 2365 523 2425 ut
546 2381 656 2447 supra.

1062 2813 1149 2888 m.

384 2929 603 3023 Innocentius
617 2953 643 3017 I
644 2951 673 3017 V
676 2973 769 3034 papa
783 2952 973 3039 [Philippo]
988 2954 1080 3020 aeae
1094 2953 1307 3034 Ferraricnsi,
1331 2955 1518 3035 apostaticae
1533 2955 1616 3020 sedis
1631 2955 1740 3038 legato,
1763 2957 1932 3033 earnmittit,

281 3061 317 3120 nt
338 3057 367 3122 si
388 3057 524 3122 instanti
544 3056 666 3140 negotio
687 3057 831 3122 ambasiae
852 3062 883 3122 ct
902 3057 1030 3138 imperii
1051 3056 1210 3138 expediat,
1233 3057 1481 3138 dispensatorem
1506 3058 1709 3145 menardo]
1729 3059 1766 3124 de
1786 3059 1934 3127 Waasen-

282 3161 353 3242 bora
375 3164 404 3226 ct
425 3159 592 3228 Elisabeth
613 3159 724 3225 relicta
738 3159 958 3245 [lbeodena]
972 3161 1179 3243 primogeniti
1197 3160 1398 3244 [Theoderici
1416 3161 1459 3246 V]
1480 3164 1600 3228 cernitis
1617 3161 1780 3242 Oliocnsis,
1802 3167 1846 3240 nt,
1868 3183 1932 3227 nan

280 3265 421 3330 obstante
443 3265 534 3330 tortio
555 3263 842 3348 consanguinitatis
862 3262 975 3347 prada
996 3265 1033 3328 in
1054 3264 1255 3330 mammio
1276 3268 1434 3330 connecto
1455 3285 1616 3330 remanere
1631 3267 1767 3347 perant.

1616 3371 1710 3448 1246,
1732 3367 1798 3436 Iul.
1815 3370 1845 3433 5.

383 3450 1038 3522 mmmmmmmmmn

384 3537 482 3608 Rapa
499 3545 569 3595 resa.

1009 3642 1211 3723 ffimffl.

387 3799 441 3865 Ex
463 3805 557 3886 parte
579 3799 698 3864 nobilis
721 3799 782 3863 viri
806 3796 846 3864 G.
870 3797 911 3862 da
926 3796 1176 3883 Wassenberge
1199 3797 1293 3862 nobis
1318 3797 1429 3863 extitit
1452 3799 1681 3885 supplicatum,
1704 3804 1740 3863 ut
1763 3819 1836 3864 cum
1860 3799 1933 3885 ipse

280 3903 426 3969 nobilem
448 3903 620 3968 mulierem
642 3901 830 3983 Elisabeth,
860 3901 1010 3967 relictam
1033 3901 1198 3986 quondam
1223 3949 1255 3965 ..
1278 3901 1489 3986 primogeniti
1520 3901 1637 3966 nobilis
1665 3902 1726 3966 viri
1749 3952 1781 3969 ..
1805 3901 1933 3966 comitis

281 4005 464 4086 Olevensis,
480 4007 577 4072 tortio
595 4007 659 4071 sibi
674 4003 970 4090 consanguinitatis
992 4004 1097 4090 gradu
1116 4003 1322 4070 coniunctam
1332 4001 1355 4084 ²,
1373 4003 1506 4071 duxerit
1521 4005 1556 4069 in
1572 4025 1719 4086 uxorem,
1741 4005 1934 4092 dispensare

283 4132 357 4176 curu
388 4111 449 4193 eis,
485 4109 573 4197 quod
604 4111 638 4175 in
668 4108 874 4174 matrimonio
906 4109 954 4174 sic
985 4113 1150 4173 contrecto
1183 4107 1311 4195 possint
1341 4108 1430 4174 licite
1462 4128 1645 4190 remanere,
1680 4107 1936 4174 misericorditer

283 4234 485 4281 curaremus.
528 4212 653 4280 Verum
675 4213 754 4299 quie
776 4211 943 4277 nonnullis
972 4212 1191 4277 referentibus
1219 4211 1460 4294 intelleximus,
1488 4212 1576 4298 quod
1598 4232 1698 4298 grave
1721 4217 1936 4297 generaretur

177 4337 180 4346 ·
283 4320 483 4400 scandalum,
506 4318 534 4383 si
557 4315 671 4407 [ιιοιι]ει
695 4317 902 4403 contingeret
918 4337 1018 4402 super
1032 4315 1218 4382 huiusmodi
1233 4315 1439 4380 matrimonio
1453 4305 1647 4402 dispensari,
1670 4337 1731 4381 nos
1746 4313 1936 4380 discretioni

283 4429 340 4488 tue
362 4416 565 4510 pr'esentium
589 4423 784 4488 auctoritate
803 4420 1067 4503 committimus,
1099 4426 1136 4485 ut
1164 4439 1263 4506 super
1289 4417 1352 4483 hoc
1380 4419 1574 4484 auctoritate
1605 4425 1717 4484 nostra
1744 4418 1935 4504 dispensare

283 4529 405 4610 valeas,
428 4527 458 4593 si
481 4525 602 4593 viderie
624 4526 757 4592 instanti
780 4525 914 4612 negotio
937 4524 1078 4590 ecclesie
1102 4544 1140 4590 ac
1163 4521 1292 4609 imperii
1316 4520 1482 4609 expedire.

392 4647 471 4715 Dat.
493 4655 531 4714 ut
553 4647 683 4736 suprai.

387 4941 412 5008 ⁸)
430 4941 493 4996 baec
512 4943 591 4998 cerba
611 4943 703 4996 dammi
714 4942 745 4995 P.
764 4949 788 4995 et
799 4941 832 4994 B.
839 4977 847 5005 ,
873 4941 918 4994 aad
939 4957 971 4995 aa
991 4941 1031 4993 oet
1052 4938 1148 4992 anania
1164 4937 1249 5005 udaie
1267 4937 1413 5006 appendo
1429 4946 1496 4991 runt.
1583 4935 1610 5003 b)
1626 4937 1752 4992 maadi
1767 4955 1793 4989 a.
1812 4939 1863 4990 204
1876 4935 1935 4988 III.

283 5027 307 5096 ο)
319 5025 457 5098 Weseenlg
466 5029 492 5081 B
577 5026 603 5094 ἃ)
621 5047 673 5084 non
691 5029 759 5082 aar
774 5027 807 5080 B.

387 5183 413 5248 1)
446 5181 565 5254 aqna
590 5182 746 5237 audardate
773 5181 856 5236 baino
880 5196 920 5250 ep.
946 5179 1076 5234 nimirem
1101 5182 1159 5232 tans
1185 5175 1289 5231 mnne
1315 5175 1451 5245 macedon
1473 5175 1572 5246 debuit,
1604 5193 1664 5232 mni
1688 5192 1725 5245 ep.
1747 5175 1936 5231 antecedentan

282 5265 472 5336 mobiepucopa
489 5268 682 5324 benennam
761 5269 790 5334 2)
807 5267 936 5322 &annae
965 5264 1121 5322 eamean
1140 5263 1172 5317 de
1194 5263 1246 5331 W,
1267 5262 1431 5330 Gabardin,
1451 5262 1588 5317 Heruicas
1605 5262 1660 5317 ΙΠ
1676 5262 1735 5316 dna
1757 5262 1790 5315 de
1808 5261 1938 5330 Idnbm

284 5382 317 5392 -
335 5353 472 5410 Hernicus
489 5355 528 5409 II
539 5385 572 5396 -
596 5354 750 5424 Mamaea
772 5359 795 5410 et
814 5352 974 5420 Gowmdna
991 5351 1046 5406 HI
1063 5351 1122 5406 drea
1139 5349 1315 5418 Brabarabe,
1340 5349 1476 5405 Hmnnn
1493 5348 1522 5416 I,
1544 5348 1690 5403 Elisabeth.
1769 5349 1797 5416 3)
1815 5348 1851 5401 A.
1864 5353 1936 5415 1247,

285 5439 382 5507 ΑΜ
398 5439 504 5495 abbani
524 5440 557 5496 G.
573 5441 674 5496 danirti
690 5441 724 5494 de
741 5439 932 5494 Wasainberob
944 5437 1051 5494 Raram
1068 5436 1100 5491 de
1115 5435 1233 5490 stoicae
1246 5435 1404 5506 presbytero,
1420 5433 1553 5501 sandari
1569 5435 1634 5503 eins,
1651 5434 1779 5488 nonnam
1797 5433 1937 5488 maedam

283 5525 399 5582 wdecim
415 5526 532 5592 wafari
547 5527 642 5594 iussit·
659 5527 756 5596 Bucar
772 5531 846 5581 2513.
