4328 6232
753 351 799 407 EX
818 349 1035 406 muscentii
1053 349 1092 404 tv
1111 349 1293 406 REGISTRO

302 748 522 839 Innocentius
552 775 574 838 l
579 774 605 837 V
631 795 720 855 ympni
748 773 916 858 [Nicotoo]
949 772 1089 854 episcopo
1117 774 1277 857 Propcnsi
1313 781 1342 837 ct
1370 773 1590 838 Broinioocnsi
1624 777 1653 837 et
1680 772 1853 859 [Itoliorto]

201 880 392 947 Grudiccnsi
414 878 579 943 obtutibus
601 880 740 956 iiiornlot,
762 882 798 942 at
822 877 1002 944 Conradnin
1024 879 1208 943 serraricum
1230 877 1525 957 Hildesticnrensem,
1547 878 1584 942 in
1605 879 1765 944 ecclsiam
1782 879 1852 944 on

201 1004 372 1050 iitocensern
397 984 561 1060 intrusum,
584 983 640 1064 qai
660 982 774 1047 maros
794 1002 857 1045 non
879 983 1006 1059 cenent,
1024 983 1233 1063 peremptorie
1256 983 1358 1061 citent,
1381 987 1417 1047 at
1438 983 1475 1046 in
1491 981 1577 1069 festo
1599 982 1681 1048 beriti
1695 983 1853 1049 Iohannis

199 1088 367 1169 Baptistae
390 1087 537 1167 prosimu
559 1086 768 1166 personaliter
794 1106 895 1149 coram
920 1106 1008 1168 popa
1038 1091 1223 1166 corriperent.
1251 1123 1292 1133 —
1321 1085 1451 1151 Eisdem
1477 1086 1637 1170 sipnificat
1661 1105 1695 1151 se
1722 1086 1853 1152 enodem

203 1188 384 1255 Concedam
407 1188 656 1270 suspendentem
678 1193 706 1253 et
728 1189 809 1253 torio
831 1189 973 1253 ecclesiae
996 1188 1208 1254 Otornnccnsis
1230 1189 1455 1272 sequestranda
1476 1188 1614 1268 deense
1638 1189 1798 1255 mactans
1818 1193 1853 1254 nt

200 1292 307 1356 eudoni
328 1292 484 1372 recipiant
505 1296 535 1355 et
556 1292 721 1375 ditipenter
742 1296 928 1358 conservent.
1479 1294 1573 1371 1245,
1594 1292 1698 1361 Mart.
1715 1297 1768 1359 11.

306 1412 369 1465 Irni.
386 1411 433 1463 IV
453 1411 515 1479 ch.
533 1412 587 1466 Vol.
606 1413 633 1479 I,
656 1421 712 1479 toln
737 1411 796 1467 Lis.
817 1413 862 1478 ΙΙ,
883 1420 936 1467 384
952 1419 975 1466 et
992 1420 1047 1467 385.
1085 1413 1218 1482 Exemplo
1236 1432 1254 1467 a
1274 1413 1388 1480 Boctete,
1412 1413 1477 1468 coc.
1500 1412 1565 1482 dipl.
1584 1412 1733 1481 Μοῐαιίιιι,
1758 1417 1777 1467 t.
1795 1411 1854 1478 Ill,

198 1515 227 1565 p.
240 1505 347 1563 stt-60,
364 1515 391 1550 n.
403 1505 434 1551 65
444 1503 468 1551 et
480 1505 512 1551 66
528 1497 608 1566 edita,
625 1499 673 1566 qni
690 1498 728 1551 oc
743 1499 898 1568 appropia
911 1499 1083 1568 Recentoricus
1100 1500 1282 1555 ceruanicam
1299 1517 1337 1569 ep.
1351 1500 1388 1553 ΙΙ
1400 1500 1431 1553 in
1447 1498 1554 1553 arduico
1569 1500 1649 1568 capit.
1663 1497 1778 1552 Olenus.
1793 1514 1854 1551 oon-

201 1589 333 1638 scrratnrn
349 1583 480 1649 adsiluit,
498 1600 557 1637 acm
577 1585 693 1653 ltcpcstis
710 1587 820 1639 malit
838 1587 865 1640 V.
878 1586 920 1640 Gi.
935 1589 968 1640 A.
983 1587 1063 1641 Μιιιι.

307 1669 438 1737 Portum,
456 1669 519 1738 Rep.
533 1676 612 1725 11588
629 1676 654 1725 et
671 1679 766 1739 risen
784 1673 882 1741 Repe
893 1678 957 1727 1123
973 1678 999 1727 et
1017 1679 1089 1728 1111.

1014 1847 1040 1911 Ι.

314 1953 547 2045 Episcopo
575 1954 801 2047 Pragensi
829 1962 871 2031 et
899 2013 937 2030 ..
966 1957 1292 2031 Breunovensi
1320 1964 1362 2032 et
1389 2014 1429 2033 ..
1459 1955 1741 2032 Gradicensi

409 2074 662 2166 Pragensis
690 2082 733 2150 et
759 2075 1086 2153 Olomneensis
1113 2078 1353 2153 diocesem
1380 2078 1647 2153 abbatibus

311 2204 560 2291 Exponentibus
596 2229 702 2273 coram
739 2209 832 2275 nobis
867 2208 1041 2300 Ilohanne]
1077 2213 1218 2289 decano,
1257 2209 1519 2298 B[ertholomeo]
1556 2209 1785 2275 archidiacono
1821 2216 1855 2274 et

204 2309 359 2393 magistro
389 2307 559 2398 I[ohanne]
591 2313 747 2377 canonico
777 2321 810 2378 et
837 2324 1072 2401 procuratore*
1101 2316 1328 2382 Olomucensis
1359 2316 1500 2381 ecclesie
1513 2317 1534 2389 ¹,
1569 2313 1655 2400 quod
1684 2311 1855 2377 Conradus

203 2413 377 2477 canonieus
393 2412 637 2495 lldesemensis,
662 2438 720 2500 pro
744 2439 783 2482 eo
807 2419 893 2503 qued
918 2421 950 2484 in
968 2419 1222 2487 Olomucensem
1248 2420 1421 2485 ecclesiam
1445 2442 1482 2485 se
1506 2416 1710 2506 procuravitb
1734 2414 1856 2480 intrudi

203 2524 237 2581 et
261 2538 295 2580 so
324 2517 409 2601 gerit
436 2539 494 2603 pro
519 2519 675 2605 episcopo
698 2522 730 2584 iu
754 2522 887 2589 eedem.
919 2525 983 2587 tuit
1006 2527 1199 2590 auctoritate
1223 2532 1336 2590 nostra
1358 2525 1492 2604 citatus,
1522 2530 1559 2586 ut
1580 2529 1692 2587 nostro
1717 2540 1753 2584 se
1777 2539 1856 2584 con·

204 2621 328 2708 spectui
351 2642 410 2706 per
433 2642 469 2685 se
494 2622 544 2685 vel
568 2630 819 2708 procuratorem,
849 2648 947 2711 snper
970 2629 1033 2692 hiis
1056 2628 1233 2693 secundum
1257 2629 1413 2693 iustitiam
1441 2647 1666 2713 responsurus,
1690 2621 1856 2709 ydoneum

203 2730 434 2808 presentaret0,
466 2745 577 2789 verum
607 2727 683 2812 quie
710 2728 795 2793 idern
825 2752 1018 2817 comparere
1047 2732 1205 2797 hactenus
1233 2754 1296 2797 non
1325 2732 1469 2810 curavit,
1500 2729 1621 2793 diutius
1650 2731 1856 2813 expectatus,

202 2825 409 2908 mandamus,
441 2830 591 2913 quatinus
619 2833 811 2897 auctoritate
841 2841 953 2898 nostra
983 2837 1201 2922 peremptorie
1226 2836 1334 2901 citetis
1358 2833 1514 2911 eundem,
1547 2831 1634 2897 utin
1657 2828 1744 2895 festo
1767 2829 1855 2894 beati

201 2927 355 2993 Iohannis
384 2929 536 3017 Baptiste
571 2935 719 3020 proximo
751 2932 860 3000 luturd
891 2939 1109 3022 personaliter
1140 2944 1329 3024 compareat
1359 2959 1467 3002 coram
1497 2935 1606 3015 nobis,
1643 2932 1791 2999 facturus
1822 2939 1856 2998 et
1909 2992 1921 3005 ,

202 3040 391 3120 recepturus
426 3034 511 3121 quod
546 3036 623 3101 ordo
657 3036 829 3102 dictaverit
863 3041 1009 3105 rationis.
1060 3040 1154 3116 Quod
1189 3048 1299 3107 autem
1336 3062 1435 3128 super
1469 3040 1532 3105 hoe
1567 3037 1725 3117 feceritis,
1761 3036 1856 3102 nobis

202 3136 342 3204 fideliter
364 3139 560 3207 rescribatis.
604 3141 700 3216 Quod
725 3143 751 3206 si
775 3164 840 3206 non
864 3164 978 3210 omnes
1002 3154 1065 3212 eto.

310 3259 387 3327 Dat.
410 3258 572 3344 Lugduni,
588 3263 618 3326 V
635 3262 683 3327 Id.
706 3263 802 3329 Mart.
826 3289 910 3331 anno
935 3267 1089 3333 seeundo.

1006 3455 1052 3521 II.

930 3565 1130 3639 Eisdem.

312 3688 562 3775 Exponentibus
586 3702 648 3760 etc.
672 3702 708 3758 ut
731 3718 830 3782 snpra
853 3698 886 3761 in
909 3698 1061 3783 proxima
1088 3718 1207 3783 usque:
1239 3702 1461 3782 presentaret,
1490 3715 1601 3760 verum
1629 3716 1704 3758 cum
1732 3691 1856 3758 diutius
1910 3730 1937 3769 25

203 3799 396 3876 expectatus
432 3799 667 3882 contempserit
701 3819 905 3886 comparere,
944 3824 1017 3879 nos,
1058 3801 1286 3886 indempniteti
1323 3799 1472 3864 eiusdem
1507 3798 1646 3863 ecclesie
1678 3815 1858 3882 precavere

204 3894 364 3976 volentes,
398 3919 472 3963 eam
501 3908 535 3964 et
565 3900 679 3965 domos
707 3903 809 3987 ipsius
840 3925 913 3967 eum
941 3905 1035 3969 bonis
1063 3903 1231 3983 omnibns,
1266 3922 1330 3988 que
1365 3901 1405 3966 ad
1436 3903 1541 3989 ipsam
1569 3906 1603 3966 et
1631 3901 1858 3987 episcopatum

203 3999 384 4084 pertinent,
416 4004 653 4087 sequestranda
676 4014 707 4069 ot
731 4008 914 4092 predictum
939 4009 1124 4073 Conradum
1148 4016 1287 4094 propter
1310 4006 1530 4091 suspicionem
1553 4003 1797 4089 dilapidationis
1819 4025 1858 4068 se

206 4102 370 4166 infamiam
396 4105 585 4171 intrusionis
608 4116 710 4173 ortam
735 4110 776 4175 de
794 4113 875 4197 ipso,
901 4121 934 4177 et
949 4136 990 4178 ne
1008 4113 1197 4177 scandalum
1218 4112 1250 4176 in
1267 4109 1382 4176 eodem
1398 4112 1537 4197 populus
1553 4109 1688 4175 Domini
1703 4109 1859 4196 patiatur,

203 4207 245 4270 ab
279 4209 572 4273 amministratione
607 4214 826 4298 spiritualium
859 4226 893 4281 et
927 4218 1155 4304 temporalium
1190 4216 1343 4282 duximus
1380 4213 1655 4301 suspendendum.
1709 4213 1857 4309 Ideoque
1910 4247 1937 4284 ro

203 4309 428 4385 mandamusd,
460 4315 613 4398 quatinus
641 4315 754 4382 domos
783 4327 816 4384 et
847 4323 934 4386 bona
965 4323 1037 4410 ipsa
1065 4324 1260 4388 auctoritato
1292 4327 1406 4386 nostra
1435 4321 1581 4406 recipere
1611 4340 1650 4383 aa
1683 4317 1860 4405 diligenter

204 4435 398 4480 conservare
422 4419 542 4482 curetis
565 4439 667 4507 nsque
691 4422 731 4486 nd
756 4432 867 4488 nostre
893 4426 1133 4511 beneplacitum
1160 4425 1347 4504 voluntatis,
1371 4423 1629 4488 contradictores
1650 4430 1713 4488 etc.
1736 4443 1857 4508 usque:

204 4519 453 4605 compescendo.
499 4522 595 4597 Quod
619 4525 647 4589 si
671 4548 735 4591 non
761 4550 874 4593 onrries
898 4537 960 4594 etc.
1424 4514 1427 4519 Ι

311 4640 387 4705 Dat.
410 4649 446 4706 ut
470 4644 502 4707 in
526 4647 681 4730 proxima.

988 4791 1231 4799 -.--.-—-—-——-—

994 5015 1078 5088 105.

310 5101 527 5196 Irirsoccntins
548 5133 570 5197 1
577 5134 603 5197 V
625 5155 713 5215 propo
744 5155 844 5217 repens
873 5140 902 5198 ct
926 5137 1078 5220 poputum
1112 5136 1319 5200 Yorlarornnr
1352 5135 1506 5212 tiortatnr,
1539 5137 1575 5197 nt
1600 5155 1623 5197 a
1643 5138 1859 5217 permotione
1907 5169 1931 5207 n

208 5234 461 5300 Uteristianornm
495 5237 688 5313 desistentes,
724 5241 807 5302 innn
834 5239 897 5303 Dei
929 5260 1023 5320 snper
1050 5240 1149 5304 tontis
1178 5240 1304 5318 offcirsis
1327 5242 1524 5323 prouocatam
1539 5242 1608 5322 'pier
1629 5240 1858 5321 pneaitertiam

308 5466 333 5525 ⁸)
352 5463 388 5513 ita
402 5463 433 5516 R.
452 5475 475 5516 et
492 5465 541 5517 Bo.
559 5467 588 5517 in
604 5466 650 5529 11‚·
667 5469 702 5534 cs.
721 5472 814 5519 nidi.
911 5465 937 5532 b)
960 5465 1307 5535 praeministrantem
1403 5463 1427 5529 o)
1448 5474 1638 5533 procurrerent
1658 5464 1782 5519 idum
1803 5480 1858 5535 pu·

206 5556 325 5612 ιοιιιιιοι,
342 5565 420 5616 super
435 5578 463 5588 -
477 5568 647 5620 responsurus
658 5552 707 5607 Bc.
719 5554 748 5607 in
760 5553 801 5606 11.
884 5551 910 5620 (Ι)
929 5555 1041 5621 Ideoque
1059 5554 1206 5607 discretioni
1219 5560 1304 5605 vesus
1321 5568 1366 5619 per
1384 5552 1525 5619 apostoliea
1539 5548 1858 5621 utimum—Be·

310 5663 512 5731 nffinm
