4328 6232
220 345 280 410 188
772 341 819 396 ux
838 338 1055 396 INNOCEN'PII
1075 338 1113 393 IV
1132 338 1314 395 anolsrao

216 517 407 604 precavere,
431 538 470 581 sc
494 517 630 581 obtentu
654 515 849 581 dilectioni
873 515 992 580 nobilis
1015 515 1075 579 riri
1100 563 1133 578 ..
1158 515 1285 580 comitis
1308 513 1481 594 Aschsrie,
1505 515 1665 580 carissimi
1689 517 1722 580 in
1739 514 1874 582 Christo

215 619 272 686 filii
296 621 396 686 nostri
413 673 420 686 .
436 669 443 685 .
460 622 546 705 regis
562 619 785 686 Romanorum
809 621 946 685 illustris
969 619 1178 695 avunculi⁸¹,
1201 640 1244 683 cx
1267 639 1308 682 ea
1331 617 1450 683 dilecto
1471 617 1538 682 filio
1559 619 1716 704 magistro
1732 620 1874 686 Iohanni

216 726 372 789 canonico
397 724 509 789 Sancti
525 724 693 804 Bonifatii,
715 747 775 811 pro
799 745 862 809 quo
886 723 981 789 nobis
1006 723 1265 810 supplicationes
1289 723 1445 808 porrexit,
1468 722 1606 806 gratiam
1629 722 1741 788 facere
1764 725 1874 789 inten-

215 827 345 906 dentes,
380 827 587 904 mandamus,
621 829 792 913 quatinus,
828 826 951 892 vocatis
985 827 1037 911 qui
1072 826 1194 890 luerint
1226 823 1399 904 evocandi,
1432 824 1570 889 eandem
1600 826 1778 891 ecclesiam
1809 829 1874 914 ipsi

214 932 386 1014 magistro,
419 931 444 994 si
473 930 597 1016 absque
628 931 782 996 scandalo
810 931 884 996 fieri
911 932 1046 1015 poterit,
1075 930 1271 994 auctoritate
1302 935 1412 993 nostra
1440 927 1617 992 conferatis
1641 936 1674 992 et
1697 931 1874 1015 assignare

215 1035 353 1111 curctis,
388 1055 426 1098 ac
454 1035 583 1099 faciatis
612 1057 686 1099 eum
721 1036 808 1099 illius
838 1035 975 1121 pacifica
1008 1035 1218 1119 possessione
1247 1032 1406 1116 gaudere,
1441 1032 1531 1095 salvo
1563 1032 1692 1116 utrique
1721 1037 1808 1118 parti
1839 1037 1872 1102 in

213 1143 380 1221 posterum
405 1139 475 1203 iure
501 1159 574 1213 suo;
599 1137 855 1202 contradictores
879 1144 940 1202 etc.
1143 1147 1145 1149 ’
1170 1152 1172 1156 ’

326 1256 401 1322 Dat.
426 1258 588 1342 Lugduni,
612 1257 676 1322 XV
700 1257 774 1321 Kal.
798 1256 1002 1336 Novembris,
1026 1276 1112 1319 anno
1134 1253 1193 1321 IV.
1227 1314 1231 1326 ,

995 1797 1082 1871 a51.

315 1895 534 1990 Innocentius
552 1919 578 1984 I
580 1919 610 1984 V
627 1941 719 2002 popo
740 1920 889 2006 [Uffour]
916 1921 1145 2006 archiepiscopo
1174 1919 1339 1985 Lundcusi
1369 1919 1512 1998 nstandai,
1541 1923 1578 1983 nt
1603 1919 1696 1985 iuxta
1720 1921 1870 2002 priorum

210 2026 433 2090 continentium
461 2026 639 2089 litterarum
666 2024 864 2111 [Est-illurn]
889 2027 1064 2109 episcopum
1088 2025 1319 2090 sleswicensem
1346 2023 1491 2101 indurent,
1520 2028 1556 2087 ut
1576 2023 1694 2108 [Erico
1709 2024 1733 2089 I
1737 2023 1781 2110 V]
1802 2026 1869 2107 regi

209 2127 339 2193 Daniuc
361 2129 538 2208 musacium
561 2131 589 2191 ct
609 2127 793 2208 fidelitatem
810 2133 1001 2210 praestolet
1023 2130 1063 2194 ob
1085 2149 1120 2193 co
1141 2129 1264 2211 repulia
1285 2128 1427 2210 recipiat,
1450 2129 1498 2192 orel
1511 2128 1573 2193 noi
1587 2128 1748 2207 rescribat,
1771 2150 1870 2211 querc

210 2231 246 2294 id
265 2233 339 2313 fieri
359 2251 424 2296 non
447 2231 563 2296 uocat
1042 2282 1045 2287 .
1527 2233 1622 2310 1246,
1647 2230 1711 2297 Oct.
1729 2234 1780 2296 18.

313 2351 376 2404 run.
390 2350 438 2404 rr
454 2350 517 2419 aa.
535 2350 589 2404 ru.
603 2349 628 2417 1,
641 2357 707 2418 sio,
724 2351 782 2404 arc.
796 2351 847 2418 rr,
858 2357 918 2406 aon
955 2351 1111 2418 ammae,
1134 2349 1205 2418 mor
1224 2350 1321 2418 ceys·
1339 2347 1426 2415 unu,
1445 2365 1505 2403 cum
1524 2349 1641 2418 aaut
1657 2351 1770 2435 cuuis
1787 2350 1816 2405 V.
1831 2350 1868 2404 cr.

209 2439 242 2491 A.
263 2437 343 2491 Mau.

313 2525 409 2592 Berpcr
427 2530 496 2579 2296.
1005 2587 1013 2598 .

683 2655 721 2673 ..
750 2600 1112 2691 archiepiscopo
1140 2597 1396 2672 Lunderrsi.

317 2749 369 2814 Ex
399 2756 492 2836 parte
524 2749 683 2814 carissimi
712 2750 744 2812 in
774 2748 904 2814 Christo
935 2750 991 2813 filii
1022 2749 1123 2814 nostri
1149 2797 1180 2811 ..
1205 2748 1292 2832 regis
1315 2745 1413 2810 Datie
1444 2746 1603 2811 illustris²
1632 2746 1726 2811 nobis
1758 2748 1868 2812 extitit

207 2855 409 2932 intimatum,
439 2852 525 2938 quod
549 2874 621 2916 cum
646 2854 723 2917 olim
748 2854 806 2917 tibi
831 2854 950 2917 nostris
975 2852 1160 2917 dederimus
1184 2850 1304 2916 litteris
1328 2852 1361 2914 in
1385 2850 1562 2945 mandatis,
1586 2859 1622 2913 ut
1645 2850 1867 2915 venerabilem

209 2957 343 3023 fratrem
381 2964 527 3022 nostrum
557 3005 595 3022 ..
624 2956 813 3043 episcopum
847 2956 1118 3021 illeswicensemb
1152 2976 1286 3019 monere
1322 2976 1359 3018 ac
1395 2953 1550 3020 inducero
1583 2974 1793 3041 procurares,
1831 2960 1867 3017 ut

209 3061 398 3146 homagium
422 3068 455 3126 et
478 3061 671 3127 fidelitatem
700 3062 770 3145 regi
803 3067 968 3146 prestaret
999 3060 1105 3125 eidem
1135 3066 1168 3122 et
1195 3058 1235 3122 ab
1265 3080 1304 3123 eo
1334 3058 1460 3145 regalia
1489 3058 1666 3143 reciperet,
1697 3065 1795 3143 prout
1825 3056 1866 3122 da
1916 3096 1917 3107 κ

208 3164 343 3250 antiqua
372 3171 405 3229 et
436 3164 596 3228 hactenus
627 3164 761 3250 pacifice
793 3164 969 3229 observata
998 3162 1236 3228 consuetudine
1265 3163 1335 3227 fieri
1365 3163 1552 3240 consuevit,
1587 3183 1661 3226 eum
1690 3159 1731 3226 ad
1761 3160 1811 3240 id,
1840 3162 1867 3224 si

207 3289 344 3333 necesse
369 3267 470 3347 foret,
498 3254 693 3333 auctoritate
717 3276 830 3332 nostra
854 3268 1019 3352 cogendo,
1051 3275 1085 3331 tu
1110 3267 1141 3331 id
1166 3267 1298 3332 efficere
1323 3287 1387 3330 non
1412 3267 1542 3330 curasti.
1590 3264 1752 3339 Quocirca
1775 3285 1868 3329 mau-

208 3372 333 3452 damus,
358 3372 521 3456 quatinus,
547 3372 573 3434 ai
595 3379 645 3435 est
662 3372 716 3452 ita,
739 3371 927 3435 mandatum
945 3373 1164 3456 apostolicum
1181 3372 1213 3435 in
1230 3371 1291 3435 hac
1307 3378 1401 3457 parte
1418 3371 1510 3434 iuxta
1523 3370 1666 3456 priorum
1683 3369 1867 3434 litterarum

207 3476 442 3539 continentiam
466 3475 638 3560 exequaris
661 3474 714 3537 vel
741 3475 904 3539 rescribas
932 3476 1044 3555 nobis,
1077 3496 1177 3560 quare
1202 3475 1235 3539 id
1258 3474 1328 3538 lieri
1352 3495 1417 3538 non
1442 3473 1563 3538 debeat
1587 3473 1638 3537 vel
1662 3493 1728 3536 non
1751 3473 1865 3557 possit.

317 3594 393 3658 Dat.
417 3594 580 3680 Lugduni,
604 3595 667 3658 XV
694 3593 768 3659 Kal.
792 3595 1000 3677 Novembris,
1024 3618 1110 3661 anno
1135 3602 1260 3681 quarto.

831 3859 975 3867 ———.-.
1018 3862 1025 3866 .
1057 3861 1074 3866 .-
1088 3861 1119 3865 -..
1131 3861 1143 3865 -
1158 3859 1230 3865 ..a-...-

989 4120 1063 4193 u5u

309 4213 529 4308 Innocentius
550 4241 606 4307 IV
624 4264 712 4325 purim
743 4243 878 4309 Sanctae
905 4244 1036 4308 Marica
1059 4244 1214 4323 oratoru,
1245 4243 1357 4308 Sancti
1379 4236 1522 4307 Martini
1548 4246 1577 4305 ct
1605 4241 1718 4308 Sancti
1743 4239 1867 4307 Lcami

200 4345 363 4425 prioribus
388 4347 562 4412 Teroisinis
586 4349 724 4424 iurandot,
746 4352 782 4410 ut
804 4350 930 4413 clericos
951 4353 980 4411 cl
1002 4349 1099 4412 laicos
1120 4347 1279 4411 nrnrclrinc
1305 4346 1496 4422 Terrisinac,
1519 4345 1685 4411 Fridcrico
1706 4345 1866 4426 mundam

205 4448 387 4528 inperatori
413 4456 442 4514 ct
469 4450 601 4516 Euolino
628 4452 666 4516 dc
693 4450 837 4516 Romano
865 4453 1085 4529 odlmunntcs,
1121 4452 1276 4533 beneficiis
1305 4456 1334 4515 rt
1358 4451 1466 4536 seruis
1496 4449 1711 4515 ccdcsicsticis
1735 4450 1866 4530 micent

204 4570 300 4631 usquc
321 4552 438 4617 &votis
460 4555 604 4620 cretenau
624 4557 788 4638 assignari
805 4555 944 4641 faciant.
1521 4555 1615 4632 1246,
1640 4543 1704 4618 ou.
1721 4554 1775 4616 20.

308 4671 370 4725 Inn.
385 4672 433 4725 IV
448 4672 512 4741 Ray.
528 4673 582 4728 Vol.
596 4675 694 4741 l‚337;
712 4675 771 4729 int.
786 4675 838 4742 IV,
861 4683 912 4729 199.
1022 4722 1024 4724 .

309 4757 407 4826 Beroer
426 4766 494 4814 2195.

316 4901 772 4914 --—-—---——-—-..

310 5001 334 5063 ι)
353 5001 390 5050 ita
408 5002 440 5053 n.
455 5003 547 5055 MAU.
653 5004 678 5068 ¹³)
697 5007 892 5061 Flaawicanssm
906 5007 938 5059 R.

307 5136 332 5202 l)
352 5136 436 5189 Iunio
451 5137 577 5206 nepotis;
595 5154 643 5192 reu
658 5141 727 5193 euim
745 5144 897 5197 auunculus
909 5142 1009 5197 comitis
1020 5147 1085 5208 not,
1105 5158 1166 5196 cum
1177 5141 1312 5196 Henricrra
1325 5140 1346 5194 1
1353 5155 1437 5195 cerm
1449 5137 1593 5204 Ananiae,
1607 5142 1687 5206 pater
1699 5135 1815 5190 Hmrici
1827 5135 1864 5190 11

201 5221 313 5289 comitis,
340 5222 547 5292 Irraesrqurdem,
571 5241 685 5280 sormam
708 5229 821 5283 Hennes*
846 5231 936 5298 Ruspe
955 5230 1035 5298 repis,
1061 5230 1092 5282 in
1114 5229 1314 5282 matrimonium
1338 5227 1463 5281 duanam.
1550 5225 1579 5292 2)
1599 5223 1657 5277 Sub
1672 5222 1734 5277 Dec
1751 5233 1768 5277 4
1785 5239 1861 5292 propo

201 5307 328 5375 oswium
347 5308 439 5375 Petro,
464 5310 622 5365 mucellonr'o
639 5313 707 5382 nris,
732 5315 869 5383 qnondam
885 5316 1078 5387 indulgentiam
1096 5315 1231 5382 concana
1253 5316 1352 5384 Berqer
1368 5319 1439 5368 2299.
1476 5310 1533 5365 Suc
1552 5309 1624 5378 sept.
1640 5314 1658 5363 8
1673 5325 1757 5378 repon
1773 5310 1861 5378 ipsum
1911 5338 1917 5375 2

201 5399 336 5460 repererat
343 5435 351 5462 ,
380 5412 414 5449 ne
437 5396 586 5465 madiret,
613 5400 681 5467 quin
702 5402 871 5471 Inebicenam,
895 5404 918 5457 ai
941 5404 1043 5470 cdlnn,
1068 5402 1186 5456 Hernico
1210 5402 1264 5470 regi
1289 5400 1473 5455 Rmmnonun
1499 5397 1623 5451 munst
1647 5401 1672 5448 et
1698 5396 1862 5465 canum,

197 5480 353 5545 mannum
370 5497 430 5534 nam
447 5481 599 5539 dicerentur
615 5485 654 5539 ad
670 5487 809 5556 imperium
827 5491 973 5557 munnae,-
995 5489 1125 5556 Pottlioat,
1146 5489 1208 5558 Ray.
1223 5494 1310 5557 12268,
1327 5487 1360 5554 cs.
1374 5492 1484 5540 imao
1501 5489 1526 5538 ct
1539 5489 1637 5548 1220&
1653 5499 1723 5552 qaae
1740 5483 1864 5552 ῳὶάοὶαι

201 5565 232 5616 '3¹
247 5564 311 5633 13⁰9·
329 5582 386 5619 non
405 5572 502 5622 aaran
535 5569 677 5627 Gonnum
694 5589 744 5629 rex
760 5575 860 5629 eosdem
873 5575 1039 5643 hemanea,
1056 5575 1145 5642 fideles
1162 5591 1232 5641 asos,
1254 5574 1326 5643 Sept.
1338 5580 1373 5627 26
1389 5589 1408 5624 a
1425 5571 1542 5625 theloneo
1552 5567 1629 5637 epid
1643 5567 1772 5623 Woedans
1783 5585 1864 5638 ausfur

199 5649 309 5719 tricina
323 5651 413 5705 unas
427 5654 550 5710 azimus
567 5661 676 5727 aensa-
694 5660 978 5731 naalma-Breucos,
999 5663 1015 5717 r.
1027 5678 1048 5717 ο.
1061 5667 1079 5716 r.
1093 5661 1142 5731 ur,
1157 5679 1186 5730 p.
1199 5668 1253 5717 aso
1269 5666 1294 5714 a
1310 5664 1365 5715 uu.
1380 5668 1400 5713 1.
1436 5657 1476 5724 cs.
1493 5656 1574 5724 anua
1585 5670 1617 5725 p.
1629 5662 1684 5724 rso,
1702 5661 1757 5711 aa.
1767 5666 1792 5713 2.
