4328 6232
819 362 1020 418 IIPISTOLAI}
1039 362 1236 419 SELEC'I’AE.
1273 364 1347 418 1246.
1853 372 1914 433 149

260 535 285 597 si
307 532 367 598 tibi
390 536 581 621 specialiter
604 557 703 621 super
724 536 787 600 hoc
810 558 869 622 pro
893 537 966 601 aliis
990 537 1112 622 scripta
1128 543 1239 603 nostra
1254 560 1317 603 non
1333 538 1522 620 direximus,
1547 540 1726 605 liberaliter
1742 540 1913 628 providere

260 657 414 725 procures
437 677 480 687 -
502 659 568 704 non
591 639 767 705 obstante·
788 640 876 726 quod
897 640 984 706 idem
1009 642 1089 706 aliae
1111 642 1328 707 beneficiatus
1352 643 1475 724 existit,
1500 644 1552 708 vel
1576 644 1604 707 si
1628 644 1701 708 aliis
1723 644 1757 708 in
1781 644 1913 709 civitate

262 740 309 805 rel
333 740 457 806 diocesi
481 747 537 807 aut
560 743 939 829 provinciaTrevcrensi
962 745 1163 829 generaliter
1186 745 1349 831 provideri
1365 746 1602 825 mandavimus,
1626 753 1683 812 aut
1698 748 1753 811 alii
1771 749 1914 812 auotori-

261 852 327 908 tate
361 854 476 910 nostra
505 846 538 910 in
561 845 678 911 eadem
702 846 845 911 ecclesia
866 854 1064 932 personatus
1093 854 1169 912 sunt
1196 847 1322 934 adepti,
1351 857 1409 914 aut
1438 849 1645 934 indulgentia
1668 851 1709 915 ab
1733 852 1914 936 apostolica

211 971 218 999 ··
262 947 339 1011 sede
362 949 509 1026 obtenta,
532 968 709 1035 perquam
733 957 847 1035 posset
870 950 1054 1015 huiusmodi
1078 951 1183 1036 gratia
1207 951 1356 1037 impediri
1381 978 1437 1029 -;
1462 952 1717 1018 contradictores
1740 960 1802 1019 eto.

366 1066 444 1133 Dat.
466 1068 629 1154 Lugduni,
653 1068 739 1133 XIII
761 1068 836 1135 Kal.
861 1070 948 1151 Iulii,
972 1092 1057 1136 anno
1081 1072 1190 1137 tertio.

1052 1697 1135 1771 196.

367 1809 585 1902 Innocentius
595 1834 651 1898 IV
659 1855 748 1915 popa
761 1835 1175 1920 archicpiscopoArborensi
1190 1837 1329 1915 mandet,
1341 1842 1376 1901 nt
1390 1839 1625 1902 mutrirnoniunr
1638 1839 1722 1903 inter
1732 1837 1915 1903 Adelusiam

259 1936 442 2002 iudiciorum
468 1937 674 2002 Turritonam
703 1944 732 2002 et
756 1939 902 2004 Galtnrii
924 1945 954 2003 ct
976 1940 1166 2018 chcicum,
1198 1947 1309 2005 nutrun
1330 1942 1491 2007 Frulcrici
1523 1943 1681 2022 quondam
1707 1943 1916 2022 imperatoris,

261 2044 461 2117 contractum,
475 2042 504 2104 si
518 2041 556 2104 de
569 2040 725 2106 adulterio
740 2042 876 2106 cirum
888 2042 1024 2107 Henrici
1038 2045 1100 2108 sibi
1114 2045 1294 2123 constiterit,
1310 2046 1415 2126 quood
1428 2047 1657 2129 arpocrationem
1671 2046 1760 2124 iberi,
1776 2047 1915 2109 diriumt.

1568 2152 1662 2228 1246,
1684 2150 1760 2216 Inn.
1775 2153 1828 2214 21.

365 2227 429 2281 Iun.
442 2227 492 2281 IV
508 2228 571 2298 Ray.
590 2230 681 2298 Veli
699 2236 762 2297 306,·
780 2230 839 2284 Lu.
853 2230 913 2299 ΙΙΙ,
932 2248 988 2285 cur.
1002 2237 1043 2287 30.

364 2314 547 2382 mins.

722 2502 762 2521 ..
791 2446 1151 2538 archiepiscopo
1179 2446 1456 2520 Arborensi.

368 2591 422 2656 Ex
452 2600 545 2680 parte
575 2594 697 2660 dilecte
725 2596 758 2659 in
783 2594 914 2661 Christo
943 2596 1008 2660 filie
1036 2595 1194 2661 Adelasie
1223 2595 1380 2660 iudicisse
1409 2596 1582 2661 Turritane
1611 2603 1644 2661 et
1666 2596 1828 2661 Gallurii¹
1855 2597 1917 2660 fuit

263 2694 354 2759 nobis
384 2697 551 2764 humiliter
573 2701 809 2786 supplicatum,
841 2707 877 2765 ut
903 2722 977 2766 cum
999 2701 1179 2777 Henricus,
1213 2707 1308 2765 natus
1332 2701 1488 2765 Friderici
1512 2699 1674 2786 quondam
1698 2700 1916 2786 imperatoris,

213 2825 220 2858 ι
263 2806 333 2882 post
356 2806 559 2866 contractum
583 2804 661 2868 licet
683 2810 797 2867 contra
818 2803 1045 2869 inhibitionem
1071 2804 1213 2868 ecclesio
1237 2804 1478 2868 matrimonium
1502 2825 1574 2868 cum
1599 2802 1714 2867 eadem
1733 2804 1916 2868 maritalem

263 2901 393 2967 thorum
417 2904 569 2971 adulterii
586 2908 720 2973 crimine
736 2909 919 2990 macularit,
943 2909 1101 2973 intereos
1118 2907 1278 2972 celebrari
1295 2906 1469 2971 divortium
1486 2906 1725 2971 mundaremus.
1771 2905 1917 2991 Ideoque

264 3006 471 3089 mandamus,
495 3011 648 3095 quatinus
672 3011 827 3096 inquisita
850 3032 951 3096 super
973 3011 1034 3074 hoo
1058 3010 1246 3095 diligentius
1271 3009 1426 3088 veritate,
1460 3010 1487 3072 si
1516 3010 1574 3073 tibi
1599 3008 1639 3074 de
1663 3008 1823 3074 adulterio
1847 3008 1917 3094 ipso

264 3111 460 3191 constiterit,
492 3114 598 3199 quoad
627 3114 713 3179 thori
736 3115 997 3201 separationem,
1029 3114 1225 3179 auctoritate
1256 3117 1366 3176 nostra
1390 3112 1647 3191 matrimonium,
1677 3119 1773 3198 prout
1796 3113 1916 3176 iustum

264 3211 369 3283 suerit.
393 3215 527 3281 dirimas
551 3216 785 3303 supradictum.

371 3336 447 3404 Dat.
471 3337 634 3422 Lugduni,
656 3337 707 3402 XI
729 3336 804 3402 Kal.
829 3336 917 3420 Iulii,
941 3357 1026 3402 anno
1050 3335 1159 3401 tertio.

890 3652 1300 3661 ——————-

1054 3964 1138 4037 197.

367 4081 585 4176 Innocentius
606 4108 662 4174 IV
679 4128 771 4190 popa
795 4107 902 4191 priori
929 4107 966 4170 dc
994 4105 1201 4169 Boncrcunto
1227 4104 1418 4170 Arborcnsis
1447 4104 1578 4168 diensis
1605 4103 1749 4181 mandat,
1778 4108 1813 4166 nt
1835 4103 1921 4167 Ben-

272 4213 383 4276 ciucnn.
406 4213 516 4276 ciciim
538 4211 715 4276 Perusinae
736 4211 880 4289 diocesia,
908 4209 964 4290 qni
980 4213 1112 4292 proptor
1129 4210 1301 4289 polentiam
1324 4208 1473 4284 ilenrici,
1494 4208 1559 4288 felii
1580 4208 1741 4273 Frictcriei
1762 4207 1919 4288 qriondnu

275 4317 477 4397 inperatoria,
510 4315 689 4396 benefic-ium
716 4315 954 4378 ecclesiasticum
981 4314 1173 4396 pronrissnnr
1195 4311 1340 4395 consequi
1366 4332 1431 4374 non
1454 4310 1605 4394 protereret,
1634 4311 1790 4374 ecclesiam
1820 4310 1922 4371 crinali

274 4416 355 4481 Petri
376 4419 414 4481 cic
436 4419 551 4484 Silano
572 4417 762 4482 Arborcnsis
784 4417 914 4481 diocesis
936 4416 1088 4500 coriforut.
1572 4415 1665 4490 124⁶,
1688 4413 1763 4479 Iun.
1779 4415 1832 4477 22.

222 4542 238 4576 ²³
369 4539 431 4591 Iun
445 4538 494 4592 IV
505 4538 568 4606 ch.
588 4537 678 4604 vell,
696 4543 758 4602 3123
776 4536 837 4590 Lau.
850 4536 872 4589 I
874 4535 902 4602 V,
921 4541 962 4589 29.
999 4534 1075 4589 IIucc
1093 4535 1202 4601 epistola
1219 4534 1289 4586 uniri
1305 4532 1376 4586 lonii
1391 4532 1423 4584 in
1436 4531 1521 4585 Iubro
1533 4538 1632 4598 qrrarlo
1647 4533 1718 4599 sulm
1734 4533 1859 4585 uuum«
1877 4538 1920 4585 eu.

367 4625 465 4692 asper
479 4631 554 4679 2024.

489 4843 528 4859 ..
556 4785 706 4879 priori
733 4786 786 4858 de
814 4782 1136 4858 Bonarcanro2
1163 4780 1447 4854 Arborensis
1474 4779 1696 4854 diocesia.

374 4935 443 5000 Sua
464 4936 558 5001 nobis
574 4934 792 5000 Benoivenn.¹’
816 4935 955 4999 clericus
976 4934 1136 4999 Perusino
1160 4932 1302 4997 diocesis
1325 4932 1485 5016 petitione
1508 4932 1713 5007 monstravit,
1736 4930 1823 5016 quod
1847 4952 1920 4994 cum

274 5058 326 5103 nos
347 5039 424 5104 olim
447 5039 630 5105 venerabili
655 5039 748 5103 lratri
770 5045 883 5103 nostro
902 5090 908 5105 .
927 5089 935 5104 .
951 5037 1145 5103 Civitatensi
1168 5035 1347 5122 episcop0³
1369 5036 1402 5098 in
1427 5034 1580 5100 Sardinia
1596 5036 1716 5100 nostris
1732 5034 1918 5098 dederimus

220 5158 237 5191 ³⁰
274 5140 382 5208 litteris
406 5144 439 5207 in
462 5142 636 5222 mandatis,
659 5147 695 5206 ut
719 5142 836 5221 eidem,
859 5142 985 5205 nullum
1009 5150 1045 5205 ut
1068 5141 1187 5205 asserit
1211 5139 1471 5204 ecclesiasticum
1488 5140 1683 5204 beneficium
1700 5144 1862 5209 assecuto,
1888 5140 1920 5200 in

369 5438 395 5503 ι)
412 5454 448 5488 on
467 5455 519 5489 non
537 5439 603 5490 obst.
622 5458 654 5480 =
673 5437 924 5489 nonobstantibus?
1010 5433 1206 5501 b)Ilenciueni1
1225 5433 1258 5484 Β.

369 5574 398 5643 l)
419 5572 464 5628 Do
483 5571 575 5628 adea
590 5574 625 5640 cf.
642 5590 671 5627 n.
691 5579 734 5628 35.
830 5574 858 5641 2)
884 5572 1056 5638 Berusrcudo,
1079 5586 1154 5638 pror.
1176 5568 1205 5622 ‹ii
1231 5569 1362 5638 Puplinri,
1389 5565 1501 5620 armna.
1526 5566 1556 5618 di
1575 5565 1712 5633 wanno,
1738 5565 1875 5618 mundum.
1894 5565 1924 5618 di

270 5658 472 5731 &Innupta
558 5660 586 5727 3)
606 5659 694 5728 Petro,
711 5660 744 5714 dc
760 5675 813 5728 quo
831 5660 866 5726 cs.
880 5661 980 5729 Berper
1000 5665 1066 5725 low,
1089 5664 1160 5712 1938.
