4328 6232
823 312 870 366 EX
889 311 1107 367 INNOCENTII
1125 311 1163 366 1v
1185 310 1364 367 annisum)

1042 546 1129 618 384.

365 641 584 734 Innocentius
599 669 657 733 IV
668 689 758 749 propa
781 667 957 754 [Honrico]
982 669 1122 752 episcopo
1147 668 1382 735 Corrstontionsi
1408 666 1552 742 mandat,
1580 669 1616 727 nt
1638 664 1765 727 sanitato
1795 666 1825 725 et
1847 661 1920 724 nni·

259 773 401 836 versitotr'
419 773 514 836 villae
535 772 572 835 de
594 770 735 848 Vribnrc,
751 772 781 835 si
796 771 940 852 expedire
955 772 1077 851 viderit,
1098 773 1251 850 concedat,
1273 775 1308 835 nt
1322 772 1356 835 r'n
1373 792 1410 834 ea
1422 769 1576 850 plebanas
1592 768 1718 830 institui
1733 786 1799 828 riori
1807 765 1920 846 possit,

263 876 329 939 nisi
350 875 492 939 sacerdos
510 874 613 958 faerit
628 878 657 937 ot
678 875 723 938 ilii
745 874 948 938 residentiam
968 875 1077 955 sacrat.
1590 875 1683 948 1247,
1706 870 1783 935 Ian.
1800 869 1829 932 5.

365 978 429 1029 ree.
449 975 499 1028 rr
515 976 578 1044 ira.
595 975 649 1029 ror.
670 976 693 1039 1,
712 984 775 1040 roe·
793 976 855 1031 mo.
874 976 927 1045 rr,
940 984 998 1031 ser.

362 1063 462 1131 Berper
480 1069 552 1117 2845.

752 1195 794 1213 ..
824 1139 1040 1231 episcopo
1076 1139 1433 1213 Constantiensi.

368 1262 422 1325 Ex
453 1269 544 1347 parte
578 1312 611 1327 ..
642 1263 774 1327 sculteti
806 1270 838 1327 et
866 1264 1089 1328 universitatis
1120 1263 1198 1327 ville
1227 1263 1267 1327 de
1299 1263 1439 1326 Vriburc
1470 1268 1526 1326 tue
1555 1260 1696 1325 diocesis
1728 1260 1790 1322 fuit
1819 1256 1918 1322 nobis

260 1365 427 1430 humiliter
451 1366 686 1452 supplicatum,
717 1373 753 1428 ut
776 1388 849 1429 cum
878 1367 912 1430 in
936 1365 1051 1431 eadem
1079 1367 1157 1430 villa
1187 1367 1284 1430 unica
1307 1366 1349 1429 sit
1371 1371 1496 1430 tantum
1519 1365 1639 1428 matrix
1664 1363 1823 1442 ecclesia,
1848 1361 1920 1425 cui·

263 1470 330 1534 iere
349 1469 564 1555 quadraginta
587 1470 732 1533 miliumb
757 1471 1020 1556 parrocianorum
1051 1492 1128 1535 cura
1152 1471 1299 1534 imminet
1321 1470 1502 1533 animarum
1513 1469 1534 1549 ¹,
1558 1467 1675 1553 quibus
1699 1465 1837 1552 expedit
1860 1485 1918 1550 pro

260 1573 365 1637 salute
390 1575 544 1658 ipsorum,
568 1580 604 1636 ut
626 1573 803 1658 plebanum
821 1572 966 1637 habeant
986 1574 1203 1653 residentem,
1227 1575 1281 1660 qui
1304 1573 1527 1638 confessiones
1551 1592 1661 1636 eorum
1686 1569 1800 1634 audiat
1823 1574 1858 1633 et
1884 1568 1916 1630 in

259 1676 332 1739 aliis
364 1676 542 1740 secundum
571 1676 679 1740 Deum
708 1676 803 1741 saluti
834 1677 1006 1763 provideat
1034 1677 1228 1758 eorundem,
1261 1682 1298 1741 ut
1324 1676 1467 1742 ecclesia
1501 1674 1650 1760 predicta
1682 1678 1822 1737 vacante
1853 1693 1916 1736 non

260 1780 364 1864 possit
392 1779 514 1843 ibidem
542 1779 699 1866 deinceps
728 1780 891 1866 plebanus
920 1781 1062 1861 institui,
1098 1782 1161 1846 nisi
1194 1780 1348 1845 sacerdos
1385 1780 1507 1845 existat
1535 1783 1568 1843 et
1594 1777 1673 1842 velit
1702 1775 1917 1841 residentiam

260 1883 370 1946 facere
393 1882 426 1945 in
451 1881 577 1962 eadem,
602 1885 649 1948 eis
673 1884 856 1948 concedere
872 1905 1061 1949 curaremus
1070 1884 1095 1951 ².
1139 1885 1300 1950 Volentes
1315 1885 1416 1970 igitur
1438 1884 1471 1947 in
1494 1883 1556 1947 hac
1573 1887 1667 1969 parte
1691 1881 1751 1945 tibi
1774 1880 1917 1960 deleme,

261 1985 317 2069 qui
347 1984 411 2048 loci
444 1985 640 2050 diocesanus
675 1986 807 2065 existis,
830 1985 1038 2068 mandamus,
1072 1989 1224 2072 quatinus
1255 1987 1381 2052 eisdem
1415 1988 1583 2073 postulata
1612 1983 1792 2064 concedas,
1822 1989 1919 2069 prout

261 2089 407 2174 ipsorum
431 2089 529 2154 saluti
554 2097 587 2155 et
609 2091 744 2154 utilitati
768 2090 916 2154 eiusdem
940 2091 1080 2156 ecclesie
1105 2090 1285 2156 secundum
1308 2091 1417 2155 Deum
1441 2089 1560 2154 videris
1581 2088 1748 2174 expedire.

369 2191 446 2257 Dat.
469 2192 633 2279 Lugduni,
657 2193 760 2259 Nonis
783 2194 879 2275 Iunii,
902 2214 987 2258 anno
1011 2193 1090 2260 ΙΙΠ.

883 2439 1294 2448 ———-—-.-—-

1045 2682 1131 2754 385.

363 2773 582 2868 innocentius
610 2802 665 2866 IV
694 2823 783 2884 papa
810 2803 998 2889 [Gosrrino]
1026 2803 1141 2868 decano
1173 2805 1367 2885 Coloniensi,
1399 2805 1436 2868 in
1470 2805 1594 2869 civitate
1623 2803 1805 2870 coloraret
1838 2803 1918 2866 eicos

257 2905 439 2990 [Conrado]
460 2905 683 2987 archiepiscopi
698 2908 823 2983 tenenti,
848 2908 995 2991 indulget,
1018 2912 1053 2972 nt
1075 2908 1141 2971 nist
1163 2907 1254 2992 infra
1269 2909 1425 2974 civitatem
1441 2907 1570 2992 synodis
1595 2912 1625 2971 et
1646 2905 1797 2987 capitalis
1821 2905 1918 2968 inter·

259 3028 408 3073 essenon
432 3012 583 3074 teneat-ar.
1576 3012 1671 3087 1247,
1694 3008 1771 3072 Iun.
1797 3012 1829 3074 7.

364 3110 428 3164 Inn.
447 3110 496 3164 IV
513 3111 576 3180 Rea.
593 3111 645 3167 Vol.
666 3114 689 3182 1,
708 3120 771 3174 399.-
789 3114 849 3167 Leo.
868 3113 921 3181 IV,
943 3122 993 3168 776.

364 3198 460 3266 Berper
479 3204 552 3252 2774.

815 3333 824 3350 .
850 3333 858 3349 .
886 3276 1058 3350 decano
1096 3276 1370 3351 Coloniensi.

370 3399 524 3464 Procedit
553 3422 594 3464 ex
625 3399 810 3464 devotionis
840 3406 896 3464 tue
920 3401 1068 3476 meritis,
1095 3406 1133 3464 ut
1160 3407 1192 3465 te
1223 3401 1320 3466 sodes
1352 3401 1531 3486 apostolica
1552 3402 1774 3486 prosequatur
1796 3395 1918 3459 favoris

261 3503 367 3586 gratia
391 3504 554 3588 specialis.
601 3503 689 3568 Sane
711 3504 881 3588 petitionis
905 3510 960 3567 tue
984 3505 1103 3569 seriem
1127 3505 1325 3585 audirimus,
1354 3505 1576 3570 continentem
1606 3502 1694 3589 quod
1721 3522 1795 3567 cum
1828 3507 1862 3564 te
1885 3500 1918 3563 in

260 3605 393 3669 civitate
411 3604 600 3671 Coloniensi
622 3608 710 3671 vices
733 3605 928 3670 venerabilis
950 3607 1061 3670 fratris
1079 3609 1182 3672 nostri
1206 3659 1239 3675 ..
1263 3609 1499 3695 archiepiscopi
1517 3605 1724 3672 Coloniensis
1745 3608 1916 3688 gerent-em

261 3708 332 3772 cius
357 3716 508 3794 oporteat
534 3710 698 3794 obsequiis
723 3709 898 3788 immorari,
922 3732 982 3774 nec
1000 3712 1106 3797 possis
1122 3717 1159 3775 ut
1174 3713 1297 3777 teneris
1319 3712 1361 3776 ad
1378 3711 1520 3797 synodos
1536 3709 1742 3796 episcopales
1758 3706 1918 3772 accedere

260 3818 317 3874 aut
339 3812 501 3875 ruralibus
519 3814 670 3898 capitulis
688 3815 813 3878 ratione
829 3815 1083 3900 parrochialium
1101 3817 1324 3896 ecelesiarum,
1348 3837 1429 3900 quas
1454 3838 1496 3880 ex
1513 3813 1761 3901 dispensatione
1781 3816 1918 3896 aposto·

262 3915 323 3978 lice
349 3913 436 3978 sedis
461 3917 605 4000 optines,
638 3917 808 3996 interesse,
833 3939 871 3981 ac
895 3919 995 3983 etiam
1019 3941 1077 4004 pro
1098 3919 1224 3982 malitia
1241 3919 1397 4004 temporis
1421 3918 1480 3982 tibi
1504 3939 1567 3982 non
1591 3918 1635 3981 sit
1657 3922 1765 3980 tutum
1789 3914 1916 3979 discur-

261 4040 333 4083 rere
365 4039 424 4102 per
447 4018 652 4083 latitudinem
676 4020 855 4104 regionis⁰z
889 4042 961 4102 nos,
992 4023 1057 4086 tuis
1082 4022 1377 4109 supplicationibus
1408 4028 1602 4100 annuentes,
1629 4021 1828 4085 auctoritate
1857 4017 1919 4081 tibi

262 4123 466 4207 presentium
490 4122 707 4209 indulgemus,
731 4124 817 4209 quod
841 4127 971 4190 nonnisi
993 4126 1078 4190 inira
1101 4127 1266 4190 civitatem
1284 4126 1423 4219 eandem
1447 4126 1588 4192 tenearis
1604 4123 1763 4210 predictis
1781 4120 1915 4208 synodis

262 4232 295 4288 et
318 4226 469 4312 capitulis
493 4227 670 4308 interesse,
694 4230 867 4314 presertim
893 4251 982 4308 cum,
1006 4237 1102 4315 prout
1125 4231 1263 4310 asseris,
1287 4229 1445 4295 accedant
1467 4228 1510 4294 ad
1532 4230 1604 4315 ipsa
1627 4228 1675 4291 tui
1697 4226 1829 4304 vicarii,
1858 4247 1919 4312 per

262 4350 344 4414 quos
367 4330 462 4395 iuxta
485 4339 632 4396 tenorem
653 4330 908 4418 dispensationis
929 4333 1076 4399 eiusdem
1099 4335 1180 4399 facis
1204 4335 1236 4398 in
1261 4334 1385 4400 eisdem
1410 4334 1558 4399 ecclesiis
1582 4330 1756 4406 deserviri;
1778 4350 1916 4417 presen-

260 4432 348 4497 tibus
372 4441 447 4519 post
469 4435 644 4500 triennium
666 4437 799 4502 minime
823 4437 981 4503 valituris.

368 4535 445 4600 Dat.
469 4537 633 4621 Lugduni,
656 4539 723 4603 VII
744 4539 824 4604 Idus
847 4541 943 4619 Iunii,
967 4561 1052 4605 anno
1076 4540 1147 4604 IIII
1159 4541 1181 4606 ³.

368 4661 577 4670 ——0—..,—..
600 4665 633 4669 -
649 4666 774 4671 ——
789 4667 1028 4672 .-.-—--—-
1059 4666 1180 4672 ———

364 4730 388 4795 Ι)
407 4748 467 4782 cum
494 4730 525 4781 a.
635 4729 660 4797 b)
683 4733 754 4783 milia
777 4733 809 4783 R.
926 4733 949 4798 e)
968 4733 1056 4800 petitio
1078 4732 1150 4798 prro,
1175 4732 1230 4783 scil.
1254 4731 1291 4782 ‘nt
1307 4749 1384 4798 popa
1406 4732 1430 4783 ei
1453 4748 1531 4798 snper
1551 4730 1599 4782 hoe
1615 4729 1756 4798 providere
1777 4728 1916 4797 digneme’,

259 4817 406 4882 supplendo
423 4825 466 4867 cst.

366 4919 391 4983 l)
416 4916 500 4969 Verbo
518 4917 639 4984 epistolae
647 4918 814 4985 pemrittnnt,
833 4919 911 4971 ctiam
924 4919 1055 4987 cepionem
1072 4918 1148 4972 allae
1160 4917 1388 4972 circumiacmtem
1405 4915 1442 4969 ed
1453 4915 1561 4970 eander
1568 4915 1726 4985 paraclitum
1736 4915 1917 4984 pertinuisse,-

260 5001 306 5055 scd
318 5001 369 5055 nni
377 5001 499 5069 plebano,
512 5002 614 5056 etianni
626 5004 729 5071 alienos
740 5004 853 5058 sicarios
865 5005 996 5072 monent,
1010 5011 1046 5058 tot
1057 5005 1173 5058 tornines
1184 5005 1315 5071 infense
1325 5003 1397 5057 credi
1412 5020 1470 5056 non
1484 5007 1584 5071 stateem
1600 5002 1632 5068 d.
1645 5019 1672 5056 n.
1685 5008 1744 5057 369.
1817 5004 1844 5068 2)
1860 4999 1917 5055 Sub

261 5090 329 5157 Aps.
348 5096 366 5142 8
381 5106 457 5156 popa
475 5089 595 5157 episcopo
612 5095 635 5142 et
652 5090 805 5144 adrolostioo
817 5092 1053 5159 argentinensibus
1065 5091 1246 5159 mandauerat,
1265 5096 1297 5144 nt
1312 5090 1495 5145 Gabelrardnrn
1512 5091 1679 5158 mpedannrn
1697 5106 1788 5156 annm,
1804 5090 1916 5155 fratreas

260 5176 360 5229 warnis
379 5175 412 5228 ele
429 5174 558 5243 Frrbnrc,
580 5175 629 5242 qai
648 5183 710 5244 post
727 5178 884 5231 anntionan
904 5178 1014 5245 Rodrrlfi
1029 5179 1139 5248 plebani
1155 5178 1186 5231 de
1205 5177 1323 5231 Frilinrc
1344 5177 1375 5230 in
1392 5177 1481 5231 eaden
1499 5176 1605 5231 roclena
1625 5176 1763 5230 sirannus
1780 5182 1859 5244 essa,
1886 5178 1915 5230 iri

260 5263 421 5330 narrarem
435 5263 625 5329 possessionem
642 5263 700 5316 aaa
717 5263 888 5330 inducerem
911 5265 1009 5333 Berger
1028 5272 1097 5319 2512.
1133 5265 1177 5318 De
1199 5263 1284 5317 eodan
1304 5264 1456 5319 debeliando
1473 5265 1504 5331 σί
1523 5264 1604 5318 etiam
1622 5263 1721 5332 Beroer
1739 5270 1825 5332 2060,
1842 5272 1915 5333 2261,

262 5357 336 5416 2275,
355 5356 427 5416 2415,
445 5354 521 5402 2824.
628 5349 655 5415 3)
676 5348 733 5403 Sao
750 5349 835 5403 eodm
852 5350 895 5404 die
911 5352 995 5417 fratri
1011 5350 1106 5404 decani
1123 5351 1166 5406 (θ.
1185 5350 1292 5404 domino
1308 5350 1340 5404 de
1357 5349 1508 5420 Inddeberp'
1526 5349 1677 5422 [Deltae
1695 5365 1752 5403 non
1769 5351 1883 5404 mutarn
1897 5368 1915 5404 a

259 5435 306 5489 cio.
324 5433 484 5503 Gladbaer,
502 5434 519 5488 i.
532 5449 552 5488 e.
566 5432 705 5488 Gahordo
715 5434 823 5490 dornino
833 5436 865 5490 de
878 5437 1057 5491 Randanode
1069 5436 1250 5506 [Randerotln
1263 5452 1295 5490 aa
1305 5441 1369 5505 sepit.
1386 5442 1409 5490 et
1420 5452 1472 5491 occ.
1483 5437 1530 5490 cic.
1543 5435 1654 5507 laticis),
1670 5437 1803 5502 anemo,
1816 5443 1846 5490 nt
1857 5453 1915 5491 war

256 5525 365 5588 propter
381 5535 472 5588 manes
489 5519 653 5588 inimicitias,
672 5537 706 5574 ne
717 5520 844 5576 incideret
861 5522 891 5575 in
907 5539 1007 5576 monne
1023 5522 1147 5589 bosnam,
1166 5522 1236 5576 ecire
1252 5522 1382 5576 civitaten
1398 5525 1423 5575 a
1437 5521 1560 5576 &omnir
1577 5521 1759 5577 &tonnam
1776 5528 1911 5590 serm,

260 5611 336 5660 cetra
358 5607 431 5676 speon
453 5605 509 5660 sirie
531 5606 638 5675 speciali
658 5606 786 5662 mndata
807 5609 951 5678 apostolico
975 5626 1028 5680 per
1048 5609 1184 5663 bnans'nm
1205 5607 1242 5663 od
1264 5607 1395 5663 indicium
1419 5608 1491 5663 trabi
1516 5625 1575 5664 non
1594 5612 1696 5679 pourtr
1719 5610 1820 5682 nepe
1843 5617 1911 5666 tm
1949 5619 1963 5658 1
