4734 6334
213 4581 240 4620 ³⁰

216 5333 241 5370 ³5

843 399 1043 455 nrlsnonan
1061 399 1251 456 SELEC'I'AE.
1288 401 1362 456 1249.
1870 405 1935 466 519

279 571 398 656 quibus
429 572 589 636 nonnulla
617 579 728 638 castra
756 580 790 638 et
817 575 882 639 alia
911 575 944 637 in
973 574 1076 661 ipsius
1107 576 1234 640 comitis
1258 576 1418 640 iacturam
1442 597 1500 662 pro
1524 583 1579 640 tue
1602 576 1779 641 voluntatis
1801 574 1934 639 arbitrio

280 675 442 761 dilapidas
465 683 499 742 et
521 677 702 742 consumis:
730 677 935 744 nobilitatem
958 683 1047 742 tuam
1072 679 1251 764 rogandam
1275 679 1428 744 duximus
1452 685 1487 744 et
1509 677 1715 760 monendam,
1739 678 1935 744 mandantes

281 780 455 864 quatinus*
478 779 519 845 de
543 785 654 846 cetero
676 782 718 847 ab
741 781 927 847 huiusmodi
950 783 1147 847 alienatione
1169 782 1322 864 desistas,
1346 804 1419 848 cum
1441 783 1498 848 ntl
1515 782 1630 848 eadem
1646 783 1732 848 bona
1749 802 1934 863 conserves,

282 889 336 948 tue
360 883 522 948 nobilitati
546 885 719 950 conveniat
741 891 897 971 tuamque
921 886 1037 951 deceat
1059 887 1274 952 honestatem.

391 1004 467 1070 Dat.
490 1011 658 1092 utsupra.

905 1131 1315 1140 -—-———.—

1068 1359 1154 1433 699.

386 1450 605 1544 Innocentius
627 1479 684 1544 IV
696 1501 788 1562 papa
808 1481 1009 1566 [Willelma]
1029 1481 1137 1546 abbati
1158 1483 1271 1548 Sancti
1295 1482 1453 1546 Tncdonis
1476 1483 1615 1560 mandat,
1638 1486 1675 1546 ut
1695 1483 1761 1546 nisi
1782 1481 1939 1563 qnondam

282 1582 469 1648 Fridcricns
497 1583 667 1648 canmncus
694 1583 831 1648 Sancdre
858 1584 989 1648 Mariae
1014 1585 1222 1650 Traiectensis
1251 1587 1485 1670 crucesignatus
1505 1586 1704 1669 [Willelmo]
1732 1585 1799 1666 repi
1821 1584 1937 1648 Romn-

282 1707 395 1750 norum
411 1686 798 1767 pensauriensecium,
823 1693 994 1768 prouentus
1010 1689 1210 1769 praenosce
1233 1690 1335 1771 *meins
1356 1709 1421 1754 non
1442 1688 1607 1754 heredibus
1628 1689 1704 1767 eius,
1731 1687 1786 1752 scd
1807 1687 1939 1770 Aepidio

283 1789 432 1854 corscnico
454 1788 590 1854 ciusdcm
612 1791 756 1855 emlcsiae
778 1792 926 1874 assipnet.
1584 1794 1678 1874 1249,
1701 1792 1783 1876 Apr.
1800 1793 1852 1857 28.

388 1910 452 1963 Irus.
465 1910 486 1964 I
488 1909 514 1963 V
529 1909 594 1980 ch.
614 1908 673 1964 Lu.
693 1909 740 1979 Π
756 1910 830 1978 fine,
848 1927 876 1966 u.
887 1917 946 1968 a30.

389 1995 488 2064 Bcrper
503 2003 575 2050 nuso

483 2231 491 2248 .
517 2231 526 2248 .
554 2174 720 2249 abbati
747 2175 906 2249 Sancti
932 2176 1176 2250 Trudonis
1202 2176 1488 2250 Leodiensis
1516 2176 1750 2250 diocesis¹.

395 2323 447 2388 Ex
476 2329 570 2410 parte
605 2323 718 2389 dilecti
752 2325 810 2388 filii
839 2323 948 2410 Egidii
983 2325 1132 2390 canonici
1167 2326 1307 2390 ecclesie
1343 2326 1439 2390 beate
1470 2323 1574 2390 Maris
1603 2315 1845 2389 Traiectensis²
1880 2325 1942 2388 luit

285 2429 489 2514 propositum
519 2449 629 2492 coram
663 2427 773 2508 nobis,
808 2429 893 2514 quod
924 2451 997 2493 cum
1028 2429 1100 2515 ipse
1134 2428 1352 2514 prebendam,
1387 2448 1450 2513 que
1484 2426 1546 2491 luit
1580 2427 1744 2512 quondam
1773 2426 1941 2492 Frederici

286 2531 437 2595 canonici
460 2531 607 2596 eiusdem
631 2531 782 2612 ecclesie,
806 2531 1039 2616 crucesignati,
1064 2531 1219 2596 canonice
1242 2532 1285 2595 sit
1307 2530 1458 2616 adeptus,
1483 2529 1652 2595 Gotlridus
1669 2531 1710 2595 de
1726 2530 1819 2596 Κιιῒ3
1837 2531 1941 2617 ipsius

286 2635 427 2700 ecclesie
444 2636 622 2699 canonicus
638 2640 672 2699 et
687 2635 742 2698 alii
760 2641 956 2700 executores
980 2635 1170 2700 testamenti
1192 2635 1269 2699 dicti
1285 2635 1321 2702 F.
1339 2634 1513 2700 occasione
1538 2634 1705 2698 cuiusdam
1728 2633 1943 2719 indulgentie,

286 2738 415 2804 clericis
438 2738 694 2825 obsequentibus
718 2738 887 2803 carissimo
911 2739 944 2802 in
961 2738 1093 2803 Christo
1116 2738 1184 2803 filio
1208 2744 1321 2804 nestro
1345 2788 1378 2805 ..
1403 2737 1472 2822 regi
1495 2736 1719 2802 Romanorum
1743 2737 1860 2802 illustri
1884 2759 1944 2822 per

285 2844 462 2908 triennium
485 2865 505 2908 a
527 2843 648 2908 dilecto
671 2843 736 2907 lilio
760 2849 872 2908 nostro
896 2842 934 2909 P.
951 2843 1064 2908 Sancti
1085 2842 1220 2930 Georgii
1243 2843 1420 2909 adVelum
1443 2842 1591 2907 Aureum
1613 2841 1752 2907 diacono
1776 2840 1943 2919 cardinali,

287 2954 363 3011 tunc
380 2947 413 3010 in
429 2945 576 3033 partibus
592 2946 656 3011 illis
674 2947 852 3032 apostolice
869 2946 958 3012 sedis
982 2948 1103 3032 legato,
1129 2969 1297 3028 concesse,
1322 2947 1447 3013 fructus
1470 2946 1557 3011 dicte
1580 2942 1749 3030 prebende
1773 2945 1943 3031 percipere

286 3072 347 3136 pro
376 3071 435 3114 sua
464 3051 635 3115 voluntate
665 3048 880 3128 contendunt,
911 3052 944 3114 in
972 3050 1119 3116 eiusdem
1141 3050 1180 3118 E.
1204 3050 1423 3138 preindicium
1446 3054 1480 3116 et
1501 3069 1692 3134 gravamen.
1737 3047 1943 3129 Mandemus,

286 3155 452 3240 quatinus,
476 3153 539 3218 nisi
556 3159 757 3220 memoratus
773 3153 811 3218 F.
828 3175 888 3241 per
904 3176 939 3219 se
961 3160 1121 3220 executus
1144 3155 1243 3221 fuerit
1258 3160 1369 3219 votum
1392 3153 1497 3218 crucis
1519 3153 1608 3218 dicto
1632 3153 1703 3238 regi
1726 3152 1944 3238 personaliter

286 3257 475 3337 serviendo,
505 3256 606 3323 facias
637 3257 723 3321 dicto
751 3255 790 3321 Ε.
814 3264 992 3342 proventus
1021 3257 1124 3344 ipsius
1154 3258 1322 3345 prebende
1352 3259 1479 3342 integre
1509 3256 1671 3340 assignari
1697 3292 1732 3303 -
1758 3254 1944 3321 huiusmodi

286 3361 491 3446 indulgentia
513 3383 578 3426 non
601 3361 756 3428 obstante
780 3386 836 3438 —;
859 3362 1117 3428 contradictores
1141 3364 1235 3431 etat.

391 3483 468 3551 Dat.
488 3483 652 3571 Lugduni,
676 3485 747 3549 IIII
770 3482 845 3549 Kal.
869 3483 960 3564 Maii,
984 3504 1070 3549 anno
1086 3485 1161 3550 VI⁰.

914 3713 1230 3722 .—-..—.—-..---.-—-.-.
1239 3715 1247 3718 -
1256 3713 1321 3719 --—..

1077 3939 1163 4011 700.

396 4032 613 4128 Innocentius
632 4061 689 4126 IV
699 4083 791 4142 papo
813 4060 852 4126 P.
875 4067 951 4126 nato
972 4060 1127 4142 Pandulfi
1149 4061 1186 4124 de
1207 4059 1338 4141 Aquino
1361 4059 1534 4136 baroniam,
1558 4063 1663 4123 castro
1685 4062 1714 4122 et
1734 4060 1834 4121 celcra
1856 4056 1946 4132 bonu,

290 4186 370 4247 quae
387 4170 482 4246 pater
504 4166 572 4230 cius
590 4166 705 4251 fautor
726 4163 887 4229 Fridcrici
909 4164 1069 4247 quondam
1089 4164 1290 4246 imperatoris
1312 4164 1461 4242 obtineat,
1491 4163 1643 4239 concedit,
1664 4162 1712 4226 ila
1735 4165 1839 4224 tamen
1861 4161 1897 4222 ut
1918 4158 1948 4222 si

290 4271 345 4334 illc
367 4269 412 4334 od
432 4270 618 4336 mundatum
640 4270 784 4336 ecclesiae
805 4269 943 4348 redierit,
965 4289 1002 4332 en
1025 4268 1132 4332 omnic
1153 4268 1272 4352 integre
1295 4267 1450 4332 redebeat.
1593 4266 1687 4342 1249,
1709 4263 1791 4344 Apr.
1806 4264 1859 4326 29.

395 4389 458 4444 Iun
472 4389 521 4444 IV
536 4389 600 4460 Req.
614 4388 674 4444 nu.
692 4389 738 4458 Π
754 4389 775 4456 f.
789 4397 831 4457 dd,
849 4406 877 4443 n.
891 4396 948 4443 514.
983 4388 1139 4457 Encaustus,
1163 4387 1234 4456 qnod
1250 4385 1542 4452 Hudlord-Brelsulles,
1566 4384 1582 4437 l.
1597 4399 1619 4437 c.
1638 4387 1655 4436 t.
1675 4382 1726 4450 VI,
1745 4399 1775 4450 p.
1790 4387 1834 4435 726
1857 4379 1946 4446 edidit,

291 4476 453 4530 contulimus
470 4491 530 4529 curn
550 4475 674 4544 Reposito.

397 4563 529 4630 Pottbast,
549 4562 717 4632 Req.13327,·
734 4561 833 4630 Berper
850 4567 923 4616 4604.

423 4741 584 4814 Nobili
612 4739 712 4813 viro
740 4740 781 4814 P.
809 4743 921 4813 neto
950 4739 1133 4812 nobilis
1159 4737 1248 4811 viri
1276 4735 1502 4811 Pandulfi
1530 4735 1586 4807 de
1613 4731 1817 4825 Aquino

402 4891 484 4956 Cum
508 4891 627 4955 nobilis
651 4890 700 4954 vir
722 4890 905 4954 Pandullus
927 4888 969 4954 de
985 4888 1118 4974 Aquino
1141 4894 1256 4975 pater⁰
1280 4893 1354 4950 tuus
1374 4884 1548 4949 Frederico
1573 4881 1735 4968 quondam
1759 4880 1947 4967 imperatori

294 5003 408 5061 contra
432 4995 606 5060 ecclesiam
623 4994 784 5059 adherere
802 4998 979 5080 presumat,
1002 5013 1074 5073 nos,
1098 4991 1232 5079 provide
1249 4988 1456 5054 attendentes
1473 4987 1560 5073 quod
1577 4987 1664 5051 idem
1680 5005 1800 5072 penam
1816 4989 1949 5070 propter

398 5223 422 5288 ⁸)
440 5223 562 5290 quatinus
579 5221 712 5290 repetitum
724 5220 829 5288 manetis
846 5219 983 5286 suppositis
1001 5219 1111 5270 &lemur
1129 5225 1173 5270 est.
1277 5214 1302 5282 b)
1321 5225 1351 5270 ut
1367 5215 1532 5282 naperren'pl.
1636 5212 1659 5278 ⁰)
1679 5219 1752 5280 pater
1770 5237 1802 5248 -
1821 5211 1950 5278 quondam

295 5315 322 5365 in
340 5315 395 5365 loco
414 5329 483 5363 raso.

400 5431 426 5498 1)
444 5430 489 5484 De
506 5429 553 5482 lroc
569 5428 602 5494 cf.
621 5443 648 5482 n.
664 5433 720 5480 708.
808 5425 834 5491 2)
858 5421 895 5488 Os.
914 5439 941 5475 n.
956 5429 1008 5478 710.
1098 5422 1125 5487 3)
1148 5419 1183 5475 Ut
1205 5419 1310 5474 vidum
1326 5417 1359 5473 de
1378 5417 1458 5472 ‘Kuc'
1478 5415 1575 5487 [Galil
1596 5415 1633 5469 nd
1653 5415 1770 5482 Mosam,
1793 5429 1885 5470 emer.
1902 5414 1949 5468 cin.

294 5517 468 5588 NirnwcpenJ,
495 5514 527 5568 iu
548 5531 603 5584 quo
624 5511 732 5579 sensilia
754 5526 849 5564 nonen
869 5507 1011 5574 Godefiidi
1033 5507 1103 5562 alus
1126 5523 1229 5575 qnoque
1250 5506 1401 5574 reperimus
1438 5501 1576 5557 Hearicus
1598 5506 1623 5555 et
1643 5499 1779 5570 Rntperas
1800 5500 1896 5567 [robes
1919 5499 1952 5553 de

293 5603 386 5659 Kaicb
406 5602 456 5656 aab
477 5601 570 5656 danila
589 5597 714 5654 Willelnii
735 5595 803 5666 repis
825 5593 1025 5662 a.1248‚Dea
1043 5601 1075 5648 26
1098 5595 1224 5663 tegamur
1247 5609 1290 5662 ap.
1310 5587 1544 5658 Bdbmcr·Fic]tcr,
1565 5589 1582 5642 l.
1598 5603 1618 5642 c.
1637 5595 1710 5643 4954.
1813 5587 1842 5654 4)
1861 5585 1904 5642 De
1924 5601 1953 5642 re

294 5691 374 5746 umidi
391 5691 425 5758 cf.
445 5707 472 5743 n.
486 5697 542 5746 6⁸3.
