4784 6334
450 425 511 486 440
1005 419 1051 474 EX
1069 417 1288 476 INNOCEN'I'II
1307 419 1347 476 IV
1365 420 1547 476 REGIS'I'RO

448 594 656 675 mandamus,
686 593 839 678 quatinus
870 613 968 678 super
998 615 1098 658 causa
1121 594 1279 659 natalium
1303 593 1481 659 eorundem
1503 595 1660 660 nobilium
1686 630 1725 640 -
1750 615 1815 658 uon
1838 594 1991 658 obstante
2014 591 2101 678 quod

446 718 544 784 super
575 697 636 762 hoc
664 698 750 763 inter
780 698 869 782 ipsos
898 718 940 761 ex
968 703 1061 783 parte
1089 719 1155 762 uua
1178 705 1211 762 et
1234 697 1353 762 fratres
1378 719 1491 762 corum
1515 720 1558 763 ex
1581 696 1769 762 alterascit
1792 696 2018 762 eoramnobis
2041 697 2101 761 ali·

446 799 590 884 quandiu
612 800 775 885 litigatum
799 807 831 865 at
853 821 1042 886 processum
1056 803 1075 880 ¹,
1108 823 1180 866 oum
1209 802 1308 866 nichil
1332 800 1408 866 inde
1433 801 1641 866 terminatum
1665 799 1824 879 extiterit,
1853 837 1895 846 —
1918 799 2100 885 inquiratis,

447 904 531 967 sicut
570 904 673 988 magis
712 903 753 968 dc
792 904 890 989 plano
928 904 1092 989 poteritis,
1131 904 1322 989 diligentius
1358 905 1546 984 veritatem,
1585 912 1619 968 et
1651 902 1737 988 quod
1771 904 1964 967 canonicum
2001 903 2101 968 fucrit

447 1006 668 1093 appellatione
692 1007 874 1093 postposita
898 1007 1064 1082 statuatis;
1089 1009 1261 1094 questione
1283 1007 1442 1072 bonorum
1465 1008 1637 1094 principali
1661 1007 1791 1070 domino
1814 1013 1993 1072 reservata.

555 1128 632 1197 Dat.
657 1135 693 1194 ut
716 1128 846 1215 supra².

1233 1430 1320 1504 618.

552 1526 770 1618 Innocentius
793 1551 851 1615 IV
862 1573 953 1634 popo
978 1554 1128 1634 ιηιιριεινο
1158 1552 1286 1630 siolum,
1318 1551 1498 1617 consulibus
1529 1555 1558 1615 ct
1590 1551 1792 1614 nirioersitnti
1818 1551 2103 1632 Arpentinensibus

447 1655 596 1738 liedulpct,
624 1659 660 1719 ut
680 1675 785 1719 eornm
806 1655 895 1737 ptris,
918 1657 1080 1737 nepotibus
1102 1661 1131 1720 ct
1152 1655 1395 1738 eonsenpnineis
1416 1656 1453 1720 in
1468 1655 1707 1736 provisionibus
1729 1655 1811 1719 sedis
1833 1655 2021 1736 apostolicae
2043 1655 2104 1720 alii

447 1777 512 1822 non
528 1757 769 1844 praeferuntur.
794 1799 834 1806 —
857 1759 966 1825 Huius
988 1761 1193 1826 concessionis
1215 1763 1447 1825 conservatores
1469 1759 1638 1823 constituit.
1753 1761 1847 1835 1248,
1868 1756 2014 1822 Deu10.

551 1878 617 1931 rna.
631 1879 678 1934 ιν
696 1879 760 1950 nu.
780 1881 839 1934 en.
856 1880 908 1948 vr,
923 1881 944 1948 f·
957 1888 996 1949 ιι,
1015 1897 1044 1934 u.
1056 1887 1105 1936 aas
1124 1885 1219 1935 erasa

550 1965 677 2036 num,
697 1967 759 2036 Rip.
774 1973 853 2023 rarae
870 1971 894 2021 et
912 1974 997 2036 13121,
1013 1967 1084 2033 suso
1100 1967 1151 2020 seb
1169 1966 1234 2022 Dec.
1248 1977 1290 2031 m·
1308 1967 1407 2036 Repe
1424 1973 1490 2022 4350
1508 1971 1534 2020 et
1551 1972 1625 2021 eser.

1249 2140 1292 2206 ¹1.

449 2311 489 2329 ..
518 2257 733 2349 magistro
762 2256 944 2346 civium,
978 2257 1248 2332 consulibus
1282 2261 1325 2331 et
1353 2256 1647 2332 universitati
1675 2256 2102 2350 Argentinsnsibus,

555 2405 778 2491 Exigentibus
803 2414 911 2472 vestre
936 2408 1121 2472 devotionis
1145 2408 1271 2472 meritis
1287 2414 1351 2474 sto.
1374 2428 1493 2492 usque:
1519 2406 1724 2473 exaudimus.
1762 2406 1923 2494 Experto
1940 2406 2101 2493 siquidem

447 2515 560 2574 vestra
588 2511 650 2574 luit
679 2513 882 2599 propositum
913 2533 1022 2577 eoram
1053 2511 1165 2591 nobis,
1197 2510 1283 2597 quod
1313 2531 1387 2575 cnm
1416 2517 1482 2575 tam
1506 2533 1526 2575 a
1548 2511 1643 2576 nobis
1671 2533 1769 2596 quam
1794 2533 1813 2574 a
1836 2512 1955 2596 legatis
1984 2513 2102 2576 nostris

447 2633 506 2698 pro
534 2612 730 2698 quibusdam
758 2614 849 2690 filiis,
880 2616 1053 2700 nepotibus
1082 2621 1115 2678 et
1144 2613 1396 2699 consanguineis
1420 2615 1539 2678 vestris
1570 2635 1669 2701 super
1691 2615 1836 2701 ipsorum
1859 2615 2102 2702 provisionibus

448 2716 577 2782 diverse
601 2716 643 2783 ad
665 2716 812 2784 diversos
836 2719 946 2784 littere
970 2719 1165 2800 emanarint,
1189 2719 1265 2804 quia
1288 2716 1497 2803 postmodum
1514 2738 1574 2781 nos
1592 2725 1625 2782 et
1640 2716 1740 2782 iidem
1756 2718 1858 2801 legati
1873 2717 1946 2782 aliis
1963 2719 2104 2803 gratiam

448 2820 571 2884 tamin
595 2842 718 2906 gauere
741 2843 839 2907 quam
862 2823 895 2886 in
924 2822 1034 2908 specie
1065 2822 1184 2886 fecisse
1213 2821 1361 2898 dicimur,
1393 2828 1429 2885 ιιι
1459 2820 1617 2907 predictis
1646 2821 1790 2886 debeant
1818 2821 1851 2885 in
1879 2823 2103 2907 provisionum

449 2925 658 2990 assecutione
685 2924 838 3011 preferri,
867 2932 1050 2991 vestrorum
1081 2927 1285 3011 provisiones
1309 2925 1382 3012 plus
1406 2924 1516 2990 debito
1539 2925 1763 3001 retardantur;
1793 2947 1894 3010 quare
1921 2923 1990 3012 lul·
2011 2927 2105 2992 nobis

447 3028 616 3093 humiliter
638 3030 842 3114 postulastis,
866 3037 902 3094 ut
924 3029 1098 3117 providere
1122 3051 1221 3115 super
1237 3030 1297 3096 hoo
1315 3037 1453 3117 paterna
1469 3029 1691 3094 sollicitudine
1708 3051 1908 3096 curaremus.
1945 3031 2104 3096 Nolentes

446 3133 556 3216 igitur,
579 3140 616 3196 ut
631 3132 691 3197 hac
714 3134 883 3198 occasione
900 3135 1104 3220 provisiones
1122 3132 1307 3198 huiusmodi
1323 3133 1465 3198 debeant
1483 3132 1652 3214 retardari,
1676 3133 1800 3197 eisdem
1818 3134 1904 3214 filiis,
1928 3134 2103 3220 nepotibus

447 3243 481 3301 et
509 3236 760 3322 consanguineis
785 3238 918 3316 vestris,
948 3236 1122 3302 dummodo
1150 3238 1183 3302 in
1213 3238 1354 3303 ecclesie
1383 3235 1558 3301 devotione
1588 3237 1778 3323 persistant,
1811 3237 2005 3302 auctoritato
2030 3258 2104 3324 prs-

449 3343 590 3406 sentium
612 3341 831 3428 indulgemus,
860 3348 896 3406 ut
919 3342 1011 3422 nulli,
1038 3340 1213 3408 dummodo
1237 3363 1302 3406 uon
1326 3343 1390 3407 siut
1413 3340 1595 3406 beneficiab
1619 3343 1773 3420 assecuti,
1804 3341 1852 3406 eis
1876 3341 2003 3406 ratione
2028 3362 2105 3428 pre·

449 3443 535 3509 (ficte
550 3445 656 3529 gratie
672 3443 910 3531 preferantur³,
927 3444 984 3509 ssd
1000 3445 1084 3510 sicut
1100 3446 1225 3533 priores
1243 3453 1318 3510 sunt
1335 3467 1393 3531 per
1407 3444 1538 3510 datam⁴
1555 3453 1588 3510 et
1604 3445 1905 3532 presentationem⁵
1919 3444 2105 3510 litterarum

448 3547 610 3633 ipsarum,
640 3548 703 3612 ita⁰
732 3549 765 3612 in
794 3548 989 3613 executione
1016 3549 1258 3635 provisionuml
1281 3550 1345 3613 siut
1368 3549 1467 3614 etiam
1490 3549 1636 3633 potiores
1660 3587 1696 3597 -—
1724 3571 1787 3613 non
1812 3548 2021 3613 obstantibus
2044 3547 2104 3612 ali-

449 3650 566 3737 quibus
590 3650 709 3716 litteris
733 3673 752 3714 a
774 3651 869 3716 nobis
892 3652 946 3716 vel
968 3650 1092 3715 eisdem
1114 3651 1233 3736 legatis
1257 3652 1400 3716 obtentis
1416 3651 1469 3716 vel
1486 3650 1585 3716 etiam
1602 3650 1798 3718 obtinendis.
1836 3651 1926 3716 Nulli
1946 3671 2024 3735 ergo
2040 3656 2102 3714 etc.

448 3760 559 3819 nostre
584 3756 805 3836 concessionis
829 3763 890 3821 etc.

557 3876 635 3942 Dat.
658 3875 822 3962 Lugduni,
845 3875 916 3940 IIlI
939 3874 987 3942 Id.
1010 3876 1218 3958 Decembris,
1242 3897 1327 3942 anno
1344 3875 1442 3940 VI⁰⁸.

675 4139 680 4150 ι
1254 4083 1298 4150 II.

451 4258 491 4277 ..
520 4202 674 4276 Sancti
692 4201 931 4294 Arbogasti
958 4207 1003 4275 et
1028 4256 1061 4275 ..
1082 4202 1243 4276 Sancte
1261 4201 1505 4276 Trinitatis
1533 4200 1832 4275 ecelesiarum
1862 4201 2106 4294 prepositis

704 4328 749 4396 ct
777 4379 816 4398 ..
845 4324 1015 4398 decano
1043 4323 1197 4398 Sancti
1224 4324 1391 4398 Thome
1417 4322 1856 4415 argentinensibus.

558 4472 779 4558 Exigentibus
802 4480 864 4540 etc.
886 4479 923 4536 ut
946 4494 1045 4558 supra
1067 4472 1174 4537 verbis
1204 4480 1430 4559 competenter
1459 4472 1593 4537 mutatis
1621 4491 1737 4556 usque:
1770 4472 1967 4540 obtinendis.
2012 4472 2103 4547 Quo-

450 4576 537 4640 circa
565 4576 773 4657 uraudamus,
803 4577 955 4663 quatinus
983 4597 1047 4640 non
1075 4577 1275 4663 permittatis
1303 4577 1465 4663 predictos
1489 4578 1589 4656 tilios,
1622 4582 1760 4662 nepotes
1785 4583 1819 4641 at
1843 4577 2106 4662 consanguineos

562 4719 692 4724 ..α--..ω
751 4719 825 4723 ---.-
863 4719 1043 4726 --..-..-.-.--.
1192 4719 1264 4726 -..--..

553 4802 577 4864 ⁸)
596 4819 612 4852 a
628 4801 697 4853 deest
713 4801 745 4852 R.
845 4800 871 4866 ιι)
892 4803 1014 4854 beneflcio
1032 4819 1099 4854 corr.
1119 4802 1250 4854 beneficio.
1350 4801 1373 4864 ο)
1393 4801 1438 4852 litt.
1451 4819 1525 4854 erum
1542 4803 1578 4854 ita
1595 4803 1623 4852 in
1642 4803 1696 4854 loco
1716 4819 1785 4854 roso.
1885 4799 1910 4868 d)
1931 4803 2106 4870 provisionum

449 4888 478 4939 in
496 4887 550 4938 loco
567 4903 638 4938 roeo.

557 5007 583 5070 l)
603 5005 641 5071 Of.
660 5021 688 5059 n.
704 5013 741 5072 74,
761 5012 811 5060 128
828 5011 852 5060 et
870 5012 922 5060 129.
1005 5005 1031 5073 2)
1052 5004 1091 5071 Os.
1110 5005 1186 5072 infre
1204 5005 1254 5058 snb
1271 5011 1383 5072 o.1249,
1404 5003 1481 5058 Febr.
1494 5012 1532 5060 25.
1615 5007 1642 5070 3)
1663 5005 1702 5071 Os.
1721 5022 1747 5058 n.
1761 5013 1812 5060 492
1828 5011 1853 5058 et
1864 5013 1920 5060 570.
2001 5007 2029 5073 4)
2049 5006 2105 5062 Le.

450 5095 541 5145 notem
557 5089 770 5160 clumsoloproom.
857 5093 884 5156 b)
903 5092 1053 5146 Pemnultoe
1077 5092 1198 5160 epistdee
1214 5110 1233 5144 n
1249 5091 1326 5145 meio
1345 5090 1441 5159 papali
1464 5090 1576 5145 neniis
1600 5091 1777 5158 mittebantur,
1804 5108 1917 5160 porum
1941 5092 2052 5145 nornine
2075 5091 2106 5145 in

450 5175 622 5244 inscriptione
634 5178 725 5245 postte
743 5183 832 5246 erem,
855 5177 901 5232 sed
917 5177 952 5231 iis
973 5177 1171 5245 munemne,
1200 5177 1296 5244 quibus
1319 5177 1489 5244 interfuerat,
1518 5182 1551 5230 nt
1572 5177 1752 5231 sorbentur.
1788 5178 1815 5232 n·
1836 5195 1907 5246 erpo,
1931 5177 1979 5246 qui
2002 5183 2033 5231 nt
2055 5177 2108 5232 dici

450 5263 558 5332 solebat,
583 5264 691 5320 ‘lituos
714 5257 916 5333 impetraverant
932 5264 970 5317 ed
986 5263 1106 5332 eliqeeoa’,
1131 5279 1176 5316 eus
1194 5262 1343 5329 desumant
1360 5267 1384 5316 et
1396 5263 1606 5331 praesentabant
1623 5263 1667 5330 iis,
1692 5263 1730 5316 ed
1747 5281 1812 5331 qnos
1829 5264 1988 5318 nmndmum
2005 5271 2108 5334 oporto·

451 5349 530 5403 licum
552 5351 680 5405 directum
701 5357 772 5418 ernt,·
793 5352 828 5418 os.
842 5369 871 5419 p.
887 5358 940 5418 186,
962 5355 1047 5404 not2
1068 5355 1093 5402 et
1113 5349 1148 5402 N.
1161 5351 1196 5402 A.
1215 5353 1232 5403 t.
1249 5349 1285 5410 X,
1305 5365 1334 5416 p.
1353 5355 1408 5403 566.
1496 5350 1523 5417 6)
1542 5347 1595 5402 Sub
1612 5349 1676 5403 Dee.
1689 5359 1717 5402 11
1736 5366 1812 5418 popo
1830 5350 1957 5404 Willelrno
1978 5351 2032 5419 rapi
2054 5351 2107 5405 Ro·

450 5453 594 5491 innumero
609 5437 734 5506 concedit,
752 5443 784 5490 ut
800 5453 860 5491 mem
878 5437 1004 5491 nonnulli
1017 5435 1135 5503 podati
1152 5441 1175 5489 et
1193 5435 1314 5502 capitulo
1326 5434 1508 5488 Alomomsiue
1522 5451 1630 5502 procuro
1647 5435 1712 5502 eius,
1730 5440 1761 5488 ut
1778 5437 1813 5488 ab
1828 5437 1942 5504 undeno
1954 5442 2108 5491 wasnaum

449 5523 543 5591 suen,
565 5523 736 5578 mandimus
749 5523 884 5592 promittes
898 5523 1069 5590 monument
1086 5537 1113 5575 se
1135 5521 1294 5589 qubusdam
1318 5521 1416 5575 eumen
1432 5521 1587 5588 procisnros
1611 5537 1676 5590 esse,
1699 5521 1800 5590 sinpnli
1822 5523 1922 5590 daim,
1947 5524 2044 5591 quibus
2067 5525 2107 5578 itu
2163 5541 2193 5580 eo

448 5609 584 5680 prooidm
599 5611 760 5679 promiensi
776 5611 811 5665 sit
828 5616 877 5663 out
894 5611 974 5663 etiem
988 5609 1171 5678 ponuntur,
1194 5609 1227 5662 in
1243 5610 1406 5663 msecnmne
1418 5608 1603 5675 prooumnum
1621 5608 1742 5662 annues
1764 5609 1838 5675 alin,
1858 5625 1912 5678 pro
1933 5611 2031 5678 paribvs
2053 5612 2108 5679 pose

447 5713 524 5765 popo
541 5698 579 5750 oel
597 5695 673 5766 lopati
691 5696 736 5750 sni
753 5695 905 5764 mripsuint
922 5697 961 5750 cel
976 5696 1100 5763 nnbont,
1116 5696 1321 5764 pulmentum
1340 5695 1470 5764 Pottbest,
1490 5695 1659 5764 Rep131165
1682 5712 1750 5764 quoe
1767 5713 1806 5766 ep.
1824 5697 1855 5749 in
1874 5697 1937 5767 Rep.
1955 5713 2012 5751 non
2028 5703 2107 5752 estet.
