4328 6232
329 338 383 394 XII
1050 336 1266 392 PRAEFATIO.

328 519 543 610 sufficienter
573 517 763 608 probatum
803 539 874 589 esse
912 538 982 587 nou
1013 516 1158 588 miletur.
1220 515 1359 588 Multas
1391 514 1479 585 euim
1515 514 1675 606 emstolos
1710 538 1752 586 eu
1783 515 1927 587 minutis
1953 519 1992 589 in

328 637 477 729 Repesta
502 640 731 730 transcriptas
756 659 827 709 esse
854 659 966 728 supro
988 638 1264 708 monstrauimus.
1326 633 1519 707 Praeterea
1544 635 1741 706 ontluntico
1766 636 1991 726 epistolarum

324 757 509 850 papalium
531 781 650 850 pauco
675 764 871 850 supersunt,
899 758 1062 849 inprimis
1089 780 1221 845 caraem,
1251 755 1371 847 quibam
1398 778 1421 824 a
1441 777 1541 845 popa
1561 753 1641 825 aliis
1661 757 1823 846 personis
1849 757 1933 825 iuro
1959 761 1991 827 ct

329 877 555 949 emolumenta
582 901 740 950 cmoessa
767 885 856 967 sunt,
885 900 961 950 oum
980 877 1215 969 epistolarum,
1245 875 1333 967 9555
1349 873 1512 965 publicas
1538 880 1568 945 ct
1593 874 1759 965 speciales
1785 897 1842 946 res
1869 878 1991 947 euriae

329 999 549 1089 5555955556,
575 998 793 1091 omniafere
828 999 1008 1090 deperdita
1040 998 1117 1068 sint.
1183 997 1243 1067 Ad
1282 997 1345 1066 bas
1384 1001 1499 1066 autem
1538 994 1699 1086 epistolas
1738 997 1991 1067 conservandas

329 1117 478 1209 Repesta
512 1119 669 1190 instituta
706 1125 800 1210 sunt,
837 1125 868 1191 et
900 1140 959 1190 eas
980 1120 1229 1209 reoistraturac
1254 1138 1411 1187 numam
1447 1121 1477 1185 et
1504 1115 1658 1205 rapulam
1686 1115 1820 1187 dedisse
1847 1139 1989 1188 consen·

329 1244 466 1309 laneum
500 1245 558 1310 est.
536 1236 661 1310 tSi
691 1262 770 1331 erpo
806 1238 994 1310 multarum
1026 1239 1130 1310 buius
1160 1237 1299 1328 penoris
1332 1235 1556 1328 epistolarum
1582 1238 1693 1306 minut
1694 1258 1733 1307 os
1758 1236 1795 1306 in
1821 1238 1989 1328 55955055-

328 1365 446 1430 turam
471 1361 595 1431 rnmsas
620 1361 777 1432 uidemus
806 1365 837 1432 et
863 1359 1033 1448 aliarum,
1061 1379 1150 1449 qnos
1175 1379 1379 1429 conservare
1405 1359 1523 1428 euriae
1549 1378 1619 1426 non
1643 1356 1871 1445 interfuit,a
1849 1357 1988 1448 seliquas

328 1482 445 1551 eodem
481 1480 580 1550 modo
616 1480 722 1569 repist
722 1485 780 1550 rat
781 1503 820 1551 os
855 1481 1067 1570 reperimus,
1105 1479 1193 1549 banc
1227 1477 1543 1551 cousuetudinem
1530 1500 1606 1546 aure
1632 1476 1745 1547 dicere
1769 1476 1870 1547 nobis
1897 1476 1987 1565 licet,

323 1598 530 1690 praesertim
557 1621 634 1669 eune
662 1600 832 1690 quaedam
857 1623 924 1688 res,
951 1621 1038 1690 quos
1064 1598 1165 1670 valde
1190 1596 1359 1668 notabiles
1390 1598 1485 1688 apud
1504 1595 1629 1687 Repest
1630 1620 1653 1667 a
1671 1596 1988 1687 animadvertemus,

328 1718 399 1790 alio
427 1720 525 1789 modo
551 1718 659 1806 focile
685 1719 855 1810 conplicari
882 1742 950 1790 nou
970 1719 1134 1810 possint&
1187 1716 1244 1789 Ab
1270 1718 1334 1788 bae
1360 1723 1497 1790 consuet
1484 1717 1651 1789 tudinet
1620 1718 1721 1789 etiam
1748 1718 1798 1788 cis
1824 1720 1988 1808 tempori·

329 1837 401 1926 bus,
428 1839 470 1910 de
497 1839 620 1930 quibus
647 1838 831 1929 loquimur,
858 1840 1045 1910 discessum
1073 1859 1144 1909 esse
1168 1838 1305 1925 seimus,
1332 1840 1393 1910 sed
1420 1860 1461 1909 ea
1488 1859 1526 1908 re
1552 1838 1633 1929 lept,
1661 1861 1765 1929 quom
1792 1840 1986 1925 statuimus,

327 1960 487 2048 cleropori
514 1981 555 2029 eu
581 1959 700 2030 causis
712 1959 916 2048 praemissis
937 1979 1006 2028 uon
1029 1953 1230 2030 crouland.
1289 1958 1333 2029 Ut
1350 1959 1447 2030 mobis
1475 1961 1623 2047 uidetur,
1649 1961 1689 2030 id
1710 1965 1844 2029 tantum
1867 1964 1986 2046 restat,

327 2085 365 2150 ut
392 2077 512 2170 quoles
539 2077 701 2169 epistolae
726 2101 769 2150 en
795 2078 999 2150 authenticis
1024 2079 1229 2168 reoistratoe
1259 2077 1394 2168 fuerent
1427 2086 1458 2150 et
1486 2102 1555 2171 qua
1582 2081 1624 2151 55
1651 2102 1759 2150 causo
1787 2079 1828 2150 id
1853 2079 1988 2167 foetum

327 2197 402 2287 sit³,
428 2201 527 2270 novis
555 2196 850 2290 disquisitionibus
871 2199 1015 2289 plenius
1043 2200 1243 2288 definiatur.

192 2337 309 2389 10555-
432 2318 520 2389 Cum
549 2319 721 2410 pleraque
756 2318 910 2409 enemplo
945 2318 1171 2409 Repestorum
1207 2320 1411 2411 apopropba
1443 2320 1653 2391 minutmum
1685 2320 1763 2406 sint,
1795 2322 1986 2410 quaeritur,

203 2441 293 2577 &a
328 2462 416 2531 quae
442 2438 550 2526 faerit
576 2438 692 2526 forma
718 2441 940 2509 minutarum.
993 2437 1155 2509 Minutae
1178 2442 1285 2530 ipsae,
1314 2441 1429 2530 quood
1454 2443 1589 2529 scimus,
1618 2446 1772 2512 servatae
1797 2463 1869 2511 uon
1895 2447 1985 2528 sient,

296 2547 389 2632 ¹sed
420 2559 704 2650 quemadmodum
736 2559 885 2650 scriptae
918 2557 1066 2648 fuerint,
1106 2582 1148 2631 en
1183 2559 1318 2650 aliquot
1352 2559 1437 2632 loeis
1468 2559 1694 2652 Reaestorum
1730 2560 1838 2633 conici
1859 2566 1985 2652 potest.

327 2678 466 2751 Earum
486 2679 674 2771 plerasque
701 2685 731 2750 el
757 2703 834 2752 oraru
860 2680 1063 2751 autbenticis
1089 2686 1121 2751 ct
1146 2703 1224 2752 oum
1241 2679 1399 2772 Repestis
1416 2681 1555 2752 omnino
1579 2677 1836 2770 concordasse⁴,
1864 2704 1984 2771 quom·

328 2823 432 2890 quam
458 2799 642 2889 offirmare
667 2823 737 2871 non
756 2823 957 2892 possumus,
995 2823 1120 2891 nepure
1154 2806 1244 2872 certe
1278 2823 1346 2871 non
1373 2801 1461 2873 licet.
1514 2800 1585 2873 Sed
1612 2800 1749 2892 aliquae
1775 2804 1825 2873 ito
1851 2824 1985 2892 compo·

326 2922 412 2992 siloe
437 2926 546 3010 oraru,
573 2926 612 2991 ut
629 2920 783 3011 eaenipla
800 2920 890 2991 inter
908 2943 942 2992 se
954 2919 1141 3010 paululum
1160 2920 1360 3009 differentia
1383 2943 1424 2991 55
1448 2921 1495 2992 eis
1511 2923 1696 3013 provenire
1713 2922 1821 3010 facilc
1831 2928 1984 3013 possent.

327 3040 439 3112 Proui
470 3065 512 3113 ee
547 3040 823 3112 annotationibus
853 3040 986 3112 Urbani
1007 3039 1071 3112 IV
1090 3039 1174 3130 1559.
1207 3040 1281 3112 Vol.
1303 3041 1364 3113 IV
1387 3041 1643 3133 conperimeas⁶,
1673 3042 1801 3114 neultae
1833 3045 1986 3114 minutae

326 3168 495 3234 correctae
520 3161 572 3233 ael
592 3161 729 3252 pluries
754 3167 960 3233 retractatae
984 3167 1074 3250 sunt,
1103 3184 1172 3251 quo
1197 3185 1236 3232 re
1263 3163 1405 3252 quidam
1438 3162 1503 3234 loci
1527 3186 1647 3234 eonem
1672 3164 1785 3235 minus
1812 3164 1893 3236 benc
1920 3164 1985 3254 lapi

327 3290 359 3354 et
393 3280 547 3355 errores6
574 3283 627 3354 ael
661 3282 819 3354 lectiones
853 3281 944 3354 aliae
982 3285 1020 3353 in
1047 3281 1203 3374 Reaestis
1238 3282 1328 3354 oliae
1359 3283 1397 3352 in
1423 3281 1645 3355 autbcnticis⁷
1686 3286 1776 3356 miri
1810 3290 1984 3377 poterant.

327 3401 515 3475 Praeterea
540 3405 571 3475 si
592 3402 713 3494 plures
739 3401 900 3493 epistolae
926 3405 1077 3474 eiusdem
1103 3403 1158 3476 ael
1184 3403 1333 3475 eiusdem
1360 3404 1439 3492 fere
1459 3407 1599 3491 tenoris,
1623 3409 1832 3496 praesertim
1858 3407 1984 3497 episto-

327 3523 382 3596 loe
407 3523 609 3616 encyclicae,
634 3521 837 3594 serviendae
869 3527 985 3611 mant,
1015 3547 1089 3594 inea
1122 3529 1255 3594 tautrme
1279 3523 1415 3594 minuta
1442 3523 1696 3615 conficiebatur,
1722 3526 1761 3595 in
1786 3549 1855 3616 qua
1882 3526 1986 3596 acrba

327 3646 513 3717 seeundum
533 3665 706 3735 personas
731 3644 918 3729 varianda,
946 3642 976 3713 si
1002 3649 1168 3714 annotata
1194 3640 1301 3733 snut⁸,
1329 3643 1447 3715 leuiter
1473 3650 1606 3715 tantum
1632 3645 1925 3735 upnificobantur,
1954 3653 1986 3718 ct

327 3768 473 3856 scriptor
511 3771 541 3836 et
575 3763 798 3854 Repestorum
839 3770 871 3835 ct
911 3763 1180 3836 authenticorum
1219 3766 1373 3834 animum
1413 3766 1587 3836 inumlere
1625 3766 1778 3855 debebat,
1813 3773 1851 3837 ut
1884 3766 1986 3839 aerbo

327 3884 471 3976 sinpnle's
496 3884 650 3976 epistolis
675 3883 944 3955 transcribemlis
973 3890 1056 3974 apto
1080 3890 1231 3974 poneret,
1260 3885 1298 3954 in
1324 3908 1391 3975 quo
1418 3887 1558 3977 saepius
1582 3886 1722 3958 errauit.
1776 3886 1816 3958 Si
1842 3909 1920 3977 erpo
1947 3887 1986 3957 in

327 4005 446 4096 aliqua
471 4005 616 4096 epistola
641 4004 795 4096 pluralis
816 4027 885 4094 pro
912 4003 1102 4094 sinpnlari⁹
1129 4005 1183 4077 ocl
1203 4028 1359 4096 persono
1395 4008 1545 4079 scaenae
1567 4031 1636 4098 pro
1663 4009 1765 4079 tertio
1773 4006 1798 4043 ¹⁰
1818 4006 1872 4078 oel
1899 4007 1984 4078 allo·

328 4127 473 4196 orationis
499 4127 619 4215 forma
644 4123 836 4198 mendosa¹¹
863 4126 1051 4215 reperitur,
1087 4129 1317 4212 sciscitamur,
1349 4149 1433 4197 usura
1466 4127 1537 4197 aliu
1564 4128 1707 4217 epistola
1741 4131 1903 4220 eutiterit,
1930 4131 1986 4200 cui

507 4298 511 4301 .
540 4297 593 4302 -..
631 4297 713 4302 ----
732 4297 755 4301 --
767 4295 1880 4306 -——-—--—-—-—————-————--—-——-—-oe-—-.--.-.—--

432 4411 457 4474 l)
477 4409 576 4465 Prosci
573 4427 629 4479 pue
645 4410 769 4479 epistolae
786 4427 842 4464 nou
858 4411 1019 4479 capistratas,
1038 4416 1097 4464 tum
1109 4411 1240 4479 9755555,
1255 4428 1325 4479 prae
1336 4410 1414 4476 intra
1431 4410 1463 4464 de
1476 4411 1566 4476 formo
1577 4412 1745 4466 minatorem
1756 4419 1801 4468 etc.
1821 4413 1984 4469 dissuasus.

326 4496 354 4562 2)
373 4494 468 4548 Etiam
486 4512 519 4550 55
540 4496 588 4550 boc
605 4496 678 4565 9555
696 4496 802 4564 Deuisle
826 4497 917 4550 attulit
938 4513 977 4564 se,
996 4513 1056 4551 cum
1079 4497 1234 4551 autlsustico
1256 4503 1479 4566 perscrutaretur,
1499 4515 1551 4567 quo
1564 4500 1680 4568 propius
1705 4517 1770 4554 saec.
1789 4510 1821 4555 14
1837 4517 1869 4554 ea
1886 4501 1985 4568 scripta

326 4581 474 4650 meruisset,
492 4598 522 4636 eo
539 4584 645 4651 saepius
663 4583 741 4652 siqua
758 4583 948 4652 reputraturae
965 4584 996 4637 m
1012 4584 1050 4638 u's
1069 4583 1173 4652 cidisse,
1191 4583 1302 4637 dubium
1320 4585 1396 4637 nobis
1409 4590 1447 4638 est
1459 4602 1526 4638 uum
1538 4586 1693 4641 concludere
1706 4588 1791 4655 ltceot,
1803 4587 1845 4640 lu's
1862 4588 1983 4655 tempori·

326 4666 374 4720 bus
391 4668 581 4735 prendamus
607 4670 732 4737 epistolas
757 4685 790 4722 uu
816 4670 975 4725 ommratuls
1000 4672 1140 4740 reptstrare
1165 4671 1272 4724 solitum
1297 4671 1394 4738 fuisse,
1415 4687 1476 4724 urm
1497 4672 1630 4740 quasdam
1652 4675 1772 4727 minutas
1792 4679 1816 4726 et
1832 4690 1897 4729 soee.
1912 4683 1942 4728 14
1960 4680 1985 4727 et

327 4768 394 4807 saec.
414 4761 444 4807 15
461 4755 614 4822 reputratos
632 4771 685 4809 esse
703 4756 832 4822 suanm
849 4758 885 4822 ef.
906 4757 1064 4827 Weruusley,
1086 4758 1175 4815 Maro.
1193 4757 1219 4812 5.
1239 4756 1308 4810 Iust.
1325 4758 1375 4822 teir
1395 4763 1487 4813 ouen.
1509 4759 1601 4813 Geseb.
1620 4766 1638 4813 t.
1659 4759 1706 4826 VI,
1720 4776 1748 4827 p.
1765 4768 1815 4814 140
1832 4766 1855 4812 ot
1872 4776 1941 4827 5595,
1961 4764 1985 4814 et

327 4855 349 4892 o.
365 4837 508 4905 buculae,
526 4840 589 4894 ibid.
604 4850 624 4895 1.
644 4841 777 4910 Era-Ba.
791 4859 821 4908 p.
837 4851 889 4896 540
905 4848 929 4896 et
947 4850 996 4897 548
1014 4849 1038 4896 et
1055 4859 1128 4911 sequ.
1220 4844 1248 4908 3)
1269 4842 1344 4911 Quae
1360 4859 1410 4898 uos
1428 4846 1597 4911 confecimus,
1615 4862 1638 4898 5.
1657 4845 1694 4899 N.
1714 4847 1749 4900 A.
1768 4852 1785 4898 t.
1801 4845 1838 4914 X,
1852 4863 1881 4912 p.
1894 4852 1944 4900 525
1961 4851 1985 4899 et

326 4933 376 4981 520
383 4947 392 4994 ,·
418 4928 449 4994 <t
471 4927 729 4983 asmantiae.
750 4928 814 4997 VII,
838 4945 864 4996 p.
878 4937 933 4984 479.
1060 4933 1087 4996 4)
1108 4930 1185 4984 Stout
1208 4931 1240 4984 iu
1263 4930 1386 5001 Repertis
1411 4931 1443 4983 iu
1465 4932 1576 4985 miumis
1598 4948 1700 5000 quoque
1721 4932 1852 4997 formulas
1876 4931 1985 5000 saepius

326 5013 444 5067 usitatas
460 5015 623 5082 perscriptas
647 5031 704 5067 nou
723 5015 807 5080 tuisse
830 5021 1035 5069 momentaneum
1058 5021 1102 5070 est.
1224 5019 1252 5084 5)
1273 5016 1313 5083 Of.
1329 5035 1358 5086 p.
1373 5017 1405 5071 X
1421 5019 1460 5072 55
1477 5036 1505 5074 u.
1521 5026 1544 5074 2.
1667 5022 1696 5087 6)
1716 5018 1756 5083 Os.
1771 5037 1798 5087 p.
1814 5027 1873 5086 555,
1895 5018 1944 5073 735
1960 5024 1984 5072 et

328 5099 821 5168 tbp,155o,457e;duoeformuloe
837 5102 975 5168 metusne,
995 5118 1111 5170 quorsom
1128 5109 1245 5170 utraqne
1269 5104 1334 5170 pom
1353 5109 1473 5171 poterat:
1491 5122 1518 5173 p.
1533 5113 1603 5174 1175,
1622 5105 1696 5172 2965,
1713 5112 1789 5172 3045,
1806 5105 1886 5173 3855,
1907 5105 1983 5159 5325.

328 5184 369 5251 Of.
388 5186 508 5253 etiamp.
529 5185 608 5254 VIII,
627 5185 744 5242 55554
850 5189 877 5252 Ἰ)
898 5187 936 5254 Os.
955 5204 981 5255 p.
1001 5194 1064 5251 605,
1085 5194 1147 5255 879,
1168 5192 1303 5254 935505,
1323 5195 1393 5255 1025,
1412 5195 1489 5256 3045,
1509 5189 1588 5255 4285,
1607 5190 1685 5244 5395.
1797 5192 1825 5258 8)
1845 5189 1984 5259 mudum

326 5271 501 5325 alienationes
517 5272 593 5326 iutra
610 5273 686 5327 aerbo
703 5274 874 5342 epistolarum
891 5273 1107 5328 autbeutr'earum
1127 5274 1287 5342 5555515555
1301 5274 1366 5344 Rep.
1380 5275 1667 5344 suuperfereomissae
1677 5281 1757 5331 suut:
1776 5276 1824 5346 55,
1842 5285 1908 5345 545,
1925 5284 1983 5344 575,

329 5356 390 5424 745,
415 5357 493 5425 1085,
518 5364 595 5425 2735,
618 5359 694 5427 2985,
717 5368 800 5428 4095,
818 5359 897 5416 46215.
1001 5360 1029 5427 9)
1056 5359 1179 5426 [iufra
1195 5379 1226 5429 p.
1244 5362 1306 5428 845,
1329 5360 1411 5428 2425,
1434 5369 1520 5430 4125,
1544 5363 1632 5417 55555
1653 5363 1782 5419 maredo
1771 5381 1802 5418 m
1825 5363 1985 5418 5565550555

323 5459 354 5511 p
368 5451 428 5510 545,
447 5445 526 5499 4695.
634 5447 677 5512 10)
691 5462 720 5514 p.
739 5453 820 5514 2435,
838 5445 914 5515 2595,
935 5453 1015 5515 3705,
1032 5447 1108 5515 3705,
1126 5446 1213 5515 3855,
1230 5454 1309 5516 5285,
1328 5449 1429 5518 Beroea
1445 5456 1519 5505 4060.
1626 5453 1670 5520 11)
1688 5451 1745 5519 uls,
1764 5448 1840 5512 133b5
1855 5448 1890 5516 ef.
1901 5447 1940 5504 N
1947 5449 1983 5505 Δ.

327 5533 346 5583 t.
360 5528 398 5597 X,
412 5546 442 5598 p.
457 5537 516 5599 549,
534 5530 579 5585 sed
595 5532 761 5602 allocutiop.
775 5541 827 5601 151,
844 5533 938 5588 5512
954 5533 1177 5599 adversitatem,
1193 5549 1276 5602 9555
1294 5534 1330 5590 N.
1349 5537 1386 5591 A.
1405 5535 1423 5590 l.
1440 5551 1463 5590 e.
1480 5535 1632 5591 5555555555
1647 5536 1847 5607 appellavimus
1865 5540 1984 5591 emm

325 5619 376 5680 est,
393 5630 453 5669 urm
470 5632 527 5670 nou
544 5631 633 5671 omues
650 5617 816 5687 mffraoanet
831 5618 992 5688 Momentr'm
1009 5623 1066 5673 tum
1083 5619 1227 5674 55555559·
1241 5620 1351 5686 tuomst.
