<?xml version="1.0" encoding="UTF-8"?>
<!DOCTYPE html PUBLIC "-//W3C//DTD XHTML 1.0 Transitional//EN"
    "http://www.w3.org/TR/xhtml1/DTD/xhtml1-transitional.dtd">
<html xmlns="http://www.w3.org/1999/xhtml" xml:lang="en" lang="en">
 <head>
  <title>
</title>
<meta http-equiv="Content-Type" content="text/html;charset=utf-8" />
  <meta name='ocr-system' content='tesseract 3.04.00' />
  <meta name='ocr-capabilities' content='ocr_page ocr_carea ocr_par ocr_line ocrx_word'/>
</head>
<body>
  <div class='ocr_page' id='page_1' title='image "./monumentagerman00popegoog_0221.png"; bbox 0 0 4784 6332; ppageno 0'>
   <div class='ocr_carea' id='block_1_1' title="bbox 442 383 1537 454">
    <p class='ocr_par' dir='ltr' id='par_1_1' title="bbox 442 383 1537 454">
     <span class='ocr_line' id='line_1_1' title="bbox 442 383 1537 454; baseline -0.005 -12"><span class='ocrx_word' id='word_1_1' title='bbox 442 391 503 454; x_wconf 79' lang='grc'>196</span> <span class='ocrx_word' id='word_1_2' title='bbox 998 385 1045 440; x_wconf 79' lang='lat' dir='ltr'>EX</span> <span class='ocrx_word' id='word_1_3' title='bbox 1064 384 1281 440; x_wconf 78' lang='lat' dir='ltr'>INNOCENTH</span> <span class='ocrx_word' id='word_1_4' title='bbox 1300 384 1338 438; x_wconf 89' lang='lat' dir='ltr'>lv</span> <span class='ocrx_word' id='word_1_5' title='bbox 1357 383 1537 440; x_wconf 68' lang='lat' dir='ltr'>sneisane</span> 
     </span>
    </p>
   </div>
   <div class='ocr_carea' id='block_1_2' title="bbox 433 555 2093 1024">
    <p class='ocr_par' dir='ltr' id='par_1_2' title="bbox 433 555 2093 747">
     <span class='ocr_line' id='line_1_2' title="bbox 436 555 2093 644; baseline -0.004 -18"><span class='ocrx_word' id='word_1_6' title='bbox 436 561 576 644; x_wconf 81' lang='lat' dir='ltr'>pretinm</span> <span class='ocrx_word' id='word_1_7' title='bbox 601 557 709 643; x_wconf 71' lang='lat' dir='ltr'>secem</span> <span class='ocrx_word' id='word_1_8' title='bbox 741 559 831 638; x_wconf 80' lang='lat' dir='ltr'>cclii,</span> <span class='ocrx_word' id='word_1_9' title='bbox 865 559 901 622; x_wconf 78' lang='lat' dir='ltr'>ia</span> <span class='ocrx_word' id='word_1_10' title='bbox 934 559 1062 624; x_wconf 85' lang='lat' dir='ltr'>ecclesia</span> <span class='ocrx_word' id='word_1_11' title='bbox 1091 558 1291 640; x_wconf 65' lang='lat' dir='ltr'>Fpmcopaiis</span> <span class='ocrx_word' id='word_1_12' title='bbox 1323 557 1427 624; x_wconf 80' lang='lat' dir='ltr'>Cellae</span> <span class='ocrx_word' id='word_1_13' title='bbox 1459 557 1557 640; x_wconf 78' lang='lat' dir='ltr'><strong><em>recipi</em></strong></span> <span class='ocrx_word' id='word_1_14' title='bbox 1579 555 1686 641; x_wconf 78' lang='lat' dir='ltr'>facici</span> <span class='ocrx_word' id='word_1_15' title='bbox 1717 558 1753 620; x_wconf 85' lang='lat' dir='ltr'>ia</span> <span class='ocrx_word' id='word_1_16' title='bbox 1786 557 1972 626; x_wconf 60' lang='lat' dir='ltr'>accenseam</span> <span class='ocrx_word' id='word_1_17' title='bbox 2000 561 2031 622; x_wconf 84' lang='lat' dir='ltr'>ci</span> <span class='ocrx_word' id='word_1_18' title='bbox 2056 557 2093 620; x_wconf 82' lang='lat' dir='ltr'>ire</span> 
     </span>
     <span class='ocr_line' id='line_1_3' title="bbox 433 661 2005 747; baseline 0 -18"><span class='ocrx_word' id='word_1_19' title='bbox 433 661 583 747; x_wconf 68' lang='lat' dir='ltr'>fratrem.</span> <span class='ocrx_word' id='word_1_20' title='bbox 1767 664 1860 740; x_wconf 76' lang='lat'>1246,</span> <span class='ocrx_word' id='word_1_21' title='bbox 1884 661 1959 730; x_wconf 85' lang='lat' dir='ltr'>Dec.</span> <span class='ocrx_word' id='word_1_22' title='bbox 1974 666 2005 729; x_wconf 83' lang='lat'>3.</span> 
     </span>
    </p>

    <p class='ocr_par' dir='ltr' id='par_1_3' title="bbox 438 777 2093 938">
     <span class='ocr_line' id='line_1_4' title="bbox 542 777 2093 852; baseline -0.001 -16"><span class='ocrx_word' id='word_1_23' title='bbox 542 783 608 838; x_wconf 74' lang='lat' dir='ltr'>Iam.</span> <span class='ocrx_word' id='word_1_24' title='bbox 619 783 640 837; x_wconf 90' lang='lat'><strong><em>1</em></strong></span> <span class='ocrx_word' id='word_1_25' title='bbox 643 783 667 837; x_wconf 86' lang='lat' dir='ltr'><em>V</em></span> <span class='ocrx_word' id='word_1_26' title='bbox 676 782 739 852; x_wconf 76' lang='lat' dir='ltr'>Rep.</span> <span class='ocrx_word' id='word_1_27' title='bbox 759 781 812 836; x_wconf 87' lang='lat' dir='ltr'>Vol.</span> <span class='ocrx_word' id='word_1_28' title='bbox 824 781 848 849; x_wconf 75' lang='lat' dir='ltr'><em>L</em></span> <span class='ocrx_word' id='word_1_29' title='bbox 859 789 923 849; x_wconf 77' lang='grc'>361;</span> <span class='ocrx_word' id='word_1_30' title='bbox 940 781 999 838; x_wconf 75' lang='lat' dir='ltr'>Ire.</span> <span class='ocrx_word' id='word_1_31' title='bbox 1011 782 1032 836; x_wconf 83' lang='lat'><em>1</em></span> <span class='ocrx_word' id='word_1_32' title='bbox 1035 782 1064 851; x_wconf 77' lang='lat' dir='ltr'>V,</span> <span class='ocrx_word' id='word_1_33' title='bbox 1076 789 1134 838; x_wconf 77' lang='lat'><strong><em>344.</em></strong></span> <span class='ocrx_word' id='word_1_34' title='bbox 1185 783 1344 851; x_wconf 76' lang='lat' dir='ltr'>Erersplor,</span> <span class='ocrx_word' id='word_1_35' title='bbox 1366 781 1439 849; x_wconf 76' lang='lat' dir='ltr'>puori</span> <span class='ocrx_word' id='word_1_36' title='bbox 1458 781 1556 847; x_wconf 79' lang='lat' dir='ltr'>Berper</span> <span class='ocrx_word' id='word_1_37' title='bbox 1572 777 1660 845; x_wconf 78' lang='lat' dir='ltr'>atrilii,</span> <span class='ocrx_word' id='word_1_38' title='bbox 1678 794 1739 834; x_wconf 80' lang='lat' dir='ltr'>cunr</span> <span class='ocrx_word' id='word_1_39' title='bbox 1758 779 1873 848; x_wconf 68' lang='lat' dir='ltr'>Reperire</span> <span class='ocrx_word' id='word_1_40' title='bbox 1890 783 2001 836; x_wconf 70' lang='lat' dir='ltr'>oomsdit</span> <span class='ocrx_word' id='word_1_41' title='bbox 2017 786 2041 834; x_wconf 84' lang='lat' dir='ltr'>ei</span> <span class='ocrx_word' id='word_1_42' title='bbox 2059 798 2093 834; x_wconf 76' lang='lat' dir='ltr'>ecc</span> 
     </span>
     <span class='ocr_line' id='line_1_5' title="bbox 438 868 857 938; baseline 0.002 -16"><span class='ocrx_word' id='word_1_43' title='bbox 438 869 477 922; x_wconf 81' lang='lat' dir='ltr'>rie</span> <span class='ocrx_word' id='word_1_44' title='bbox 493 869 621 938; x_wconf 66' lang='lat' dir='ltr'>opplevit</span> <span class='ocrx_word' id='word_1_45' title='bbox 645 868 764 924; x_wconf 71' lang='lat' dir='ltr'>iwan</span> <span class='ocrx_word' id='word_1_46' title='bbox 777 869 857 923; x_wconf 73' lang='lat' dir='ltr'>dicre.</span> 
     </span>
    </p>

    <p class='ocr_par' dir='ltr' id='par_1_4' title="bbox 545 955 731 1024">
     <span class='ocr_line' id='line_1_6' title="bbox 545 955 731 1024; baseline 0.016 -16"><span class='ocrx_word' id='word_1_47' title='bbox 545 955 731 1024; x_wconf 67' lang='lat' dir='ltr'>Berpcrttso.</span> 
     </span>
    </p>
   </div>
   <div class='ocr_carea' id='block_1_3' title="bbox 567 1112 2041 1311">
    <p class='ocr_par' dir='ltr' id='par_1_5' title="bbox 500 1112 2041 1311">
     <span class='ocr_line' id='line_1_7' title="bbox 567 1112 2041 1216; baseline -0.003 -24.217"><span class='ocrx_word' id='word_1_48' title='bbox 567 1117 819 1210; x_wconf 86' lang='lat' dir='ltr'>preposito</span> <span class='ocrx_word' id='word_1_49' title='bbox 845 1114 1071 1210; x_wconf 83' lang='lat' dir='ltr'>Augensis</span> <span class='ocrx_word' id='word_1_50' title='bbox 1098 1113 1382 1190; x_wconf 86' lang='lat' dir='ltr'>monasterii</span> <span class='ocrx_word' id='word_1_51' title='bbox 1411 1114 1586 1188; x_wconf 84' lang='lat' dir='ltr'><strong>ordinis</strong></span> <span class='ocrx_word' id='word_1_52' title='bbox 1613 1113 1766 1188; x_wconf 76' lang='lat' dir='ltr'>san&#39;c&#39;li</span> <span class='ocrx_word' id='word_1_53' title='bbox 1794 1112 2041 1216; x_wconf 84' lang='lat' dir='ltr'>Benedicti</span> 
     </span>
     <span class='ocr_line' id='line_1_8' title="bbox 951 1234 1574 1311; baseline -0.002 -1"><span class='ocrx_word' id='word_1_54' title='bbox 951 1234 1338 1311; x_wconf 84' lang='lat' dir='ltr'>Constanliensis</span> <span class='ocrx_word' id='word_1_55' title='bbox 1370 1235 1574 1309; x_wconf 87' lang='lat' dir='ltr'>diocesis.</span> 
     </span>
    </p>
   </div>
   <div class='ocr_carea' id='block_1_4' title="bbox 435 1369 2167 2484">
    <p class='ocr_par' dir='ltr' id='par_1_6' title="bbox 435 1369 2167 2484">
     <span class='ocr_line' id='line_1_9' title="bbox 540 1369 2091 1457; baseline 0.002 -21"><span class='ocrx_word' id='word_1_56' title='bbox 540 1369 689 1436; x_wconf 74' lang='lat' dir='ltr'>Dilectus</span> <span class='ocrx_word' id='word_1_57' title='bbox 711 1371 798 1437; x_wconf 89' lang='lat' dir='ltr'>filius</span> <span class='ocrx_word' id='word_1_58' title='bbox 821 1369 995 1437; x_wconf 90' lang='lat' dir='ltr'>Bertoldus</span> <span class='ocrx_word' id='word_1_59' title='bbox 1019 1371 1179 1457; x_wconf 89' lang='lat' dir='ltr'>plebanus</span> <span class='ocrx_word' id='word_1_60' title='bbox 1204 1369 1434 1436; x_wconf 83' lang='lat' dir='ltr'>Seooniensis¹</span> <span class='ocrx_word' id='word_1_61' title='bbox 1458 1371 1612 1446; x_wconf 88' lang='lat' dir='ltr'>ecclesie,</span> <span class='ocrx_word' id='word_1_62' title='bbox 1634 1376 1828 1457; x_wconf 89' lang='lat' dir='ltr'>procurator</span> <span class='ocrx_word' id='word_1_63' title='bbox 1849 1370 1960 1437; x_wconf 91' lang='lat' dir='ltr'>dilecti</span> <span class='ocrx_word' id='word_1_64' title='bbox 1982 1373 2039 1438; x_wconf 89' lang='lat' dir='ltr'>lilii</span> <span class='ocrx_word' id='word_1_65' title='bbox 2062 1423 2091 1438; x_wconf 95' lang='grc'>..</span> 
     </span>
     <span class='ocr_line' id='line_1_10' title="bbox 437 1463 2090 1563; baseline 0.002 -24"><span class='ocrx_word' id='word_1_66' title='bbox 437 1474 566 1540; x_wconf 90' lang='lat' dir='ltr'>abbatis</span> <span class='ocrx_word' id='word_1_67' title='bbox 591 1474 702 1540; x_wconf 83' lang='lat' dir='ltr'>Sancti</span> <span class='ocrx_word' id='word_1_68' title='bbox 725 1463 845 1553; x_wconf 63' lang='lat' dir='ltr'>Gallil,</span> <span class='ocrx_word' id='word_1_69' title='bbox 868 1474 964 1540; x_wconf 91' lang='lat' dir='ltr'>nobis</span> <span class='ocrx_word' id='word_1_70' title='bbox 987 1474 1153 1540; x_wconf 90' lang='lat' dir='ltr'>humiliter</span> <span class='ocrx_word' id='word_1_71' title='bbox 1175 1475 1388 1562; x_wconf 77' lang='lat' dir='ltr'>supplicavit,</span> <span class='ocrx_word' id='word_1_72' title='bbox 1410 1482 1448 1539; x_wconf 91' lang='lat' dir='ltr'>nt</span> <span class='ocrx_word' id='word_1_73' title='bbox 1469 1496 1543 1539; x_wconf 90' lang='lat' dir='ltr'>eum</span> <span class='ocrx_word' id='word_1_74' title='bbox 1566 1475 1719 1562; x_wconf 89' lang='lat' dir='ltr'>specialis</span> <span class='ocrx_word' id='word_1_75' title='bbox 1742 1475 1863 1540; x_wconf 80' lang='lat' dir='ltr'>laveris</span> <span class='ocrx_word' id='word_1_76' title='bbox 1885 1477 1992 1561; x_wconf 82' lang='lat' dir='ltr'>gratia</span> <span class='ocrx_word' id='word_1_77' title='bbox 2014 1498 2090 1563; x_wconf 90' lang='lat' dir='ltr'>pro-</span> 
     </span>
     <span class='ocr_line' id='line_1_11' title="bbox 438 1577 2090 1672; baseline 0.002 -30"><span class='ocrx_word' id='word_1_78' title='bbox 438 1585 625 1664; x_wconf 84' lang='lat' dir='ltr'>sequentes,</span> <span class='ocrx_word' id='word_1_79' title='bbox 647 1581 752 1666; x_wconf 89' lang='lat' dir='ltr'>ipsum</span> <span class='ocrx_word' id='word_1_80' title='bbox 773 1580 806 1643; x_wconf 89' lang='lat' dir='ltr'>in</span> <span class='ocrx_word' id='word_1_81' title='bbox 828 1579 971 1644; x_wconf 88' lang='lat' dir='ltr'>ecelesia</span> <span class='ocrx_word' id='word_1_82' title='bbox 986 1577 1194 1672; x_wconf 83' lang='lat' dir='ltr'>Episcopalis</span> <span class='ocrx_word' id='word_1_83' title='bbox 1211 1578 1329 1645; x_wconf 78' lang='lat' dir='ltr'>Celle³</span> <span class='ocrx_word' id='word_1_84' title='bbox 1345 1579 1606 1644; x_wconf 73' lang='lat' dir='ltr'>constantiensis</span> <span class='ocrx_word' id='word_1_85' title='bbox 1623 1578 1763 1644; x_wconf 88' lang='lat' dir='ltr'>diocesis</span> <span class='ocrx_word' id='word_1_86' title='bbox 1778 1580 1881 1665; x_wconf 80' lang='lat' dir='ltr'>recipi</span> <span class='ocrx_word' id='word_1_87' title='bbox 1895 1580 2090 1647; x_wconf 87' lang='lat' dir='ltr'>laceremus.</span> 
     </span>
     <span class='ocr_line' id='line_1_12' title="bbox 437 1681 2091 1774; baseline 0.001 -28"><span class='ocrx_word' id='word_1_88' title='bbox 437 1681 640 1774; x_wconf 65' lang='lat' dir='ltr'>lios.,igitur,</span> <span class='ocrx_word' id='word_1_89' title='bbox 669 1681 776 1750; x_wconf 89' lang='lat' dir='ltr'>eidem</span> <span class='ocrx_word' id='word_1_90' title='bbox 807 1681 951 1769; x_wconf 77' lang='lat' dir='ltr'>plebano</span> <span class='ocrx_word' id='word_1_91' title='bbox 981 1682 1119 1747; x_wconf 86' lang='lat' dir='ltr'>obtentu</span> <span class='ocrx_word' id='word_1_92' title='bbox 1147 1681 1277 1748; x_wconf 88' lang='lat' dir='ltr'>abbatis</span> <span class='ocrx_word' id='word_1_93' title='bbox 1302 1682 1467 1764; x_wconf 88' lang='lat' dir='ltr'>eiusdem,</span> <span class='ocrx_word' id='word_1_94' title='bbox 1491 1703 1605 1768; x_wconf 90' lang='lat' dir='ltr'>quem,</span> <span class='ocrx_word' id='word_1_95' title='bbox 1628 1689 1661 1747; x_wconf 91' lang='lat' dir='ltr'>et</span> <span class='ocrx_word' id='word_1_96' title='bbox 1683 1704 1760 1748; x_wconf 90' lang='lat' dir='ltr'>suos</span> <span class='ocrx_word' id='word_1_97' title='bbox 1784 1685 1896 1766; x_wconf 90' lang='lat' dir='ltr'>etiam,</span> <span class='ocrx_word' id='word_1_98' title='bbox 1928 1683 2091 1749; x_wconf 90' lang='lat' dir='ltr'>honorare</span> 
     </span>
     <span class='ocr_line' id='line_1_13' title="bbox 436 1785 2092 1874; baseline 0.001 -25"><span class='ocrx_word' id='word_1_99' title='bbox 436 1785 646 1867; x_wconf 84' lang='lat' dir='ltr'>intendimus,</span> <span class='ocrx_word' id='word_1_100' title='bbox 671 1788 820 1852; x_wconf 79' lang='lat' dir='ltr'>volentes</span> <span class='ocrx_word' id='word_1_101' title='bbox 843 1789 982 1873; x_wconf 84' lang='lat' dir='ltr'>gratiam</span> <span class='ocrx_word' id='word_1_102' title='bbox 998 1787 1108 1851; x_wconf 86' lang='lat' dir='ltr'>lacere</span> <span class='ocrx_word' id='word_1_103' title='bbox 1125 1787 1313 1872; x_wconf 81' lang='lat' dir='ltr'>specialem,</span> <span class='ocrx_word' id='word_1_104' title='bbox 1337 1786 1541 1868; x_wconf 89' lang='lat' dir='ltr'>mandamus,</span> <span class='ocrx_word' id='word_1_105' title='bbox 1563 1789 1716 1872; x_wconf 84' lang='lat' dir='ltr'>quatinus</span> <span class='ocrx_word' id='word_1_106' title='bbox 1735 1787 1910 1874; x_wconf 88' lang='lat' dir='ltr'>plebanum</span> <span class='ocrx_word' id='word_1_107' title='bbox 1926 1786 2092 1872; x_wconf 85' lang='lat' dir='ltr'>prelatum</span> 
     </span>
     <span class='ocr_line' id='line_1_14' title="bbox 437 1889 2091 1978; baseline 0 -26"><span class='ocrx_word' id='word_1_108' title='bbox 437 1910 456 1952; x_wconf 92' lang='lat' dir='ltr'>a</span> <span class='ocrx_word' id='word_1_109' title='bbox 480 1889 608 1954; x_wconf 89' lang='lat' dir='ltr'>dilectis</span> <span class='ocrx_word' id='word_1_110' title='bbox 630 1890 704 1955; x_wconf 86' lang='lat' dir='ltr'>filiis</span> <span class='ocrx_word' id='word_1_111' title='bbox 727 1892 894 1978; x_wconf 90' lang='lat' dir='ltr'>preposito</span> <span class='ocrx_word' id='word_1_112' title='bbox 919 1897 952 1956; x_wconf 90' lang='lat' dir='ltr'>et</span> <span class='ocrx_word' id='word_1_113' title='bbox 975 1890 1116 1976; x_wconf 90' lang='lat' dir='ltr'>capitulo</span> <span class='ocrx_word' id='word_1_114' title='bbox 1139 1890 1281 1955; x_wconf 88' lang='lat' dir='ltr'>ecclesie</span> <span class='ocrx_word' id='word_1_115' title='bbox 1305 1890 1489 1977; x_wconf 87' lang='lat' dir='ltr'>supradicte</span> <span class='ocrx_word' id='word_1_116' title='bbox 1513 1892 1709 1956; x_wconf 88' lang='lat' dir='ltr'>auctoritate</span> <span class='ocrx_word' id='word_1_117' title='bbox 1732 1896 1844 1956; x_wconf 88' lang='lat' dir='ltr'>nostre</span> <span class='ocrx_word' id='word_1_118' title='bbox 1867 1890 1967 1976; x_wconf 89' lang='lat' dir='ltr'>recipi</span> <span class='ocrx_word' id='word_1_119' title='bbox 1989 1890 2091 1954; x_wconf 88' lang='lat' dir='ltr'>facias</span> 
     </span>
     <span class='ocr_line' id='line_1_15' title="bbox 435 1993 2092 2081; baseline 0.001 -25"><span class='ocrx_word' id='word_1_120' title='bbox 435 1993 468 2056; x_wconf 92' lang='lat' dir='ltr'>in</span> <span class='ocrx_word' id='word_1_121' title='bbox 492 1995 683 2059; x_wconf 89' lang='lat' dir='ltr'>canonicum</span> <span class='ocrx_word' id='word_1_122' title='bbox 708 2000 741 2060; x_wconf 94' lang='lat' dir='ltr'>et</span> <span class='ocrx_word' id='word_1_123' title='bbox 763 1995 796 2059; x_wconf 92' lang='lat' dir='ltr'>in</span> <span class='ocrx_word' id='word_1_124' title='bbox 819 1995 953 2060; x_wconf 78' lang='lat' dir='ltr'>fratrem</span> <span class='ocrx_word' id='word_1_125' title='bbox 976 1993 1104 2079; x_wconf 90' lang='lat' dir='ltr'>sibique</span> <span class='ocrx_word' id='word_1_126' title='bbox 1128 1994 1269 2058; x_wconf 89' lang='lat' dir='ltr'>conferri</span> <span class='ocrx_word' id='word_1_127' title='bbox 1291 1994 1507 2079; x_wconf 86' lang='lat' dir='ltr'>prebendam,</span> <span class='ocrx_word' id='word_1_128' title='bbox 1540 1995 1566 2060; x_wconf 91' lang='lat' dir='ltr'>si</span> <span class='ocrx_word' id='word_1_129' title='bbox 1595 2015 1659 2080; x_wconf 90' lang='lat' dir='ltr'>que</span> <span class='ocrx_word' id='word_1_130' title='bbox 1681 1995 1714 2058; x_wconf 93' lang='lat' dir='ltr'>in</span> <span class='ocrx_word' id='word_1_131' title='bbox 1738 1995 1808 2081; x_wconf 88' lang='lat' dir='ltr'>ipsa</span> <span class='ocrx_word' id='word_1_132' title='bbox 1832 1995 1974 2060; x_wconf 89' lang='lat' dir='ltr'>ecelesia</span> <span class='ocrx_word' id='word_1_133' title='bbox 1995 2001 2092 2058; x_wconf 84' lang='lat' dir='ltr'>vacat</span> 
     </span>
     <span class='ocr_line' id='line_1_16' title="bbox 436 2096 2167 2185; baseline -0.001 -23"><span class='ocrx_word' id='word_1_134' title='bbox 436 2096 478 2162; x_wconf 89' lang='lat' dir='ltr'>ad</span> <span class='ocrx_word' id='word_1_135' title='bbox 507 2119 643 2185; x_wconf 82' lang='lat' dir='ltr'>presens</span> <span class='ocrx_word' id='word_1_136' title='bbox 672 2100 725 2164; x_wconf 88' lang='lat' dir='ltr'>vel</span> <span class='ocrx_word' id='word_1_137' title='bbox 753 2099 1011 2185; x_wconf 91' lang='lat' dir='ltr'>quamprimum</span> <span class='ocrx_word' id='word_1_138' title='bbox 1045 2097 1088 2162; x_wconf 88' lang='lat' dir='ltr'>ad</span> <span class='ocrx_word' id='word_1_139' title='bbox 1123 2097 1157 2162; x_wconf 90' lang='lat' dir='ltr'>id</span> <span class='ocrx_word' id='word_1_140' title='bbox 1184 2098 1340 2163; x_wconf 90' lang='lat' dir='ltr'>obtulerit</span> <span class='ocrx_word' id='word_1_141' title='bbox 1376 2119 1412 2164; x_wconf 89' lang='lat' dir='ltr'>se</span> <span class='ocrx_word' id='word_1_142' title='bbox 1441 2099 1597 2178; x_wconf 84' lang='lat' dir='ltr'>facultas,</span> <span class='ocrx_word' id='word_1_143' title='bbox 1627 2135 1666 2145; x_wconf 89' lang='lat'><strong>—</strong></span> <span class='ocrx_word' id='word_1_144' title='bbox 1699 2119 1764 2163; x_wconf 90' lang='lat' dir='ltr'>non</span> <span class='ocrx_word' id='word_1_145' title='bbox 1797 2097 1968 2163; x_wconf 80' lang='lat' dir='ltr'>obstante·</span> <span class='ocrx_word' id='word_1_146' title='bbox 2000 2103 2090 2162; x_wconf 90' lang='lat' dir='ltr'>certo</span> <span class='ocrx_word' id='word_1_147' title='bbox 2156 2112 2167 2146; x_wconf 57' lang='grc' dir='ltr'><strong>ὃ</strong></span> 
     </span>
     <span class='ocr_line' id='line_1_17' title="bbox 436 2200 2090 2287; baseline 0 -23"><span class='ocrx_word' id='word_1_148' title='bbox 436 2203 665 2268; x_wconf 88' lang='lat' dir='ltr'>canonicorum</span> <span class='ocrx_word' id='word_1_149' title='bbox 687 2223 823 2268; x_wconf 92' lang='lat' dir='ltr'>numero</span> <span class='ocrx_word' id='word_1_150' title='bbox 847 2203 1031 2268; x_wconf 87' lang='lat' dir='ltr'>iuramento</span> <span class='ocrx_word' id='word_1_151' title='bbox 1056 2223 1115 2268; x_wconf 92' lang='lat' dir='ltr'>seu</span> <span class='ocrx_word' id='word_1_152' title='bbox 1139 2202 1204 2266; x_wconf 88' lang='lat' dir='ltr'>alia</span> <span class='ocrx_word' id='word_1_153' title='bbox 1226 2202 1380 2266; x_wconf 88' lang='lat' dir='ltr'>firmitate</span> <span class='ocrx_word' id='word_1_154' title='bbox 1404 2202 1541 2282; x_wconf 81' lang='lat' dir='ltr'>vallato,</span> <span class='ocrx_word' id='word_1_155' title='bbox 1564 2207 1621 2266; x_wconf 91' lang='lat' dir='ltr'>aut</span> <span class='ocrx_word' id='word_1_156' title='bbox 1645 2203 1672 2266; x_wconf 88' lang='lat' dir='ltr'>si</span> <span class='ocrx_word' id='word_1_157' title='bbox 1696 2203 1743 2266; x_wconf 89' lang='lat' dir='ltr'>eis</span> <span class='ocrx_word' id='word_1_158' title='bbox 1767 2200 1945 2265; x_wconf 83' lang='lat' dir='ltr'>direximus</span> <span class='ocrx_word' id='word_1_159' title='bbox 1969 2202 2090 2287; x_wconf 86' lang='lat' dir='ltr'>scripta</span> 
     </span>
     <span class='ocr_line' id='line_1_18' title="bbox 435 2304 2090 2393; baseline 0.001 -25"><span class='ocrx_word' id='word_1_160' title='bbox 435 2311 546 2369; x_wconf 89' lang='lat' dir='ltr'>nostra</span> <span class='ocrx_word' id='word_1_161' title='bbox 568 2327 627 2392; x_wconf 91' lang='lat' dir='ltr'>pro</span> <span class='ocrx_word' id='word_1_162' title='bbox 651 2306 734 2386; x_wconf 87' lang='lat' dir='ltr'>aliis,</span> <span class='ocrx_word' id='word_1_163' title='bbox 758 2306 876 2391; x_wconf 90' lang='lat' dir='ltr'>quibus</span> <span class='ocrx_word' id='word_1_164' title='bbox 899 2307 1094 2371; x_wconf 87' lang='lat' dir='ltr'>anctoritate</span> <span class='ocrx_word' id='word_1_165' title='bbox 1118 2307 1318 2392; x_wconf 89' lang='lat' dir='ltr'>presentium</span> <span class='ocrx_word' id='word_1_166' title='bbox 1335 2307 1485 2372; x_wconf 91' lang='lat' dir='ltr'>nolumus</span> <span class='ocrx_word' id='word_1_167' title='bbox 1501 2304 1715 2393; x_wconf 90' lang='lat' dir='ltr'>preiudieium</span> <span class='ocrx_word' id='word_1_168' title='bbox 1731 2308 1893 2390; x_wconf 85' lang='lat' dir='ltr'>generari,</span> <span class='ocrx_word' id='word_1_169' title='bbox 1917 2305 1985 2370; x_wconf 84' lang='lat' dir='ltr'>sire</span> <span class='ocrx_word' id='word_1_170' title='bbox 2002 2304 2090 2390; x_wconf 90' lang='lat' dir='ltr'>quod</span> 
     </span>
     <span class='ocr_line' id='line_1_19' title="bbox 435 2395 1515 2484; baseline 0.003 -12"><span class='ocrx_word' id='word_1_171' title='bbox 435 2406 521 2474; x_wconf 92' lang='lat' dir='ltr'>idem</span> <span class='ocrx_word' id='word_1_172' title='bbox 545 2406 584 2474; x_wconf 93' lang='lat' dir='ltr'>B.</span> <span class='ocrx_word' id='word_1_173' title='bbox 608 2408 690 2474; x_wconf 90' lang='lat' dir='ltr'>alies</span> <span class='ocrx_word' id='word_1_174' title='bbox 712 2408 927 2474; x_wconf 84' lang='lat' dir='ltr'>beneficiatus</span> <span class='ocrx_word' id='word_1_175' title='bbox 951 2408 1066 2473; x_wconf 81' lang='lat' dir='ltr'>existit</span> <span class='ocrx_word' id='word_1_176' title='bbox 1089 2433 1148 2484; x_wconf 91' lang='grc'>-;</span> <span class='ocrx_word' id='word_1_177' title='bbox 1173 2395 1429 2475; x_wconf 87' lang='lat' dir='ltr'>contradictores</span> <span class='ocrx_word' id='word_1_178' title='bbox 1452 2415 1515 2475; x_wconf 90' lang='lat' dir='ltr'>ete.</span> 
     </span>
    </p>
   </div>
   <div class='ocr_carea' id='block_1_5' title="bbox 537 2527 1469 2614">
    <p class='ocr_par' dir='ltr' id='par_1_7' title="bbox 537 2527 1469 2614">
     <span class='ocr_line' id='line_1_20' title="bbox 537 2527 1469 2614; baseline 0.001 -22"><span class='ocrx_word' id='word_1_179' title='bbox 537 2527 981 2614; x_wconf 79' lang='lat' dir='ltr'>Dat.·Lugeuni‚111n0n.</span> <span class='ocrx_word' id='word_1_180' title='bbox 1005 2527 1211 2608; x_wconf 85' lang='lat' dir='ltr'>Decembris,</span> <span class='ocrx_word' id='word_1_181' title='bbox 1235 2549 1320 2593; x_wconf 87' lang='lat' dir='ltr'>anno</span> <span class='ocrx_word' id='word_1_182' title='bbox 1344 2535 1469 2614; x_wconf 90' lang='lat' dir='ltr'>quarto.</span> 
     </span>
    </p>
   </div>
   <div class='ocr_carea' id='block_1_6' title="bbox 1055 2789 1465 2798">
    <p class='ocr_par' dir='ltr' id='par_1_8' title="bbox 1055 2789 1465 2798">
     <span class='ocr_line' id='line_1_21' title="bbox 1055 2789 1465 2798; baseline 0 0"><span class='ocrx_word' id='word_1_183' title='bbox 1055 2789 1465 2798; x_wconf 62' lang='lat' dir='ltr'><em>w</em></span> 
     </span>
    </p>
   </div>
   <div class='ocr_carea' id='block_1_7' title="bbox 1219 3034 1304 3108">
    <p class='ocr_par' dir='ltr' id='par_1_9' title="bbox 1219 3034 1304 3108">
     <span class='ocr_line' id='line_1_22' title="bbox 1219 3034 1304 3108; baseline -0.012 0"><span class='ocrx_word' id='word_1_184' title='bbox 1219 3034 1304 3108; x_wconf 64' lang='grc'>164.</span> 
     </span>
    </p>
   </div>
   <div class='ocr_carea' id='block_1_8' title="bbox 433 3147 2164 3464">
    <p class='ocr_par' dir='ltr' id='par_1_10' title="bbox 433 3147 2164 3464">
     <span class='ocr_line' id='line_1_23' title="bbox 538 3147 2164 3263; baseline 0.002 -24"><span class='ocrx_word' id='word_1_185' title='bbox 538 3147 756 3240; x_wconf 79' lang='lat' dir='ltr'>Irrnoccntias</span> <span class='ocrx_word' id='word_1_186' title='bbox 779 3174 800 3237; x_wconf 86' lang='lat'><em>1</em></span> <span class='ocrx_word' id='word_1_187' title='bbox 807 3172 836 3237; x_wconf 89' lang='lat' dir='ltr'><em>V</em></span> <span class='ocrx_word' id='word_1_188' title='bbox 857 3195 948 3256; x_wconf 85' lang='lat' dir='ltr'>papa</span> <span class='ocrx_word' id='word_1_189' title='bbox 979 3174 1154 3260; x_wconf 79' lang='lat' dir='ltr'>[Falconi]</span> <span class='ocrx_word' id='word_1_190' title='bbox 1184 3176 1323 3257; x_wconf 80' lang='lat' dir='ltr'>episcopo</span> <span class='ocrx_word' id='word_1_191' title='bbox 1356 3174 1506 3258; x_wconf 64' lang='lat' dir='ltr'>Repiam</span> <span class='ocrx_word' id='word_1_192' title='bbox 1538 3175 1685 3254; x_wconf 71' lang='lat' dir='ltr'>recondat,</span> <span class='ocrx_word' id='word_1_193' title='bbox 1718 3181 1753 3240; x_wconf 84' lang='lat' dir='ltr'>ut</span> <span class='ocrx_word' id='word_1_194' title='bbox 1785 3175 1995 3260; x_wconf 75' lang='lat' dir='ltr'>[chmrsado</span> <span class='ocrx_word' id='word_1_195' title='bbox 2028 3179 2087 3263; x_wconf 86' lang='grc' dir='ltr'>ΙΙ]</span> <span class='ocrx_word' id='word_1_196' title='bbox 2138 3197 2164 3236; x_wconf 81' lang='lat' dir='ltr'>eo</span> 
     </span>
     <span class='ocr_line' id='line_1_24' title="bbox 433 3277 2092 3363; baseline 0 -19"><span class='ocrx_word' id='word_1_197' title='bbox 433 3279 574 3363; x_wconf 81' lang='lat' dir='ltr'>episcopo</span> <span class='ocrx_word' id='word_1_198' title='bbox 594 3277 809 3344; x_wconf 80' lang='lat' dir='ltr'>Foroiuliensi</span> <span class='ocrx_word' id='word_1_199' title='bbox 834 3277 1043 3344; x_wconf 77' lang='lat' dir='ltr'>coadiutorem</span> <span class='ocrx_word' id='word_1_200' title='bbox 1063 3277 1202 3360; x_wconf 75' lang='lat' dir='ltr'>deputet,</span> <span class='ocrx_word' id='word_1_201' title='bbox 1224 3283 1253 3342; x_wconf 87' lang='lat' dir='ltr'>ct</span> <span class='ocrx_word' id='word_1_202' title='bbox 1275 3279 1304 3342; x_wconf 86' lang='lat' dir='ltr'>si</span> <span class='ocrx_word' id='word_1_203' title='bbox 1325 3277 1405 3342; x_wconf 83' lang='lat' dir='ltr'>idem</span> <span class='ocrx_word' id='word_1_204' title='bbox 1428 3279 1598 3359; x_wconf 83' lang='lat' dir='ltr'>episcopua,</span> <span class='ocrx_word' id='word_1_205' title='bbox 1619 3280 1745 3344; x_wconf 86' lang='lat' dir='ltr'>animae</span> <span class='ocrx_word' id='word_1_206' title='bbox 1775 3299 1851 3346; x_wconf 85' lang='lat' dir='ltr'>saar</span> <span class='ocrx_word' id='word_1_207' title='bbox 1878 3281 2042 3346; x_wconf 71' lang='lat' dir='ltr'>mandens</span> <span class='ocrx_word' id='word_1_208' title='bbox 2063 3285 2092 3344; x_wconf 85' lang='lat' dir='ltr'>ct</span> 
     </span>
     <span class='ocr_line' id='line_1_25' title="bbox 433 3381 2003 3464; baseline 0.001 -16"><span class='ocrx_word' id='word_1_209' title='bbox 433 3383 553 3462; x_wconf 78' lang='lat' dir='ltr'>leonori,</span> <span class='ocrx_word' id='word_1_210' title='bbox 569 3382 671 3448; x_wconf 86' lang='lat' dir='ltr'>cedere</span> <span class='ocrx_word' id='word_1_211' title='bbox 685 3383 827 3461; x_wconf 80' lang='lat' dir='ltr'>voluerit,</span> <span class='ocrx_word' id='word_1_212' title='bbox 842 3382 910 3446; x_wconf 71' lang='lat' dir='ltr'>circs</span> <span class='ocrx_word' id='word_1_213' title='bbox 923 3382 1088 3447; x_wconf 84' lang='lat' dir='ltr'>cessionem</span> <span class='ocrx_word' id='word_1_214' title='bbox 1104 3383 1235 3463; x_wconf 82' lang='lat' dir='ltr'>recipici</span> <span class='ocrx_word' id='word_1_215' title='bbox 1250 3383 1339 3464; x_wconf 78' lang='lat' dir='ltr'>eique</span> <span class='ocrx_word' id='word_1_216' title='bbox 1352 3381 1476 3447; x_wconf 79' lang='lat' dir='ltr'>toncele</span> <span class='ocrx_word' id='word_1_217' title='bbox 1485 3383 1661 3462; x_wconf 80' lang='lat' dir='ltr'>provideat.</span> <span class='ocrx_word' id='word_1_218' title='bbox 1751 3387 1843 3463; x_wconf 79' lang='lat'>1246,</span> <span class='ocrx_word' id='word_1_219' title='bbox 1859 3384 1935 3449; x_wconf 88' lang='lat' dir='ltr'>Dcc.</span> <span class='ocrx_word' id='word_1_220' title='bbox 1952 3389 2003 3450; x_wconf 84' lang='lat'>13.</span> 
     </span>
    </p>
   </div>
   <div class='ocr_carea' id='block_1_9' title="bbox 538 3489 1930 3658">
    <p class='ocr_par' dir='ltr' id='par_1_11' title="bbox 538 3489 1930 3658">
     <span class='ocr_line' id='line_1_26' title="bbox 538 3489 1930 3570; baseline 0 -15"><span class='ocrx_word' id='word_1_221' title='bbox 538 3501 601 3557; x_wconf 78' lang='lat' dir='ltr'>lna.</span> <span class='ocrx_word' id='word_1_222' title='bbox 617 3501 664 3556; x_wconf 89' lang='lat' dir='ltr'>IV</span> <span class='ocrx_word' id='word_1_223' title='bbox 679 3501 743 3570; x_wconf 68' lang='lat' dir='ltr'>nep.</span> <span class='ocrx_word' id='word_1_224' title='bbox 763 3489 944 3570; x_wconf 78' lang='lat' dir='ltr'>Voz.&#39;1,eeo;</span> <span class='ocrx_word' id='word_1_225' title='bbox 968 3501 1028 3556; x_wconf 69' lang='lat' dir='ltr'>Ire.</span> <span class='ocrx_word' id='word_1_226' title='bbox 1041 3502 1093 3570; x_wconf 87' lang='lat' dir='ltr'>IV,</span> <span class='ocrx_word' id='word_1_227' title='bbox 1111 3507 1167 3556; x_wconf 82' lang='lat'><strong><em>316.</em></strong></span> <span class='ocrx_word' id='word_1_228' title='bbox 1204 3501 1354 3570; x_wconf 72' lang='lat' dir='ltr'>Epinoion</span> <span class='ocrx_word' id='word_1_229' title='bbox 1373 3517 1406 3556; x_wconf 79' lang='lat' dir='ltr'>eu</span> <span class='ocrx_word' id='word_1_230' title='bbox 1425 3501 1542 3569; x_wconf 72' lang='lat' dir='ltr'>Repertis</span> <span class='ocrx_word' id='word_1_231' title='bbox 1559 3501 1696 3569; x_wconf 76' lang='lat' dir='ltr'>descripsit</span> <span class='ocrx_word' id='word_1_232' title='bbox 1721 3501 1837 3558; x_wconf 66' lang='lat' dir='ltr'>Veis.</span> <span class='ocrx_word' id='word_1_233' title='bbox 1853 3503 1930 3556; x_wconf 78' lang='lat' dir='ltr'>More.</span> 
     </span>
     <span class='ocr_line' id='line_1_27' title="bbox 539 3591 724 3658; baseline 0.011 -15"><span class='ocrx_word' id='word_1_234' title='bbox 539 3591 637 3658; x_wconf 82' lang='lat' dir='ltr'>Berper</span> <span class='ocrx_word' id='word_1_235' title='bbox 653 3597 724 3645; x_wconf 74' lang='grc'><strong><em>2311.</em></strong></span> 
     </span>
    </p>
   </div>
   <div class='ocr_carea' id='block_1_10' title="bbox 432 3680 2166 5047">
    <p class='ocr_par' dir='ltr' id='par_1_12' title="bbox 993 3680 1531 3775">
     <span class='ocr_line' id='line_1_28' title="bbox 993 3680 1531 3775; baseline -0.011 -18"><span class='ocrx_word' id='word_1_236' title='bbox 993 3739 1032 3757; x_wconf 95' lang='grc'>..</span> <span class='ocrx_word' id='word_1_237' title='bbox 1061 3683 1275 3775; x_wconf 90' lang='lat' dir='ltr'>episcopo</span> <span class='ocrx_word' id='word_1_238' title='bbox 1307 3680 1531 3774; x_wconf 83' lang='lat' dir='ltr'>Regensi⁴.</span> 
     </span>
    </p>

    <p class='ocr_par' dir='ltr' id='par_1_13' title="bbox 432 3813 2166 5047">
     <span class='ocr_line' id='line_1_29' title="bbox 539 3813 2090 3902; baseline -0.002 -22"><span class='ocrx_word' id='word_1_239' title='bbox 539 3814 713 3880; x_wconf 90' lang='lat' dir='ltr'>Intellecto</span> <span class='ocrx_word' id='word_1_240' title='bbox 743 3814 865 3880; x_wconf 91' lang='lat' dir='ltr'>dudum</span> <span class='ocrx_word' id='word_1_241' title='bbox 889 3816 976 3902; x_wconf 93' lang='lat' dir='ltr'>quod</span> <span class='ocrx_word' id='word_1_242' title='bbox 999 3817 1196 3882; x_wconf 80' lang='lat' dir='ltr'>venerabilis</span> <span class='ocrx_word' id='word_1_243' title='bbox 1221 3816 1323 3882; x_wconf 87' lang='lat' dir='ltr'>irater</span> <span class='ocrx_word' id='word_1_244' title='bbox 1345 3821 1458 3880; x_wconf 90' lang='lat' dir='ltr'>noster</span> <span class='ocrx_word' id='word_1_245' title='bbox 1481 3865 1513 3881; x_wconf 89' lang='lat'>..</span> <span class='ocrx_word' id='word_1_246' title='bbox 1538 3815 1713 3902; x_wconf 90' lang='lat' dir='ltr'>episeopus</span> <span class='ocrx_word' id='word_1_247' title='bbox 1735 3813 1985 3880; x_wconf 80' lang='lat' dir='ltr'>Foroiuliensis⁵</span> <span class='ocrx_word' id='word_1_248' title='bbox 2008 3813 2090 3878; x_wconf 88' lang='lat' dir='ltr'>adeo</span> 
     </span>
     <span class='ocr_line' id='line_1_30' title="bbox 433 3917 2091 4008; baseline -0.002 -24"><span class='ocrx_word' id='word_1_249' title='bbox 433 3919 526 4004; x_wconf 81' lang='lat' dir='ltr'>gravi</span> <span class='ocrx_word' id='word_1_250' title='bbox 556 3925 589 3984; x_wconf 89' lang='lat' dir='ltr'>et</span> <span class='ocrx_word' id='word_1_251' title='bbox 616 3918 788 3984; x_wconf 86' lang='lat' dir='ltr'>incurabili</span> <span class='ocrx_word' id='word_1_252' title='bbox 818 3920 962 4006; x_wconf 90' lang='lat' dir='ltr'>eorporis</span> <span class='ocrx_word' id='word_1_253' title='bbox 995 3920 1183 3985; x_wconf 88' lang='lat' dir='ltr'>infirmitate</span> <span class='ocrx_word' id='word_1_254' title='bbox 1217 3927 1386 4006; x_wconf 80' lang='lat' dir='ltr'>gravatur,</span> <span class='ocrx_word' id='word_1_255' title='bbox 1421 3919 1507 4004; x_wconf 91' lang='lat' dir='ltr'>quod</span> <span class='ocrx_word' id='word_1_256' title='bbox 1538 3920 1652 4004; x_wconf 90' lang='lat' dir='ltr'>nequit</span> <span class='ocrx_word' id='word_1_257' title='bbox 1685 3926 1723 3983; x_wconf 90' lang='lat' dir='ltr'>ut</span> <span class='ocrx_word' id='word_1_258' title='bbox 1755 3917 1892 4005; x_wconf 86' lang='lat' dir='ltr'>expedit</span> <span class='ocrx_word' id='word_1_259' title='bbox 1923 3918 2091 4008; x_wconf 84' lang='lat' dir='ltr'>pastorale</span> 
     </span>
     <span class='ocr_line' id='line_1_31' title="bbox 434 4020 2089 4110; baseline -0.001 -24"><span class='ocrx_word' id='word_1_260' title='bbox 434 4021 576 4087; x_wconf 77' lang='lat' dir='ltr'>officium</span> <span class='ocrx_word' id='word_1_261' title='bbox 600 4043 772 4104; x_wconf 82' lang='lat' dir='ltr'>exercere,</span> <span class='ocrx_word' id='word_1_262' title='bbox 806 4043 880 4104; x_wconf 91' lang='lat' dir='ltr'>nos,</span> <span class='ocrx_word' id='word_1_263' title='bbox 908 4043 950 4087; x_wconf 92' lang='lat' dir='ltr'>ne</span> <span class='ocrx_word' id='word_1_264' title='bbox 965 4022 1209 4088; x_wconf 23' lang='lat' dir='ltr'>,Foroiuliensis</span> <span class='ocrx_word' id='word_1_265' title='bbox 1233 4025 1374 4090; x_wconf 87' lang='lat' dir='ltr'>eeclesia</span> <span class='ocrx_word' id='word_1_266' title='bbox 1396 4027 1530 4110; x_wconf 89' lang='lat' dir='ltr'>propter</span> <span class='ocrx_word' id='word_1_267' title='bbox 1557 4022 1617 4087; x_wconf 91' lang='lat' dir='ltr'>hoc</span> <span class='ocrx_word' id='word_1_268' title='bbox 1641 4023 1709 4108; x_wconf 90' lang='lat' dir='ltr'>pati</span> <span class='ocrx_word' id='word_1_269' title='bbox 1731 4028 1844 4109; x_wconf 89' lang='lat' dir='ltr'>posset</span> <span class='ocrx_word' id='word_1_270' title='bbox 1867 4020 2032 4087; x_wconf 87' lang='lat' dir='ltr'>deiectum</span> <span class='ocrx_word' id='word_1_271' title='bbox 2056 4022 2089 4084; x_wconf 91' lang='lat' dir='ltr'>in</span> 
     </span>
     <span class='ocr_line' id='line_1_32' title="bbox 434 4124 2089 4213; baseline -0.002 -23"><span class='ocrx_word' id='word_1_272' title='bbox 434 4125 657 4212; x_wconf 87' lang='lat' dir='ltr'>spiritualibus</span> <span class='ocrx_word' id='word_1_273' title='bbox 680 4132 714 4191; x_wconf 92' lang='lat' dir='ltr'>et</span> <span class='ocrx_word' id='word_1_274' title='bbox 737 4126 770 4190; x_wconf 89' lang='lat' dir='ltr'>in</span> <span class='ocrx_word' id='word_1_275' title='bbox 787 4126 1024 4213; x_wconf 88' lang='lat' dir='ltr'>temporalibus</span> <span class='ocrx_word' id='word_1_276' title='bbox 1040 4128 1210 4208; x_wconf 86' lang='lat' dir='ltr'>lesionem,</span> <span class='ocrx_word' id='word_1_277' title='bbox 1233 4127 1414 4192; x_wconf 83' lang='lat' dir='ltr'>venerabili</span> <span class='ocrx_word' id='word_1_278' title='bbox 1431 4127 1522 4190; x_wconf 87' lang='lat' dir='ltr'>iratri</span> <span class='ocrx_word' id='word_1_279' title='bbox 1538 4131 1650 4191; x_wconf 89' lang='lat' dir='ltr'>nostro</span> <span class='ocrx_word' id='word_1_280' title='bbox 1675 4177 1681 4190; x_wconf 94' lang='lat'>.</span> <span class='ocrx_word' id='word_1_281' title='bbox 1700 4175 1707 4190; x_wconf 91' lang='lat'><strong>.</strong></span> <span class='ocrx_word' id='word_1_282' title='bbox 1725 4124 1896 4190; x_wconf 83' lang='lat' dir='ltr'>Oressensi</span> <span class='ocrx_word' id='word_1_283' title='bbox 1919 4124 2089 4210; x_wconf 78' lang='lat' dir='ltr'>episeopo⁶</span> 
     </span>
     <span class='ocr_line' id='line_1_33' title="bbox 434 4226 2166 4320; baseline -0.003 -26"><span class='ocrx_word' id='word_1_284' title='bbox 434 4229 554 4320; x_wconf 89' lang='lat' dir='ltr'>nostris</span> <span class='ocrx_word' id='word_1_285' title='bbox 584 4229 731 4295; x_wconf 89' lang='lat' dir='ltr'>dedimus</span> <span class='ocrx_word' id='word_1_286' title='bbox 758 4229 876 4296; x_wconf 86' lang='lat' dir='ltr'>litteris</span> <span class='ocrx_word' id='word_1_287' title='bbox 904 4230 937 4294; x_wconf 91' lang='lat' dir='ltr'>in</span> <span class='ocrx_word' id='word_1_288' title='bbox 963 4230 1138 4312; x_wconf 88' lang='lat' dir='ltr'>mandatis,</span> <span class='ocrx_word' id='word_1_289' title='bbox 1173 4237 1209 4295; x_wconf 92' lang='lat' dir='ltr'>ut</span> <span class='ocrx_word' id='word_1_290' title='bbox 1244 4233 1271 4296; x_wconf 91' lang='lat' dir='ltr'>si</span> <span class='ocrx_word' id='word_1_291' title='bbox 1300 4252 1354 4296; x_wconf 89' lang='lat' dir='ltr'>res</span> <span class='ocrx_word' id='word_1_292' title='bbox 1383 4230 1493 4295; x_wconf 89' lang='lat' dir='ltr'>taliter</span> <span class='ocrx_word' id='word_1_293' title='bbox 1521 4251 1557 4296; x_wconf 90' lang='lat' dir='ltr'>se</span> <span class='ocrx_word' id='word_1_294' title='bbox 1580 4230 1733 4310; x_wconf 89' lang='lat' dir='ltr'>haberet,</span> <span class='ocrx_word' id='word_1_295' title='bbox 1767 4229 1990 4294; x_wconf 88' lang='lat' dir='ltr'>coadiutorem</span> <span class='ocrx_word' id='word_1_296' title='bbox 2025 4226 2087 4312; x_wconf 91' lang='lat' dir='ltr'>ipsi</span> <span class='ocrx_word' id='word_1_297' title='bbox 2140 4243 2166 4281; x_wconf 79' lang='lat'>³⁰</span> 
     </span>
     <span class='ocr_line' id='line_1_34' title="bbox 434 4329 2089 4420; baseline -0.002 -22"><span class='ocrx_word' id='word_1_298' title='bbox 434 4334 591 4420; x_wconf 89' lang='lat' dir='ltr'>episeopo</span> <span class='ocrx_word' id='word_1_299' title='bbox 614 4333 798 4420; x_wconf 89' lang='lat' dir='ltr'>deputaret.</span> <span class='ocrx_word' id='word_1_300' title='bbox 842 4333 887 4398; x_wconf 80' lang='lat' dir='ltr'>Et</span> <span class='ocrx_word' id='word_1_301' title='bbox 910 4334 986 4399; x_wconf 89' lang='lat' dir='ltr'>lieet</span> <span class='ocrx_word' id='word_1_302' title='bbox 1008 4334 1094 4401; x_wconf 91' lang='lat' dir='ltr'>idem</span> <span class='ocrx_word' id='word_1_303' title='bbox 1115 4335 1303 4400; x_wconf 73' lang='lat' dir='ltr'>crassensis</span> <span class='ocrx_word' id='word_1_304' title='bbox 1320 4335 1452 4400; x_wconf 86' lang='lat' dir='ltr'>fratrem</span> <span class='ocrx_word' id='word_1_305' title='bbox 1471 4334 1626 4398; x_wconf 89' lang='lat' dir='ltr'>Pontium</span> <span class='ocrx_word' id='word_1_306' title='bbox 1650 4334 1790 4420; x_wconf 90' lang='lat' dir='ltr'>priorem</span> <span class='ocrx_word' id='word_1_307' title='bbox 1812 4332 1950 4397; x_wconf 87' lang='lat' dir='ltr'>fratmm</span> <span class='ocrx_word' id='word_1_308' title='bbox 1972 4329 2089 4396; x_wconf 91' lang='lat' dir='ltr'>Predi-</span> 
     </span>
     <span class='ocr_line' id='line_1_35' title="bbox 434 4435 2090 4523; baseline -0.001 -21"><span class='ocrx_word' id='word_1_309' title='bbox 434 4443 581 4503; x_wconf 90' lang='lat' dir='ltr'>eatorum</span> <span class='ocrx_word' id='word_1_310' title='bbox 611 4435 867 4504; x_wconf 86' lang='lat' dir='ltr'>Massiliensium</span> <span class='ocrx_word' id='word_1_311' title='bbox 896 4439 1084 4504; x_wconf 87' lang='lat' dir='ltr'>huiusmodi</span> <span class='ocrx_word' id='word_1_312' title='bbox 1113 4441 1306 4504; x_wconf 86' lang='lat' dir='ltr'>anctoritate</span> <span class='ocrx_word' id='word_1_313' title='bbox 1340 4437 1486 4504; x_wconf 89' lang='lat' dir='ltr'>mandati</span> <span class='ocrx_word' id='word_1_314' title='bbox 1521 4438 1746 4503; x_wconf 88' lang='lat' dir='ltr'>coadiutorem</span> <span class='ocrx_word' id='word_1_315' title='bbox 1776 4436 1939 4523; x_wconf 88' lang='lat' dir='ltr'>deputarit</span> <span class='ocrx_word' id='word_1_316' title='bbox 1971 4436 2090 4517; x_wconf 91' lang='lat' dir='ltr'>eidem,</span> 
     </span>
     <span class='ocr_line' id='line_1_36' title="bbox 432 4531 2088 4630; baseline -0.001 -24"><span class='ocrx_word' id='word_1_317' title='bbox 432 4543 504 4629; x_wconf 92' lang='lat' dir='ltr'>ipso</span> <span class='ocrx_word' id='word_1_318' title='bbox 528 4548 637 4609; x_wconf 90' lang='lat' dir='ltr'>tamen</span> <span class='ocrx_word' id='word_1_319' title='bbox 660 4543 765 4629; x_wconf 90' lang='lat' dir='ltr'>priore</span> <span class='ocrx_word' id='word_1_320' title='bbox 789 4563 871 4608; x_wconf 90' lang='lat' dir='ltr'>onus</span> <span class='ocrx_word' id='word_1_321' title='bbox 894 4531 1079 4609; x_wconf 88' lang='lat' dir='ltr'>huiusmodi</span> <span class='ocrx_word' id='word_1_322' title='bbox 1096 4543 1262 4630; x_wconf 87' lang='lat' dir='ltr'>suscipere</span> <span class='ocrx_word' id='word_1_323' title='bbox 1285 4547 1454 4625; x_wconf 90' lang='lat' dir='ltr'>renuente,</span> <span class='ocrx_word' id='word_1_324' title='bbox 1478 4541 1585 4607; x_wconf 89' lang='lat' dir='ltr'>dictus</span> <span class='ocrx_word' id='word_1_325' title='bbox 1610 4540 1796 4606; x_wconf 81' lang='lat' dir='ltr'>Crassensis</span> <span class='ocrx_word' id='word_1_326' title='bbox 1825 4540 1856 4606; x_wconf 93' lang='lat' dir='ltr'>ei</span> <span class='ocrx_word' id='word_1_327' title='bbox 1878 4539 2088 4627; x_wconf 90' lang='lat' dir='ltr'>postmodum</span> 
     </span>
     <span class='ocr_line' id='line_1_37' title="bbox 433 4635 2088 4735; baseline -0.001 -25"><span class='ocrx_word' id='word_1_328' title='bbox 433 4645 474 4710; x_wconf 92' lang='lat' dir='ltr'>de</span> <span class='ocrx_word' id='word_1_329' title='bbox 497 4645 647 4712; x_wconf 88' lang='lat' dir='ltr'>adiutore</span> <span class='ocrx_word' id='word_1_330' title='bbox 670 4645 734 4713; x_wconf 89' lang='lat' dir='ltr'>alio</span> <span class='ocrx_word' id='word_1_331' title='bbox 755 4635 822 4712; x_wconf 88' lang='lat' dir='ltr'>bon</span> <span class='ocrx_word' id='word_1_332' title='bbox 846 4647 997 4735; x_wconf 88' lang='lat' dir='ltr'>providit,</span> <span class='ocrx_word' id='word_1_333' title='bbox 1021 4648 1054 4712; x_wconf 93' lang='lat' dir='ltr'>in</span> <span class='ocrx_word' id='word_1_334' title='bbox 1070 4669 1171 4734; x_wconf 81' lang='lat' dir='ltr'>grave</span> <span class='ocrx_word' id='word_1_335' title='bbox 1188 4648 1291 4735; x_wconf 89' lang='lat' dir='ltr'>ipsius</span> <span class='ocrx_word' id='word_1_336' title='bbox 1307 4648 1447 4714; x_wconf 87' lang='lat' dir='ltr'>ecclesie</span> <span class='ocrx_word' id='word_1_337' title='bbox 1464 4646 1708 4728; x_wconf 89' lang='lat' dir='ltr'>detrimentum,</span> <span class='ocrx_word' id='word_1_338' title='bbox 1733 4647 1818 4710; x_wconf 88' lang='lat' dir='ltr'>sicut</span> <span class='ocrx_word' id='word_1_339' title='bbox 1840 4666 1944 4732; x_wconf 86' lang='lat' dir='ltr'>nuper</span> <span class='ocrx_word' id='word_1_340' title='bbox 1967 4644 2088 4710; x_wconf 87' lang='lat' dir='ltr'>dilecto</span> 
     </span>
     <span class='ocr_line' id='line_1_38' title="bbox 432 4747 2165 4839; baseline -0.002 -25"><span class='ocrx_word' id='word_1_341' title='bbox 432 4749 499 4814; x_wconf 89' lang='lat' dir='ltr'>filio</span> <span class='ocrx_word' id='word_1_342' title='bbox 523 4749 648 4815; x_wconf 91' lang='lat' dir='ltr'>Oetone</span> <span class='ocrx_word' id='word_1_343' title='bbox 680 4750 828 4817; x_wconf 79' lang='lat' dir='ltr'>Fornarii</span> <span class='ocrx_word' id='word_1_344' title='bbox 858 4753 998 4818; x_wconf 90' lang='lat' dir='ltr'>ecclesie</span> <span class='ocrx_word' id='word_1_345' title='bbox 1030 4751 1176 4838; x_wconf 88' lang='lat' dir='ltr'>predicte</span> <span class='ocrx_word' id='word_1_346' title='bbox 1203 4753 1368 4839; x_wconf 88' lang='lat' dir='ltr'>preposito</span> <span class='ocrx_word' id='word_1_347' title='bbox 1396 4753 1490 4816; x_wconf 91' lang='lat' dir='ltr'>nobis</span> <span class='ocrx_word' id='word_1_348' title='bbox 1519 4751 1660 4816; x_wconf 90' lang='lat' dir='ltr'>innotuit</span> <span class='ocrx_word' id='word_1_349' title='bbox 1688 4753 1886 4836; x_wconf 83' lang='lat' dir='ltr'>exponente.</span> <span class='ocrx_word' id='word_1_350' title='bbox 1930 4747 2087 4814; x_wconf 87' lang='lat' dir='ltr'>Veientes</span> <span class='ocrx_word' id='word_1_351' title='bbox 2141 4761 2165 4800; x_wconf 69' lang='lat'>³11</span> 
     </span>
     <span class='ocr_line' id='line_1_39' title="bbox 432 4853 2088 4942; baseline -0.001 -25"><span class='ocrx_word' id='word_1_352' title='bbox 432 4853 532 4938; x_wconf 85' lang='lat' dir='ltr'>igitur</span> <span class='ocrx_word' id='word_1_353' title='bbox 559 4853 787 4941; x_wconf 87' lang='lat' dir='ltr'>indempnitati</span> <span class='ocrx_word' id='word_1_354' title='bbox 816 4854 965 4922; x_wconf 88' lang='lat' dir='ltr'>eiusdem</span> <span class='ocrx_word' id='word_1_355' title='bbox 997 4856 1138 4921; x_wconf 90' lang='lat' dir='ltr'>ecclesie</span> <span class='ocrx_word' id='word_1_356' title='bbox 1167 4862 1305 4942; x_wconf 90' lang='lat' dir='ltr'>peteme</span> <span class='ocrx_word' id='word_1_357' title='bbox 1334 4856 1552 4922; x_wconf 91' lang='lat' dir='ltr'>sollieitudine</span> <span class='ocrx_word' id='word_1_358' title='bbox 1581 4875 1774 4942; x_wconf 87' lang='lat' dir='ltr'>precavere,</span> <span class='ocrx_word' id='word_1_359' title='bbox 1805 4853 2004 4920; x_wconf 86' lang='lat' dir='ltr'>fraternitati</span> <span class='ocrx_word' id='word_1_360' title='bbox 2032 4858 2088 4917; x_wconf 88' lang='lat' dir='ltr'>tue</span> 
     </span>
     <span class='ocr_line' id='line_1_40' title="bbox 432 4956 2087 5047; baseline 0.001 -26"><span class='ocrx_word' id='word_1_361' title='bbox 432 4957 635 5042; x_wconf 90' lang='lat' dir='ltr'>mandamns,</span> <span class='ocrx_word' id='word_1_362' title='bbox 659 4961 810 5045; x_wconf 90' lang='lat' dir='ltr'>quatinus</span> <span class='ocrx_word' id='word_1_363' title='bbox 833 4960 1052 5047; x_wconf 90' lang='lat' dir='ltr'>personaliter</span> <span class='ocrx_word' id='word_1_364' title='bbox 1074 4959 1115 5026; x_wconf 89' lang='lat' dir='ltr'>ad</span> <span class='ocrx_word' id='word_1_365' title='bbox 1140 4961 1314 5026; x_wconf 88' lang='lat' dir='ltr'>eeclesiam</span> <span class='ocrx_word' id='word_1_366' title='bbox 1337 4961 1499 5047; x_wconf 86' lang='lat' dir='ltr'>prelatum</span> <span class='ocrx_word' id='word_1_367' title='bbox 1522 4958 1693 5041; x_wconf 88' lang='lat' dir='ltr'>accedens,</span> <span class='ocrx_word' id='word_1_368' title='bbox 1718 4959 1746 5022; x_wconf 90' lang='lat' dir='ltr'>si</span> <span class='ocrx_word' id='word_1_369' title='bbox 1764 4958 1824 5023; x_wconf 91' lang='lat' dir='ltr'>tibi</span> <span class='ocrx_word' id='word_1_370' title='bbox 1840 4958 2024 5024; x_wconf 89' lang='lat' dir='ltr'>constiterit</span> <span class='ocrx_word' id='word_1_371' title='bbox 2045 4956 2087 5022; x_wconf 93' lang='lat' dir='ltr'>de</span> 
     </span>
    </p>
   </div>
   <div class='ocr_carea' id='block_1_11' title="bbox 1244 5117 1920 5130">
    <p class='ocr_par' dir='ltr' id='par_1_14' title="bbox 1244 5117 1920 5130">
     <span class='ocr_line' id='line_1_41' title="bbox 1244 5117 1920 5130; baseline -0.009 0"><span class='ocrx_word' id='word_1_372' title='bbox 1244 5123 1312 5130; x_wconf 73' lang='lat'>-----</span> <span class='ocrx_word' id='word_1_373' title='bbox 1353 5124 1356 5128; x_wconf 91' lang='lat'>.</span> <span class='ocrx_word' id='word_1_374' title='bbox 1405 5123 1420 5128; x_wconf 87' lang='lat'>-.</span> <span class='ocrx_word' id='word_1_375' title='bbox 1440 5123 1448 5128; x_wconf 90' lang='lat'>.</span> <span class='ocrx_word' id='word_1_376' title='bbox 1464 5123 1530 5128; x_wconf 84' lang='grc'>-.---</span> <span class='ocrx_word' id='word_1_377' title='bbox 1548 5120 1852 5128; x_wconf 73' lang='grc'>....-...--.-,--...--</span> <span class='ocrx_word' id='word_1_378' title='bbox 1867 5117 1920 5125; x_wconf 80' lang='lat'>---</span> 
     </span>
    </p>
   </div>
   <div class='ocr_carea' id='block_1_12' title="bbox 536 5217 1090 5286">
    <p class='ocr_par' dir='ltr' id='par_1_15' title="bbox 536 5217 1090 5286">
     <span class='ocr_line' id='line_1_42' title="bbox 536 5217 1090 5286; baseline 0.007 -15"><span class='ocrx_word' id='word_1_379' title='bbox 536 5217 560 5286; x_wconf 78' lang='lat'>⁸)</span> <span class='ocrx_word' id='word_1_380' title='bbox 580 5237 616 5272; x_wconf 79' lang='lat' dir='ltr'>aa</span> <span class='ocrx_word' id='word_1_381' title='bbox 634 5238 686 5272; x_wconf 89' lang='lat' dir='ltr'>non</span> <span class='ocrx_word' id='word_1_382' title='bbox 704 5223 767 5274; x_wconf 88' lang='lat' dir='ltr'>obst.</span> <span class='ocrx_word' id='word_1_383' title='bbox 789 5243 821 5266; x_wconf 93' lang='lat'><strong><em>=</em></strong></span> <span class='ocrx_word' id='word_1_384' title='bbox 840 5240 892 5274; x_wconf 91' lang='lat' dir='ltr'>non</span> <span class='ocrx_word' id='word_1_385' title='bbox 910 5223 1090 5275; x_wconf 69' lang='lat' dir='ltr'>obstantibus!</span> 
     </span>
    </p>
   </div>
   <div class='ocr_carea' id='block_1_13' title="bbox 428 5351 2166 5776">
    <p class='ocr_par' dir='ltr' id='par_1_16' title="bbox 428 5351 2166 5606">
     <span class='ocr_line' id='line_1_43' title="bbox 537 5351 2089 5430; baseline -0.002 -20"><span class='ocrx_word' id='word_1_386' title='bbox 537 5357 562 5424; x_wconf 90' lang='lat'>1)</span> <span class='ocrx_word' id='word_1_387' title='bbox 581 5354 735 5426; x_wconf 74' lang='lat' dir='ltr'>Stetinpm.</span> <span class='ocrx_word' id='word_1_388' title='bbox 840 5361 866 5427; x_wconf 79' lang='lat'>2)</span> <span class='ocrx_word' id='word_1_389' title='bbox 887 5359 971 5428; x_wconf 63' lang='grc' dir='ltr'>ΟΜ).</span> <span class='ocrx_word' id='word_1_390' title='bbox 991 5367 1046 5429; x_wconf 77' lang='grc'><strong><em>195,</em></strong></span> <span class='ocrx_word' id='word_1_391' title='bbox 1064 5365 1118 5415; x_wconf 81' lang='lat' dir='ltr'>not.</span> <span class='ocrx_word' id='word_1_392' title='bbox 1136 5365 1301 5430; x_wconf 60' lang='grc'><strong><em>31111163,</em></strong></span> <span class='ocrx_word' id='word_1_393' title='bbox 1319 5365 1411 5417; x_wconf 64' lang='lat' dir='ltr'>nota</span> <span class='ocrx_word' id='word_1_394' title='bbox 1446 5357 1544 5416; x_wconf 79' lang='lat' dir='ltr'>Eidem</span> <span class='ocrx_word' id='word_1_395' title='bbox 1563 5354 1705 5412; x_wconf 80' lang='lat' dir='ltr'>Bertisoldo</span> <span class='ocrx_word' id='word_1_396' title='bbox 1718 5355 1834 5425; x_wconf 73' lang='lat' dir='ltr'>pacano</span> <span class='ocrx_word' id='word_1_397' title='bbox 1852 5369 1928 5423; x_wconf 79' lang='lat' dir='ltr'>papa</span> <span class='ocrx_word' id='word_1_398' title='bbox 1951 5351 1988 5408; x_wconf 82' lang='lat' dir='ltr'>od</span> <span class='ocrx_word' id='word_1_399' title='bbox 2000 5367 2089 5422; x_wconf 83' lang='lat' dir='ltr'>preces</span> 
     </span>
     <span class='ocr_line' id='line_1_44' title="bbox 433 5439 2166 5514; baseline -0.003 -16"><span class='ocrx_word' id='word_1_400' title='bbox 433 5439 581 5498; x_wconf 66' lang='lat' dir='ltr'>(idaeisnrdi</span> <span class='ocrx_word' id='word_1_401' title='bbox 597 5444 732 5511; x_wconf 75' lang='lat' dir='ltr'>capellani</span> <span class='ocrx_word' id='word_1_402' title='bbox 750 5445 802 5513; x_wconf 79' lang='lat' dir='ltr'>aci,</span> <span class='ocrx_word' id='word_1_403' title='bbox 818 5445 914 5511; x_wconf 71' lang='lat' dir='ltr'>fronte</span> <span class='ocrx_word' id='word_1_404' title='bbox 929 5445 1048 5500; x_wconf 75' lang='lat' dir='ltr'>Censorii</span> <span class='ocrx_word' id='word_1_405' title='bbox 1066 5452 1090 5502; x_wconf 82' lang='lat' dir='ltr'>et</span> <span class='ocrx_word' id='word_1_406' title='bbox 1103 5447 1216 5502; x_wconf 75' lang='lat' dir='ltr'>Hernici</span> <span class='ocrx_word' id='word_1_407' title='bbox 1234 5449 1359 5503; x_wconf 72' lang='lat' dir='ltr'>eamdam</span> <span class='ocrx_word' id='word_1_408' title='bbox 1376 5447 1409 5502; x_wconf 84' lang='lat' dir='ltr'>dc</span> <span class='ocrx_word' id='word_1_409' title='bbox 1421 5443 1546 5514; x_wconf 61' lang='lat' dir='ltr'>imbute,</span> <span class='ocrx_word' id='word_1_410' title='bbox 1565 5445 1621 5498; x_wconf 81' lang='lat' dir='ltr'>iam</span> <span class='ocrx_word' id='word_1_411' title='bbox 1638 5445 1688 5498; x_wconf 77' lang='lat' dir='ltr'>acb</span> <span class='ocrx_word' id='word_1_412' title='bbox 1700 5443 1768 5498; x_wconf 86' lang='lat' dir='ltr'>Nor.</span> <span class='ocrx_word' id='word_1_413' title='bbox 1783 5449 1813 5496; x_wconf 83' lang='lat'>19</span> <span class='ocrx_word' id='word_1_414' title='bbox 1823 5439 1960 5510; x_wconf 62' lang='lat' dir='ltr'>medam</span> <span class='ocrx_word' id='word_1_415' title='bbox 1970 5439 2088 5510; x_wconf 66' lang='lat' dir='ltr'>centiam</span> <span class='ocrx_word' id='word_1_416' title='bbox 2139 5455 2166 5494; x_wconf 82' lang='lat' dir='ltr'>so</span> 
     </span>
     <span class='ocr_line' id='line_1_45' title="bbox 428 5528 2087 5606; baseline -0.001 -24"><span class='ocrx_word' id='word_1_417' title='bbox 428 5528 544 5594; x_wconf 74' lang='lat' dir='ltr'>fecerats</span> <span class='ocrx_word' id='word_1_418' title='bbox 563 5529 661 5599; x_wconf 75' lang='lat' dir='ltr'>Bcryer</span> <span class='ocrx_word' id='word_1_419' title='bbox 672 5538 743 5586; x_wconf 80' lang='lat'><strong><em>2261.</em></strong></span> <span class='ocrx_word' id='word_1_420' title='bbox 778 5533 877 5589; x_wconf 82' lang='lat' dir='ltr'>Abbati</span> <span class='ocrx_word' id='word_1_421' title='bbox 890 5535 985 5589; x_wconf 66' lang='lat' dir='ltr'>Sanni</span> <span class='ocrx_word' id='word_1_422' title='bbox 999 5534 1072 5590; x_wconf 79' lang='lat' dir='ltr'>Galli</span> <span class='ocrx_word' id='word_1_423' title='bbox 1084 5537 1134 5590; x_wconf 82' lang='lat' dir='ltr'>aab</span> <span class='ocrx_word' id='word_1_424' title='bbox 1145 5553 1170 5589; x_wconf 86' lang='lat' dir='ltr'>a.</span> <span class='ocrx_word' id='word_1_425' title='bbox 1184 5533 1513 5605; x_wconf 57' lang='lat' dir='ltr'>recalcitremus</span> <span class='ocrx_word' id='word_1_426' title='bbox 1526 5531 1656 5587; x_wconf 66' lang='lat' dir='ltr'>mamere</span> <span class='ocrx_word' id='word_1_427' title='bbox 1667 5529 1765 5606; x_wconf 70' lang='lat' dir='ltr'>direxit</span> <span class='ocrx_word' id='word_1_428' title='bbox 1772 5548 1782 5598; x_wconf 91' lang='lat'>,·</span> <span class='ocrx_word' id='word_1_429' title='bbox 1793 5530 1892 5598; x_wconf 70' lang='lat' dir='ltr'>Repe·</span> <span class='ocrx_word' id='word_1_430' title='bbox 1904 5533 1970 5583; x_wconf 76' lang='lat'><strong><em>2363</em></strong></span> <span class='ocrx_word' id='word_1_431' title='bbox 1979 5532 2003 5582; x_wconf 84' lang='lat' dir='ltr'>et</span> <span class='ocrx_word' id='word_1_432' title='bbox 2012 5533 2087 5582; x_wconf 74' lang='lat'><em>2354.</em></span> 
     </span>
    </p>

    <p class='ocr_par' dir='ltr' id='par_1_17' title="bbox 430 5613 2086 5776">
     <span class='ocr_line' id='line_1_46' title="bbox 430 5613 2086 5694; baseline -0.008 -12"><span class='ocrx_word' id='word_1_433' title='bbox 430 5617 457 5682; x_wconf 84' lang='lat'>3)</span> <span class='ocrx_word' id='word_1_434' title='bbox 477 5617 649 5684; x_wconf 67' lang='lat' dir='ltr'>Biecbosma</span> <span class='ocrx_word' id='word_1_435' title='bbox 672 5619 702 5672; x_wconf 79' lang='lat' dir='ltr'>in</span> <span class='ocrx_word' id='word_1_436' title='bbox 728 5619 868 5690; x_wconf 73' lang='lat' dir='ltr'>lirarpaa,</span> <span class='ocrx_word' id='word_1_437' title='bbox 895 5623 943 5678; x_wconf 82' lang='lat' dir='ltr'>ubi</span> <span class='ocrx_word' id='word_1_438' title='bbox 964 5623 1044 5678; x_wconf 66' lang='lat' dir='ltr'>,sete</span> <span class='ocrx_word' id='word_1_439' title='bbox 1063 5625 1091 5693; x_wconf 70' lang='lat' dir='ltr'>sl.</span> <span class='ocrx_word' id='word_1_440' title='bbox 1113 5624 1144 5678; x_wconf 84' lang='lat' dir='ltr'>in</span> <span class='ocrx_word' id='word_1_441' title='bbox 1169 5623 1245 5678; x_wconf 73' lang='lat' dir='ltr'>Tiro</span> <span class='ocrx_word' id='word_1_442' title='bbox 1264 5625 1290 5694; x_wconf 68' lang='lat' dir='ltr'>(i.</span> <span class='ocrx_word' id='word_1_443' title='bbox 1314 5623 1470 5692; x_wconf 59' lang='lat' dir='ltr'>ostenditis.</span> <span class='ocrx_word' id='word_1_444' title='bbox 1580 5621 1607 5690; x_wconf 89' lang='lat'>4)</span> <span class='ocrx_word' id='word_1_445' title='bbox 1629 5619 1694 5674; x_wconf 77' lang='lat' dir='ltr'>Ricc</span> <span class='ocrx_word' id='word_1_446' title='bbox 1716 5616 1893 5672; x_wconf 66' lang='lat' dir='ltr'>incomitata</span> <span class='ocrx_word' id='word_1_447' title='bbox 1921 5613 2086 5668; x_wconf 69' lang='lat' dir='ltr'>Persianae.</span> 
     </span>
     <span class='ocr_line' id='line_1_47' title="bbox 431 5701 902 5776; baseline 0.011 -21"><span class='ocrx_word' id='word_1_448' title='bbox 431 5702 458 5774; x_wconf 75' lang='lat' dir='ltr'>b)</span> <span class='ocrx_word' id='word_1_449' title='bbox 477 5701 583 5772; x_wconf 66' lang='lat' dir='ltr'>Flijru.</span> <span class='ocrx_word' id='word_1_450' title='bbox 693 5707 723 5776; x_wconf 78' lang='lat' dir='ltr'>b)</span> <span class='ocrx_word' id='word_1_451' title='bbox 741 5708 902 5766; x_wconf 67' lang='lat' dir='ltr'>Bereniceo.</span> 
     </span>
    </p>
   </div>
   <div class='ocr_carea' id='block_1_14' title="bbox 0 0 2396 6328">
    <p class='ocr_par' dir='ltr' id='par_1_18' title="bbox 0 0 2396 6328">
     <span class='ocr_line' id='line_1_48' title="bbox 0 0 2396 6328; baseline 0 0"><span class='ocrx_word' id='word_1_452' title='bbox 0 0 2396 6328; x_wconf 95' lang='lat' dir='ltr'> </span> 
     </span>
    </p>
   </div>
  </div>
 </body>
</html>
