4790 6340
865 427 1062 482 llPlS'l'OLAE
1079 427 1269 484 sunderat.
1306 430 1382 484 1247.
1884 435 1947 497 319

302 605 410 662 vestra
449 600 619 664 sinceritas
659 601 826 666 habeatur.
884 601 1037 687 Alioquin
1068 602 1187 666 dilecto
1219 602 1284 665 filio
1311 651 1342 668 ..
1367 603 1497 668 abbati¹
1528 604 1569 670 de
1594 605 1801 690 Vrinilperc²
1824 605 1946 668 Cister-

302 701 421 765 oiensis
445 703 566 767 ordinis
591 705 854 768 Constantiensis
878 706 1019 770 diocesis
1054 707 1174 770 litteris
1202 707 1322 769 nostris
1355 707 1570 792 iniungimus,
1593 715 1628 770 ut
1651 729 1750 793 super
1773 707 1834 771 hoo
1857 729 1947 770 man-

302 803 413 869 datum
438 807 654 892 apostolieum
678 815 878 894 exequatur;
903 809 1159 874 contradictores
1184 815 1247 874 eto.

412 927 488 992 Dat.
511 927 675 1012 Lugduni,
691 927 721 991 V
737 929 815 996 Idus
839 928 1003 1010 Octobris,
1027 951 1112 995 anno
1128 930 1184 997 V0.

917 1195 951 1201 --
964 1195 1087 1202 .-.-...---
1142 1195 1325 1202 ...μ-ῃ...-

1084 1472 1171 1546 did.

240 1625 252 1661 ⁵
416 1585 627 1678 Irirroccntius
656 1613 713 1678 IV
726 1635 815 1694 popm
841 1615 1021 1694 praeposito
1053 1614 1195 1677 ccclesiae
1227 1613 1264 1677 dc
1296 1615 1423 1678 Minori
1456 1615 1563 1698 Aupiu
1590 1617 1733 1694 mutarint,
1761 1623 1796 1682 ut
1827 1637 1953 1716 cousque

303 1718 415 1781 audiat
442 1722 470 1780 et
492 1715 612 1779 decidrrl
641 1715 678 1780 dc
704 1715 889 1798 qriibrisdom
913 1715 1001 1779 bouis
1031 1718 1217 1781 mortustcrio
1239 1718 1276 1781 dc
1298 1717 1472 1800 Wcttiopca
1495 1741 1516 1780 u
1536 1719 1723 1803 [Ludowioo
1746 1721 1826 1806 ΙΙΙ]
1848 1720 1953 1786 cornito

304 1821 341 1884 dc
364 1821 506 1885 Froburc
528 1821 674 1896 venditis,
704 1841 783 1902 querc
805 1820 1029 1884 Horturunnos
1056 1818 1161 1905 frater
1183 1820 1401 1906 H[crnrurmi]
1422 1823 1541 1886 curritis·
1569 1823 1605 1886 do
1627 1823 1786 1889 Hornburc
1812 1827 1843 1887 vi
1869 1845 1954 1888 octru-

299 1925 435 2007 puoorit.
1609 1930 1702 2006 1247,
1728 1929 1793 1994 Oct.
1816 1933 1866 1990 11.

351 2129 383 2186 01
402 2044 475 2184 gage
489 2044 544 2184 1qu
559 2044 623 2112 Rep.
649 2043 703 2098 Vol.
724 2044 754 2111 I,
774 2053 836 2111 ivm
853 2044 912 2098 Inb.
931 2044 962 2112 V,
980 2051 1036 2100 306.
1090 2045 1251 2115 Exenmlur,
1279 2045 1349 2116 priori
1376 2046 1476 2116 Βῆριν
1502 2045 1592 2114 edidit,
1616 2062 1676 2100 cunr
1703 2046 1820 2118 Raqastie
1844 2047 1954 2102 eontulit

228 2151 254 2189 ro
313 2131 340 2184 V.
384 2173 389 2186 .
426 2173 431 2184 .
516 2131 581 2184 alte.

410 2218 514 2288 Βῆριν
530 2223 600 2272 3356.

405 2436 441 2452 ..
470 2381 702 2472 preposito
732 2380 939 2454 ecclesie
966 2382 1019 2454 de
1046 2381 1210 2454 Minori
1237 2382 1399 2474 Augia³
1423 2383 1867 2456 Promonstratensis

731 2503 898 2576 ordinis
925 2501 1305 2575 Constantiensis
1332 2503 1546 2577 diocesis.

414 2651 591 2736 Conquesti
616 2659 691 2717 sunt
714 2653 807 2717 nobis
824 2653 934 2718 dilecti
957 2653 1013 2717 tilii
1038 2703 1071 2719 ..
1094 2652 1196 2716 abbas
1220 2659 1253 2716 et
1275 2658 1454 2717 conventus
1470 2653 1659 2718 monasterii
1683 2651 1723 2716 de
1738 2653 1956 2736 Wettingen⁴

231 2779 256 2819 u
311 2753 539 2820 Cisterciensis
563 2757 695 2831 ordinis,
711 2757 797 2840 quod
821 2758 898 2822 licet
921 2757 1039 2821 nobilis
1056 2758 1105 2820 vir
1131 2806 1163 2822 ..
1188 2777 1297 2820 comes
1322 2755 1361 2820 de
1377 2756 1540 2821 Froburo⁵
1558 2756 1715 2842 quasdam
1730 2757 1955 2845 possessiones

309 2879 381 2922 oum
410 2861 616 2946 pertinentiis
649 2861 826 2926 earundem
848 2883 886 2926 ao
910 2883 962 2925 res
987 2863 1084 2940 alias,
1115 2871 1199 2945 que¹¹
1224 2861 1254 2922 in
1284 2861 1359 2924 villa
1389 2859 1429 2923 de
1452 2860 1690 2925 Arueuestorf⁰
1713 2867 1882 2945 spectante
1916 2859 1956 2924 ad

309 2963 416 3048 ipsum
451 2963 575 3028 eisdem
609 2986 771 3030 consensu
805 2965 998 3030 dilectorum
1037 2965 1177 3029 filiorum
1212 2963 1251 3026 R.
1283 2964 1440 3049 prepositi
1469 2962 1711 3047 Boningensisl
1734 2985 1773 3027 ao
1802 2963 1957 3027 nobilium

309 3067 449 3131 virorum
474 3067 518 3134 ΙΙ.
539 3069 667 3133 comitis
691 3070 731 3134 de
755 3069 943 3136 Homberc⁸
966 3076 999 3133 et
1020 3068 1227 3144 Hertmanni,
1250 3075 1400 3131 natorum
1424 3067 1526 3154 ipsius
1536 3068 1557 3148 ⁹,
1582 3088 1641 3153 pro
1665 3075 1754 3132 certa
1777 3066 1959 3131 vendiderit

311 3170 450 3256 pecunie
474 3174 671 3256 quantitate,
695 3181 804 3238 tamen
829 3173 934 3237 dietus
958 3172 1183 3236 Hartmannus
1210 3171 1355 3258 prefatas
1385 3172 1611 3256 possessiones
1644 3177 1677 3235 et
1703 3170 1789 3234 bona
1818 3192 1876 3257 pro
1899 3190 1957 3233 sue

312 3273 487 3338 voluntatis
522 3276 654 3340 arbitrio
684 3297 744 3362 per
772 3276 958 3342 violentiam
987 3276 1157 3362 occupavit
1187 3282 1220 3338 et
1256 3282 1370 3338 contra
1397 3274 1552 3338 iustitiam
1580 3274 1706 3340 detinet
1738 3278 1896 3359 occupata
1925 3271 1957 3333 in

312 3397 423 3441 eorum
452 3380 664 3462 preiudioium
693 3389 727 3444 et
753 3401 939 3466 gravamen.
1000 3379 1081 3444 Cum
1120 3381 1231 3464 itaqua
1270 3379 1421 3462 religiosa
1450 3380 1524 3442 loca
1556 3399 1614 3465 per
1646 3378 1805 3443 auxilium
1834 3374 1954 3439 favoris

311 3480 482 3566 apostolici
511 3481 627 3548 deceat
654 3485 686 3548 in
715 3484 989 3570 oportunitatibus
1019 3483 1174 3563 relevari,
1201 3481 1410 3559 mandamus,
1436 3483 1604 3566 quatinus,
1630 3483 1657 3545 si
1680 3485 1731 3545 est
1754 3481 1815 3556 ito,
1839 3477 1956 3543 dietisb

312 3583 452 3649 abbate⁰
476 3591 510 3650 et
533 3592 704 3668 conventu,
729 3589 812 3652 siout
835 3589 955 3653 iustum
977 3587 1091 3666 luerit,
1120 3586 1161 3652 ad
1192 3586 1299 3650 omnia
1328 3585 1477 3671 predicta
1504 3585 1591 3650 bona
1617 3585 1766 3670 primitus
1790 3583 1959 3658 restitutis,

314 3688 429 3752 audias
454 3709 587 3754 oausam
611 3695 643 3754 et
667 3692 887 3777 appellatione
911 3698 1036 3756 remota
1058 3689 1170 3755 debito
1192 3689 1258 3752 fine
1274 3687 1418 3768 decidas,
1434 3688 1560 3753 faciens
1581 3687 1665 3773 quod
1680 3687 1866 3752 decreveris
1883 3692 1960 3758 eto.;

249 3835 261 3872 5
314 3793 444 3877 proviso
468 3813 508 3856 no
532 3793 565 3857 in
589 3801 675 3858 terra
698 3795 775 3858 dioti
799 3795 918 3860 nobilis
942 3801 1021 3866 eto.;
1052 3830 1091 3841 -
1122 3793 1220 3857 nullis
1249 3793 1367 3856 litteris
1396 3792 1602 3857 obstantibus
1626 3792 1753 3855 veritati
1776 3797 1809 3856 et
1836 3789 1960 3853 iustitie

315 3897 594 3983 preiudicantibus
618 3920 715 3984 super
738 3900 799 3962 hoo
823 3921 843 3962 a
866 3899 944 3963 sede
969 3897 1149 3985 apostolica
1171 3898 1363 3983 impetratis.
1409 3896 1527 3962 Testes
1551 3902 1660 3960 autem
1684 3901 1745 3960 eto.

424 4017 500 4083 Dat.
524 4017 686 4104 Lugduni,
703 4017 733 4081 V
749 4018 797 4084 Id.
821 4019 894 4086 Oct.
917 4041 1001 4085 anno
1018 4019 1073 4085 V0.

1085 4565 1173 4637 443.

422 4682 640 4776 Innocentius
666 4710 691 4773 Ι
694 4708 722 4771 V
736 4727 825 4788 popo
858 4705 1024 4790 Hatram]
1047 4704 1159 4769 Sancti
1187 4702 1315 4786 Georpii
1345 4701 1388 4765 od
1410 4701 1516 4766 Votum
1539 4700 1681 4764 Aureum
1707 4700 1872 4764 diaconum
1895 4720 1963 4763 mr-

320 4814 466 4891 diuolom,
491 4815 676 4894 apiostolicoc
697 4813 780 4878 sedis
808 4811 951 4893 lepotum,
977 4809 1064 4890 opud
1086 4805 1321 4892 W[illrclmum]
1342 4827 1440 4888 repam
1464 4804 1678 4869 Rmnoaormu
1704 4803 1847 4869 laborare
1874 4803 1966 4878 iubat,

243 4961 269 4998 aa
322 4925 356 4983 ut
378 4918 617 5002 H[artmoano]
639 4921 667 4980 ct
689 4915 928 5001 H[ortmauno]
950 4913 1111 4978 comitibus
1143 4911 1180 4976 dc
1211 4909 1336 4994 Kibarp
1364 4909 1533 4992 pecaniam
1566 4930 1587 4971 a
1614 4907 1770 4989 quoddam
1792 4904 1966 4990 H[carioo]

1326 5053 1376 5058 —-
1456 5053 1463 5058 .
1475 5053 1488 5058 -
1505 5052 1526 5056 .-
1536 5049 1861 5057 —--.——.——...-..-—-

424 5147 448 5212 ι)
466 5147 503 5198 aa
520 5146 553 5197 n.
658 5145 684 5210 b)
702 5145 746 5196 aar
764 5143 796 5193 a.
901 5139 925 5202 ο)
942 5139 1029 5190 asaia
1047 5155 1114 5190 aar.
1131 5137 1233 5190 isus.

426 5265 452 5330 1)
471 5265 596 5320 Haurioo.
701 5263 729 5330 2)
749 5259 916 5328 Fricnislurp
941 5273 974 5311 aa
994 5271 1045 5311 oce.
1063 5255 1109 5309 cis.
1135 5256 1219 5309 Rern.
1331 5253 1358 5320 3)
1378 5252 1408 5305 E
1427 5267 1489 5305 mor.
1513 5267 1583 5305 mon.
1602 5249 1778 5318 Wsiaporten.
1886 5248 1913 5313 4)
1932 5245 1968 5298 ra

322 5352 408 5406 Kant.
437 5353 558 5420 Aurpau,
587 5350 663 5416 infra
696 5349 835 5416 Termini.
939 5346 967 5410 5)
987 5345 1022 5397 Iu
1045 5341 1131 5396 Kant.
1160 5340 1315 5406 sibilium,
1343 5355 1377 5392 ea
1402 5354 1451 5392 occ.
1475 5337 1523 5392 cio.
1544 5335 1628 5390 Oltea.
1733 5339 1759 5402 6)
1778 5333 1967 5400 Arriolucstorf,

322 5437 455 5505 Arisdorf
473 5454 557 5506 prope
576 5438 674 5504 Adpo,
700 5450 732 5488 aa
760 5449 798 5487 or.
823 5432 871 5486 cis.
890 5430 1057 5485 Basiliensis.
1163 5429 1190 5495 7)
1209 5425 1330 5495 Bdnipm
1351 5441 1383 5478 aa
1407 5440 1445 5477 or.
1463 5424 1510 5477 cie.
1530 5422 1690 5477 liuor-arten.
1793 5423 1820 5486 8)
1840 5419 1888 5472 Ex
1904 5423 1969 5486 sept.

246 5546 271 5584 aa
324 5531 347 5580 et
365 5541 415 5579 ooo.
432 5523 512 5578 distri
530 5523 660 5590 Froburp.
766 5521 792 5588 a)
815 5519 879 5572 Sirra
897 5517 978 5572 dubio
996 5517 1125 5572 Iatdordei
1141 5514 1242 5569 comitia
1258 5512 1291 5567 de
1309 5511 1439 5579 Frobe-ro,
1456 5511 1501 5564 oui
1519 5515 1571 5564 tres
1586 5509 1638 5577 filii
1655 5513 1738 5576 aaut,
1752 5507 1927 5561 Hotomanus
1944 5510 1969 5558 et

324 5613 517 5666 Hammoniaca
535 5609 597 5663 rasta
614 5613 637 5662 ct
657 5605 803 5673 Rridolfus,
821 5621 896 5674 quem
910 5603 1091 5672 praepos-itum
1108 5601 1301 5671 adaperuere,
1320 5603 1412 5666 postea
1430 5596 1604 5650 Beronum
1620 5611 1724 5663 qwqua
1745 5593 1830 5660 saissa
1846 5591 1970 5662 topiorum·

324 5701 356 5770 cs.
375 5717 419 5771 op.
442 5697 581 5764 Trooillat,
601 5695 773 5750 illorucrnenta
790 5698 835 5748 etc.
854 5693 886 5748 do
905 5693 977 5759 Bate,
996 5697 1012 5745 t.
1033 5690 1072 5759 II,
1090 5687 1171 5742 indic.
1187 5705 1216 5756 p.
1236 5693 1279 5740 791
1297 5689 1319 5738 et
1338 5683 1460 5754 liparae
1474 5701 1502 5752 p.
1522 5689 1560 5750 69,
1582 5689 1627 5736 158
1644 5688 1667 5736 et
1686 5687 1739 5736 168.
