4798 6332
851 406 1051 472 arrsronsa
1069 405 1258 470 censeres.
1295 410 1371 470 raca
1900 415 1941 482 99

287 587 518 676 defendendam
539 584 633 676 infre
656 595 773 656 certam
796 591 964 656 termium
991 589 1146 656 accederet
1166 589 1214 654 cet
1241 589 1346 670 'iliam
1372 607 1464 654 suom
1490 589 1637 668 mitteret,
1666 609 1734 655 cum
1760 590 1856 670 ideae,
1885 591 1943 654 dia

285 699 464 776 expectatus
480 699 555 778 post
576 695 752 774 tereticam,
773 715 829 760 acc
850 695 918 776 ipsc
942 694 1061 760 veneat
1082 713 1139 758 aec
1157 693 1263 775 filiunt
1284 692 1497 773 destinaverit,
1519 693 1660 760 absolvit.

1588 799 1682 878 1245,
1704 800 1787 882 App.
1802 802 1856 864 21.

392 898 455 952 na
469 899 518 952 rr
532 899 597 970 aa.
612 900 667 955 roz.
681 901 705 968 r,
721 909 781 968 aa·
799 871 932 969 nerra
950 908 991 956 es.
1027 900 1130 955 Perae
1153 903 1296 970 aeaeae,
1319 902 1468 970 appiaco
1490 917 1523 954 a
1546 902 1636 972 aare
1656 905 1730 958 een.
1753 904 1809 957 ece.
1828 920 1854 956 a.
1868 909 1942 970 ner,

287 989 355 1053 §81,
373 985 536 1039 coaetanea
553 1002 614 1040 cam
636 987 760 1054 Tbeiaer,
780 987 856 1040 Mon.
874 987 1002 1056 Harrpar.
1020 992 1038 1041 t.
1053 987 1075 1056 1,
1089 1005 1118 1056 p.
1132 995 1185 1056 199,
1204 1005 1231 1041 a.
1243 993 1298 1042 369.

392 1072 528 1141 Potthast,
549 1072 615 1142 Rep.
630 1080 724 1142 11827,·
742 1071 845 1143 Bcrper
857 1080 930 1129 1420.

811 1275 851 1294 ..
879 1219 977 1312 regi
1003 1217 1199 1310 Ungarie
1232 1218 1427 1294 illustri.

398 1350 503 1436 Regia
532 1350 745 1416 sublimitatis
773 1356 925 1436 prompta
952 1349 1100 1429 devotio,
1134 1370 1198 1434 qua
1226 1349 1392 1414 Christum
1421 1359 1454 1416 et
1483 1351 1657 1416 ecclesiam
1689 1373 1842 1438 sponsam
1873 1354 1944 1418 eius

290 1454 402 1519 debita
435 1455 684 1520 honorificentia
717 1455 898 1534 veneraris,
937 1453 1036 1538 digne
1070 1456 1206 1540 requirit
1239 1476 1277 1520 ac
1310 1455 1519 1521 laudabiliter
1553 1461 1766 1541 promeretur,
1800 1462 1836 1520 ut
1870 1458 1944 1534 tuis,

291 1565 448 1643 quantum
478 1579 551 1622 eum
574 1558 647 1623 Deo
676 1579 864 1643 possumus,
897 1549 1110 1643 petitionibus
1140 1579 1339 1640 annuamus,
1370 1561 1431 1625 tibi
1461 1559 1576 1624 deberi
1607 1559 1724 1624 merito
1755 1565 1945 1645 reputantes

290 1661 444 1748 quicquid
471 1662 668 1727 excellentie
699 1668 755 1726 tue
784 1661 944 1748 impertiri
974 1682 1146 1748 possumus
1177 1663 1282 1747 gratie
1314 1684 1351 1726 ae
1380 1662 1513 1727 favoris.
1558 1661 1612 1726 Ex
1639 1669 1757 1749 parte·
1784 1662 1945 1749 siquidem

290 1773 347 1830 tua
368 1766 430 1830 fuit
451 1766 656 1851 propositum
679 1785 789 1831 eoram
811 1765 918 1846 nobis,
942 1766 1027 1851 quod
1051 1787 1125 1830 curn
1150 1767 1227 1831 olim
1249 1787 1353 1851 regno
1369 1766 1513 1852 Ungarie
1538 1766 1736 1853 depopulato
1761 1767 1945 1832 abarbaris

290 1870 477 1934 nationibus
501 1874 535 1933 et
557 1867 598 1934 ab
622 1869 830 1934 Tartarorum
861 1869 1069 1955 tyrampnide
1093 1889 1178 1956 pene
1206 1871 1338 1954 penitus
1369 1870 1542 1935 devastato
1571 1871 1782 1956 permittente
1805 1870 1946 1935 Domino

292 1973 346 2037 vel
368 1973 517 2052 iubente,
548 1972 667 2036 timens
690 1993 731 2037 ne
755 1994 892 2057 regnum
916 1973 1023 2059 ipsum
1047 1973 1088 2037 ad
1112 1974 1388 2038 exinanitionem⁰
1410 1974 1560 2038 ultimam
1584 1973 1772 2054 deveniret,
1797 1994 1835 2038 ac
1858 1974 1946 2038 desi·

292 2077 411 2142 derans
444 2083 480 2142 ut
513 2077 616 2163 ipsius
651 2077 788 2162 reliquie
823 2078 913 2141 salve
948 2076 1070 2158 forent,
1104 2076 1143 2143 F.
1171 2077 1335 2162 quondam
1369 2079 1558 2163 imperatori
1593 2079 1654 2146 sub
1689 2099 1730 2142 aa
1762 2076 1948 2142 conditione

291 2181 473 2266 prestiteris
509 2181 652 2266 homagii
689 2181 922 2261 iuramentum,
959 2188 995 2244 ut
1029 2180 1116 2245 idem
1146 2180 1178 2245 in
1210 2203 1348 2267 regnum
1378 2187 1470 2246 tuum
1498 2181 1540 2247 ad
1572 2180 1813 2247 defendendum
1842 2181 1947 2266 ipsum

292 2290 408 2348 eontra
436 2282 660 2368 predictorum
687 2283 845 2369 impetum
868 2283 1081 2348 Tartarorum
1112 2284 1197 2348 infra
1229 2289 1353 2349 certum
1388 2286 1562 2350 terminum
1592 2291 1745 2371 potenter
1776 2283 1949 2349 accederet

290 2389 343 2452 vel
365 2387 442 2451 illue
464 2408 559 2451 suum
581 2387 683 2451 lilium
713 2386 894 2452 destinaret
904 2388 926 2468 ¹,
960 2387 1046 2452 idem
1069 2387 1123 2469 1⁴¹,
1152 2388 1208 2452 diu
1233 2395 1428 2474 expectatus
1452 2396 1524 2474 post
1547 2389 1742 2470 terminum,
1772 2409 1833 2454 nec
1857 2387 1949 2453 venit

294 2511 354 2554 nee
377 2491 455 2555 illuc
477 2491 580 2554 filium
603 2512 708 2569 suum,
731 2496 768 2554 ut
789 2492 991 2576 promiserat,
1016 2492 1202 2557 destinavit.
1242 2491 1351 2567 Quare
1375 2492 1469 2558 nobis
1494 2493 1661 2558 humiliter
1684 2493 1888 2578 supplicasti,
1909 2497 1947 2554 ut

215 2620 222 2636 ⁸
293 2617 335 2659 ne
358 2595 421 2658 hac
445 2596 616 2659 occasione
639 2594 672 2658 in
696 2602 728 2659 te
745 2595 796 2658 vel
820 2615 957 2679 regnum
981 2601 1072 2659 tuum
1095 2597 1200 2682 possit
1216 2618 1235 2660 a
1250 2597 1397 2662 Romano
1421 2597 1560 2682 imperio
1583 2597 1706 2682 aliquid
1730 2597 1763 2661 in
1779 2601 1948 2682 posterum

296 2698 475 2780 vendicari,
515 2698 690 2786 providere
729 2698 961 2785 indempnitati
1000 2708 1056 2766 tue
1094 2722 1193 2786 super
1225 2701 1287 2765 hoc
1321 2705 1460 2788 palerna
1493 2700 1714 2766 sollieitudine
1751 2718 1949 2765 curaremus.

294 2802 516 2867 Attendentes
538 2802 638 2888 igitur
661 2802 757 2888 quod,
782 2803 934 2888 quotiens
958 2804 1080 2888 aliquid
1104 2806 1166 2869 sub
1191 2804 1377 2869 conditione
1400 2803 1600 2881 conceditur,
1624 2824 1689 2868 non
1713 2807 1847 2867 extante
1870 2821 1949 2865 eon-

295 2906 436 2986 ditione,
460 2905 598 2991 perinde
621 2927 660 2970 ac
683 2907 710 2971 si
734 2928 928 2972 concessum
952 2928 1017 2972 non
1041 2908 1153 2989 fuerit,
1177 2908 1219 2974 sit
1242 2908 1445 2989 habendum,
1470 2907 1717 2973 considerantes
1740 2906 1840 2971 etiam
1864 2903 1950 2991 quod

296 3032 360 3074 non
383 3016 436 3075 est
458 3016 696 3095 conquassatus
719 3011 865 3074 calamus
889 3010 1108 3076 conterendus
1131 3033 1193 3077 nec
1223 3011 1324 3077 debet
1352 3012 1482 3077 afflictis
1510 3011 1643 3076 afflictio
1671 3009 1861 3095 superaddi,
1892 3007 1950 3072 sed
1965 3028 2080 3080 asae.

233 3161 236 3172 ·
296 3113 358 3180 eod
382 3120 459 3178 sunt
486 3114 550 3178 illis
574 3114 785 3179 humanitatis
809 3115 927 3180 solatia
956 3114 1191 3201 impendenda,
1225 3136 1288 3199 quo
1311 3116 1482 3200 urgentius
1505 3113 1772 3180 miserationibus
1802 3113 1950 3198 indigent

296 3218 427 3300 alienis,
460 3225 497 3282 ut
526 3217 791 3283 misericordibus
822 3219 956 3283 uberior
984 3217 1059 3283 inde
1091 3226 1218 3284 crescat
1246 3219 1395 3283 cumulus
1418 3218 1623 3298 meritorum,
1653 3225 1687 3282 et
1709 3216 1851 3282 maxime
1874 3216 1951 3301 quia

296 3320 462 3407 predictus
489 3321 527 3385 Il.
550 3320 592 3384 ad
620 3320 652 3385 id
683 3321 766 3386 sicut
794 3327 828 3386 et
857 3321 1034 3386 Christiani
1064 3323 1181 3400 ceteri,
1218 3321 1362 3386 dictante
1393 3321 1455 3386 hoc
1486 3326 1603 3384 natura
1632 3321 1825 3402 cuiuslibet,
1857 3327 1952 3384 teue-

296 3424 401 3502 batur,
422 3430 559 3511 propter
581 3424 667 3509 quod
690 3445 754 3489 non
778 3431 850 3488 erat
872 3423 914 3488 ad
937 3424 1016 3488 illud
1040 3425 1203 3510 stipendio
1228 3424 1474 3490 conducendus:
1497 3431 1531 3490 te
1556 3423 1744 3489 huiusmodi
1766 3425 1950 3487 iuramento

299 3534 332 3592 et
363 3528 515 3612 homagio
545 3527 586 3593 de
619 3528 755 3592 fratrum
787 3534 970 3592 nostrorum
1001 3528 1136 3592 consilio
1168 3528 1396 3592 denuntiamus
1428 3528 1624 3592 auctoritate
1655 3528 1858 3616 presentium
1889 3546 1970 3589 non,

298 3632 417 3712 teneri,
441 3631 486 3694 ita
510 3629 597 3716 quod
619 3631 681 3696 hac
705 3631 879 3696 occasione
903 3631 1001 3695 nichil
1025 3633 1058 3696 in
1082 3638 1115 3696 te
1139 3632 1192 3696 vel
1215 3637 1290 3695 tuos
1314 3651 1521 3695 successores
1545 3636 1601 3694 aut
1624 3651 1762 3715 regnum
1786 3631 1891 3716 possit
1913 3630 1954 3694 ab

299 3736 407 3820 aliquo
442 3735 509 3800 ullo
543 3755 686 3820 unquam
720 3741 869 3820 tempore
904 3734 1080 3800 vendicari.
1131 3735 1223 3800 Nulli
1255 3756 1335 3820 ergo
1363 3741 1424 3800 etc.
1459 3740 1569 3799 nostre
1604 3733 1860 3799 denuntiationis
1891 3739 1955 3798 ete.

302 3837 335 3901 si
359 3839 432 3923 quis
455 3845 518 3903 etc.

408 3943 485 4006 Dat.
511 3939 675 4026 Lugduni,
699 3941 767 4005 XII
792 3941 868 4006 Kal.
893 3941 1080 4028 Septembr.
1105 3963 1191 4008 anno
1214 3943 1323 4006 tertio.

1091 4363 1174 4435 lae.
1273 4409 1276 4423 ι

405 4460 623 4552 haerereticis
643 4483 700 4549 IV
718 4505 808 4568 popa
835 4485 1021 4570 [Philippo]
1050 4486 1143 4550 electo
1169 4465 1376 4551 Ferrarieasi
1411 4485 1455 4550 ad
1479 4504 1588 4566 preces
1615 4483 1795 4570 [docendi]
1824 4483 1958 4564 episcopi

301 4589 519 4671 Frisiapeasis
540 4593 569 4652 et
591 4587 734 4674 [Utrici]
755 4590 842 4654 electi
864 4590 1066 4656 Secowicasis
1087 4589 1233 4666 mandat,
1262 4593 1298 4652 at
1320 4610 1388 4654 carc
1416 4589 1522 4654 Utrico
1544 4588 1722 4652 meretriceo
1743 4587 1781 4652 ete
1802 4587 1958 4670 Barpoccc

300 4696 329 4755 ct
355 4711 459 4757 sorore
485 4692 626 4758 Oeae-cdi
652 4697 682 4755 ct
702 4691 838 4757 Hearici
866 4695 1010 4758 coendum
1038 4693 1075 4756 dc
1103 4691 1206 4757 Urech
1237 4692 1406 4775 disperaset,
1437 4696 1473 4755 at
1500 4692 1536 4755 in
1559 4690 1758 4756 patrimonio
1775 4711 1838 4773 pro
1859 4688 1958 4774 refor-

300 4794 436 4859 matione
451 4797 545 4877 pacis
566 4799 730 4874 contracto,
753 4800 868 4878 quarte
892 4795 1179 4878 eoasaapuinitctis
1201 4795 1287 4860 tinec
1308 4814 1373 4859 aea
1395 4795 1543 4873 obstante,
1566 4797 1759 4860 rcamaceat.

1602 4899 1695 4976 1245,
1717 4898 1802 4980 Aa.
1819 4900 1874 4965 er.

406 4999 469 5055 Iaca
482 4999 531 5054 IV
547 4999 609 5070 liep.
628 5001 681 5055 Vol.
697 4999 722 5068 I,
739 5007 801 5068 295,-
822 5001 882 5056 La.
899 5001 958 5070 HI,
980 5005 1021 5055 87.
1057 5001 1208 5069 Exemplar
1229 5019 1247 5054 a
1265 5000 1367 5069 Berper
1394 5000 1494 5056 editam
1520 5016 1579 5054 cerm
1601 5000 1718 5070 Repastis
1744 4999 1856 5053 eorctdit
1878 5005 1903 5051 et
1926 5013 1960 5052 aa

225 5105 252 5142 eo
303 5087 342 5139 eis
358 5087 487 5155 amplecti
505 5087 535 5141 V.
550 5085 590 5141 Gt.
604 5089 638 5142 A.
653 5087 732 5142 Marc.
762 5087 844 5141 Hanc
861 5105 899 5156 ep.
918 5093 941 5140 et
959 5089 1061 5157 aliquot
1075 5089 1152 5157 olias,
1167 5089 1324 5158 promotae
1335 5089 1373 5142 red
1383 5106 1426 5142 res
1440 5088 1601 5144 amanter
1611 5086 1792 5142 macerate
1803 5091 1827 5139 et
1836 5085 1959 5154 partium

305 5171 501 5226 semaam
517 5177 670 5243 qreaaates,
690 5191 758 5244 pecs
772 5174 893 5228 Patriae
910 5190 967 5228 aaa
984 5174 1127 5245 deprimit,
1145 5191 1195 5228 aas
1213 5176 1363 5244 emmas,
1380 5176 1447 5244 quera
1464 5193 1483 5227 e
1501 5175 1580 5228 aetas
1592 5173 1720 5243 partios
1737 5169 1846 5240 paidom
1862 5171 1961 5225 motas

303 5263 326 5312 ct
339 5259 456 5328 praelat
473 5265 539 5312 tane
555 5260 678 5330 maisit,
697 5261 828 5314 induant.

407 5345 506 5415 Berper
518 5353 590 5400 1447.

408 5539 433 5602 ⁸)
447 5541 486 5590 Ex
504 5547 575 5607 parto
593 5566 626 5575 -
645 5540 784 5592 destinavit
802 5559 833 5592 ere
846 5541 930 5608 Rapa.
1000 5540 1027 5607 ¹³)
1045 5542 1086 5602 Τ.;
1104 5560 1119 5594 a
1137 5543 1205 5594 deest
1218 5544 1302 5610 Rapa.
1373 5541 1397 5607 ο)
1415 5541 1629 5592 examinationem
1647 5539 1673 5589 Τ.
1744 5537 1769 5605 d)
1789 5540 1961 5606 applaudunt

230 5619 280 5679 ⁴5⁸
307 5633 342 5674 eet
359 5626 440 5692 magis
457 5627 498 5678 vet
515 5627 566 5678 tate
584 5626 692 5692 niiqreid.

410 5743 436 5809 1)
456 5742 496 5810 er.
516 5743 750 5814 casm-erae,
769 5747 785 5800 r.
798 5763 820 5800 ο.
839 5751 905 5800 sno
922 5751 946 5800 e
963 5751 1034 5800 sen.

1701 5838 1754 5894 13*
